3900 6128
110 268 193 344 rost
876 279 907 342 s.
930 261 1152 343 ausaosu.

113 479 178 534 stus
193 477 292 549 puniri
307 493 344 534 ex
368 478 435 552 legs
456 478 518 537 'nou
532 496 643 553 passus
668 482 724 551 est,
741 479 791 536 isti
807 479 950 535 minorem
967 452 1108 550 duperia
1123 478 1282 549 praesentis
1306 478 1428 536 Sabheti
1450 478 1585 551 spiritale
1610 477 1721 537 Sabou

111 582 267 623 numerum
282 573 423 623 asserunt
437 585 507 626 esse
526 569 672 641 punitum.
1008 568 1169 638 nuntiavit3
1195 568 1283 622 trium
1308 568 1422 623 dierum
1439 569 1578 642 purgatio
1599 568 1721 625 secund

146 656 173 712 l.
190 657 227 710 at
241 671 300 727 quo
315 656 373 712 loci
398 657 454 712 boc
474 658 588 731 judicat
610 658 773 714 Christus?
796 659 871 714 Nam
886 658 950 728 ple·
1008 656 1087 726 liam,
1106 671 1172 727 quae
1189 655 1344 728 Evangelii
1367 657 1576 713 testificatione
1602 658 1721 730 signata

111 761 236 817 rumque
261 747 425 802 seeundum
449 747 605 819 qualitates
630 748 763 803 locorum
787 748 818 802 in
839 748 949 819 quibus
1010 745 1095 800 tertio
1111 744 1158 800 dis
1174 745 1317 801 Dominus
1335 747 1501 801 resurrexit
1521 747 1610 819 (Luc.
1626 758 1719 817 xxrv,

112 834 237 889 docebat
250 834 378 891 famulos
393 851 466 891 suos
482 836 548 907 (76),
566 836 783 908 disputationes
798 851 871 892 suas
887 836 949 893 tor·
1006 849 1092 905 poena
1108 834 1324 904 praescribitur,
1341 835 1429 891 debet
1445 850 1513 892 esse
1527 835 1714 907 paenitentia

113 938 193 978 mars
208 923 348 996 dignatus
364 928 419 995 est,
446 929 476 980 ut
491 926 522 981 in
547 927 662 997 porticu
682 925 867 995 Salomonis,
894 925 950 980 boc
1007 938 1073 977 rum
1091 937 1098 977 τ
1116 923 1166 977 ubi
1181 923 1321 978 remissio
1346 923 1480 994 donatur,
1502 925 1600 997 grstia
1625 927 1692 980 sst.
1715 924 1721 980 l

113 1015 168 1081 est,
185 1013 344 1085 sapientis,
371 1015 564 1071 deambulans
586 1015 785 1086 loquebatur:
804 1036 815 1063 r
836 1014 900 1086 Ego
922 1017 951 1069 et
1007 1011 1188 1083 pmnitsntia,
1204 1011 1339 1083 sequitur
1354 1013 1457 1086 gratia.
1474 1013 1582 1086 Neque
1593 1013 1721 1084 poenilel

113 1100 200 1156 Pater
214 1118 305 1157 unum
321 1119 425 1158 sumus
441 1103 536 1173 (doen.
562 1121 591 1174 x,
612 1104 679 1175 30),
704 1107 764 1160 »ut
789 1103 819 1160 in
841 1103 949 1175 templo
1008 1100 1073 1156 siue
1088 1101 1192 1174 gratia,
1218 1116 1313 1173 neque
1336 1101 1430 1173 gratia
1451 1102 1516 1157 sine
1542 1100 1721 1173 poenitsntil

113 1190 168 1246 Dei
182 1190 298 1246 dicebat
314 1207 321 1246 :
339 1213 351 1242 ι
370 1193 435 1247 blaa
448 1193 580 1248 doctrina
597 1209 655 1247 non
666 1197 712 1248 est
723 1210 796 1262 moa,
813 1193 865 1249 ssd
882 1192 949 1265 ejus
1007 1190 1085 1244 enim
1100 1190 1270 1260 paenitentia
1281 1189 1364 1260 prius
1375 1189 1513 1246 damnare
1524 1194 1721 1262 peccatum,·

113 1281 164 1351 qui
180 1295 225 1334 me
241 1280 320 1335 misit
336 1281 430 1350 (dean.
442 1299 492 1351 vu,
506 1281 560 1339 lm.
575 1305 585 1330 ·
600 1282 664 1338 lloc
674 1298 792 1355 quoque
804 1282 949 1355 iudicium
1008 1277 1105 1347 possit
1120 1277 1249 1333 abolere.
1264 1278 1333 1333 ldeo
1347 1281 1448 1349 typum
1462 1279 1541 1351 logis
1551 1278 1719 1351 accipiens

114 1369 144 1423 in
168 1368 275 1438 templo
301 1370 416 1440 positus
440 1374 570 1439 exercet,
596 1371 674 1427 sicut
699 1372 842 1442 scriptum
859 1372 950 1426 ostiu
1008 1365 1168 1437 baptizavit
1194 1367 1224 1421 in
1248 1368 1469 1437 paenitentiam,
1494 1366 1643 1423 Christus
1670 1366 1713 1425 ed

113 1457 331 1527 posterioribus
344 1474 352 1530 3
363 1459 408 1514 sie
422 1461 501 1515 enim
512 1460 606 1517 habes
623 1476 629 1517 :
650 1482 661 1509 ιι
679 1460 850 1517 Hoecvsrba
865 1461 950 1515 locu·
1008 1454 1129 1525 (Mattlr.
1141 1472 1182 1526 ιιι,
1200 1454 1255 1525 ll).

114 1545 371 1602 tusestlssusin
387 1548 611 1620 gazophylacio,
633 1549 744 1604 docens
768 1550 799 1604 in
821 1550 949 1619 templo;
1043 1543 1069 1599 8.
1092 1543 1241 1614 Septimus
1270 1558 1343 1616 ergo
1367 1545 1431 1600 diss
1449 1545 1528 1617 legis
1557 1545 1721 1617 mysteri!

114 1636 142 1689 st
157 1648 243 1691 nemo
259 1634 453 1706 apprehendit
472 1653 540 1692 sum
563 1638 658 1707 (dean.
686 1655 747 1708 vm,
765 1636 827 1708 do).
846 1657 857 1688 ι
875 1636 949 1703 Quid
1007 1632 1073 1703 (80),
1095 1635 1219 1688 octavus
1233 1634 1476 1704 resurrectionis,
1493 1635 1574 1689 sicut
1588 1630 1721 1691 habesl

109 1724 163 1782 est
187 1722 460 1795 gazophylacium?
489 1724 611 1780 Collatia
640 1726 788 1797 fidelium,
814 1729 950 1796 sumptas
1009 1721 1163 1776 siasta:‹
1194 1722 1235 1776 Da
1263 1725 1376 1792 partem
1400 1722 1459 1777 illis
1485 1724 1626 1794 septem,
1661 1722 1721 1781 eti

113 1825 286 1881 pauperum,
302 1813 422 1884 requies
437 1829 615 1886 egenorum,
629 1814 713 1886 juxta
736 1815 814 1887 quod
839 1816 949 1871 sedens
969 1809 1120 1898 BOEccle.
1137 1827 1177 1881 tu,
1198 1809 1236 1882 ἵ).
1260 1832 1271 1859 ·
1293 1811 1368 1865 Num
1384 1814 1413 1866 el
1430 1812 1460 1866 in
1485 1812 1639 1882 prophete
1666 1810 1721 1869 ola

114 1897 262 1969 Christus,
279 1904 310 1955 at
324 1901 418 1956 babes
433 1903 598 1957 secuudum
610 1904 729 1972 lruaam,
747 1904 874 1959 duomra
891 1920 951 1958 mu·
1009 1899 1119 1954 dictum
1137 1898 1174 1953 ad
1194 1914 1283 1954 eum:
1304 1921 1315 1946 a
1336 1897 1457 1954 Conduc
1470 1900 1523 1954 tibi
1545 1900 1721 1957 fornicarie

114 1985 198 2041 lieris
215 1987 752 2047 vidusedivitummuneribusccnsuit
765 1993 950 2063 praeterendo
1009 1988 1105 2043 decim
1124 1987 1254 2042 denariis
1277 1986 1367 2058 (Osee
1383 2004 1425 2058 m,
1446 1988 1472 2059 l,
1493 1988 1520 2060 2)
1539 2006 1545 2044 :
1566 2013 1577 2038 a
1598 2005 1639 2044 eo
1661 2000 1721 2062 que

114 2074 196 2143 (Lus.
213 2092 274 2144 xxv,
290 2076 327 2148 t),
345 2077 444 2132 divina
459 2077 774 2135 videlicottestimoaio
787 2082 950 2152 praeterens
1009 2092 1068 2132 aare
1087 2076 1198 2132 veteris
1216 2079 1245 2132 et
1270 2077 1340 2131 novi
1358 2077 1550 2148 Testamenti,
1579 2078 1645 2134 hoc
1666 2080 1721 2151 est,

115 2162 233 2233 optimae
248 2165 381 2234 praemiis
395 2165 541 2239 largitatis
556 2167 668 2230 sedulae
684 2169 867 2225 liberalitatis
878 2169 950 2225 alle-
1009 2165 1078 2221 ndei
1097 2165 1205 2236 pretio,
1231 2165 1337 2221 mulier
1366 2165 1415 2220 vlla
1443 2181 1521 2238 vago
1547 2166 1686 2238 quodem
1708 2158 1721 2225 l

114 2252 192 2306 ctum
207 2251 275 2322 (Ἡ).
1008 2254 1093 2309 tricia
1113 2255 1246 2327 gentium
1266 2269 1466 2310 convenarum
1482 2255 1630 2311 comitatu
1646 2250 1721 2313 sulti

152 2340 227 2404 895
256 2341 283 2395 5.
309 2340 364 2407 Qui
386 2343 443 2398 lale
468 2344 595 2400 habebat
617 2346 772 2418 judicium,
796 2349 950 2403 videamus
1009 2344 1094 2399 citur.

110 2428 181 2499 quid
196 2429 260 2499 ipse
274 2429 359 2501 juxta
374 2434 742 2507 gazophylaciumpositus
759 2438 948 2504 conterebam
1043 2433 1070 2488 9.
1089 2456 1100 2480 «ι
1119 2432 1154 2487 Et
1169 2433 1307 2501 conduxi,
1330 2432 1433 2504 inquit,
1458 2448 1522 2488 eam
1546 2448 1660 2505 gomor
1682 2434 1721 2491 bo

111 2517 262 2572 nonenim
282 2519 511 2576 oliossviduam
528 2525 653 2593 praetulit
670 2527 728 2581 duo
752 2543 810 2581 vern
831 2527 949 2582 mitten·
1008 2522 1241 2594 santuanensi
1256 2521 1341 2576 nevel
1358 2522 1418 2576 vini
1434 2521 1610 2594 (Ιὶιίᾱ.9).ι
1639 2522 1721 2579 Perl

112 2607 180 2660 tem.
199 2606 336 2662 Pretiosa
352 2609 406 2664 isto
423 2616 581 2682 paupertas
600 2615 646 2668 est
661 2615 728 2669 fidei
738 2617 874 2686 opulenta
891 2631 950 2686 my·
1007 2611 1156 2683 signitlcst
1178 2611 1247 2683 quia
1269 2610 1459 2681 imperfectos
1480 2614 1603 2666 vocaret
1626 2612 1663 2666 ad
1688 2609 1721 2668 nl

112 2695 213 2750 sterio.
238 2696 296 2750 lsta
316 2701 386 2752 sunt
409 2699 467 2754 duo
493 2716 551 2754 vera
579 2718 646 2773 queo
669 2704 872 2760 Samaritanus
901 2707 950 2760 ills
1007 2699 1157 2770 perlectos
1181 2699 1340 2755 redderet:
1361 2715 1416 2770 per
1433 2714 1541 2766 gomor
1565 2699 1721 2772 intelligito

112 2781 312 2855 Evangelicus
326 2786 362 2841 ad
387 2787 455 2858 ejus
479 2791 608 2844 curanda
633 2792 765 2861 vulnera,
782 2794 833 2865 qui
847 2795 951 2849 incidit
1008 2788 1721 2861 mensura,persemigomorsemiplenamensum

111 2872 293 2945 inlatrones,
310 2875 472 2932 stabulario
486 2877 643 2950 dereliquit
658 2881 739 2943 (Lars.
751 2900 781 2952 x,
794 2882 851 2953 35).
870 2883 950 2955 Ergo
1008 2892 1147 2933 mensure
1158 2878 1423 2950 inEvangeliosst,
1443 2877 1609 2948 semiplena
1626 2879 1656 2933 iu
1667 2878 1721 2951 lega

111 2964 140 3016 et
153 2961 210 3016 ista
225 2963 326 3034 specis
341 2964 440 3037 vidua,
465 2966 495 3020 in
515 2969 583 3039 typo
609 2968 763 3041 Ecclesiae,
786 2971 842 3026 hoc
858 2987 949 3044 gazo-
1006 2966 1158 3037 plsnitudo
1174 2967 1291 3022 Novum
1306 2970 1353 3022 est
1368 2966 1601 3021 Testamentum.
1618 2965 1721 3038 Siquid

110 3049 247 3123 phylsoio
271 3056 358 3109 sacro
380 3054 592 3112 conterendum
616 3060 738 3131 putavit,
765 3076 824 3133 quo
839 3076 950 3132 paupe·
1008 3056 1151 3112 Dominus
1166 3057 1206 3111 ait
1223 3073 1229 3111 :
1248 3078 1259 3107 ι
1277 3056 1344 3111 Νοιι
1360 3055 1428 3111 veni
1447 3055 1545 3127 legem
1567 3055 1697 3126 solvere,
1718 3072 1721 3108 ι

110 3156 176 3198 rum
191 3146 368 3199 sanarentur
381 3144 514 3217 vulnera,
531 3147 756 3220 peregrinorum
767 3147 881 3221 ieiunia
898 3166 949 3205 so·
1005 3146 1088 3217 plere
1103 3145 1224 3212 (Mattlr.
1240 3163 1270 3215 v,
1288 3145 1342 3213 ll).
1363 3164 1374 3195 ι

110 3231 261 3287 darentur.
1043 3234 1086 3289 10.
1112 3234 1175 3290 Nec
1195 3234 1290 3289 otiose
1306 3233 1475 3306 quindecim
1505 3233 1721 3289 anabathmorm

142 3320 169 3377 6.
185 3321 271 3378 Unde
286 3324 314 3379 st
324 3339 403 3378 nunc
418 3324 488 3396 quid
511 3323 649 3381 Christus
665 3326 807 3397 conterat,
824 3328 948 3398 spiritu·
1004 3324 1140 3380 Psalmos
1156 3323 1315 3378 [invidiose
1330 3324 1467 3396 legimus,
1476 3325 1504 3378 st
1517 3322 1721 3397 quindecimgr

107 3409 175 3464 liter
188 3413 215 3466 te
231 3415 346 3483 oportet
359 3413 546 3484 expende1o3
571 3414 719 3470 dividebat
734 3416 812 3471 euim
827 3417 947 3488 populis
1005 3412 1181 3468 ascendisse
1197 3413 1302 3482 solem,
1320 3429 1387 3468 cum
1403 3412 1547 3468 Ezechias
1570 3412 1675 3485 justus
1695 3414 1721 3468 η’

107 3504 264 3572 argentum
277 3501 348 3574 igne
364 3504 560 3559 examinatum
577 3504 761 3576 eloquiorum
777 3505 943 3562 caelestium
1007 3500 1099 3572 hujus
1109 3501 1257 3572 acciperet
1269 3504 1463 3557 commeatum
1472 3501 1542 3572 (Isa.
1555 3499 1721 3573 retransiit

107 3587 201 3658 (Psal.
219 3607 260 3661 xl,
276 3591 314 3661 Ἶ),
336 3595 365 3647 et
378 3592 519 3665 imaginis
535 3594 628 3666 regias
645 3593 800 3665 pecuniam
821 3595 948 3666 popula·
1007 3589 1152 3646 {icebatur
1166 3592 1244 3646 enim
1260 3605 1330 3646 esse
1350 3594 1494 3647 venturas
1510 3590 1560 3646 Sol
1575 3590 1711 3663 justitiae,

107 3680 394 3736 rumannumsrabat
404 3681 671 3738 affectibustmo
683 3685 750 3754 plus
762 3684 852 3755 misit,
860 3700 948 3756 quam
1006 3696 1045 3749 ιν,
1060 3675 1100 3748 9),
1116 3679 1167 3751 qui
1183 3679 1296 3752 gradus
1310 3679 1481 3752 quindecim
1500 3680 1613 3735 veteris
1628 3682 1657 3735 et
1678 3692 1721 3735 nm

107 3767 155 3836 qui
179 3771 270 3822 totum
293 3769 423 3826 donavit.
447 3771 577 3828 Satiabat
600 3775 788 3844 esurientes,
815 3774 949 3845 raptabat
1005 3769 1126 3823 lamenti
1141 3768 1361 3823 illuminaturus
1377 3768 1712 3838 essatpraeeantioesun

107 3854 224 3925 inopes,
241 3856 425 3914 illuminabat
438 3876 547 3932 caecos,
564 3863 728 3917 redimebat
742 3863 886 3933 captivos,
899 3878 949 3933 pe·
1006 3857 1114 3930 quibus
1140 3859 1243 3912 nostra
1268 3857 1343 3912 fides
1363 3857 1400 3911 ad
1421 3857 1512 3911 vitam
1536 3857 1676 3912 ascendii
1695 3870 1721 3913 tl

107 3943 247 4015 ralvticos
267 3946 411 4018 erigebat,
439 3953 571 4005 mortuos
594 3952 801 4021 resuscitabat,
825 3954 855 4007 st
869 3951 948 4023 quod
1006 3947 1091 4002 Unde
1105 3948 1134 4003 et
1149 3945 1206 4002 hoe
1231 3947 1310 4018 quod
1331 3945 1419 4002 hodie
1443 3946 1473 4000 in
1498 3946 1648 4016 apostolo
1670 3944 1721 4001 lsst

107 4035 154 4086 est
172 4033 308 4103 emplius,
327 4036 500 4092 conterebat
514 4039 720 4094 absolutiones
735 4056 864 4110 reorum,
880 4056 949 4112 pcc·
1005 4038 1163 4109 mysticum
1178 4051 1263 4107 reer;
1288 4035 1418 4109 eoquod
1444 4035 1616 4106 quindecim
1640 4034 1721 4091 diebu

108 4124 172 4176 csta
187 4121 326 4178 donabat.
344 4123 417 4179 Haec
431 4128 501 4181 sunt
516 4126 574 4181 duo
591 4142 661 4198 aare,
677 4144 743 4199 quse
756 4129 835 4184 misit
851 4129 950 4184 Eccle·
1007 4126 1124 4181 Petrum
1140 4125 1283 4181 manserit
1301 4124 1410 4195 (Galat.
1423 4143 1442 4192 ι,
1459 4124 1522 4192 18);
1538 4125 1658 4179 videtur
1676 4122 1721 4179 eru‘

108 4209 657 4284 siapostoaquamaccspitaCbrislo
683 4217 749 4287 (78).
766 4217 840 4284 Quid
871 4219 950 4273 enim
1005 4214 1373 4288 quodapostolissanetls
1393 4214 1554 4283 Scripturas
1576 4212 1721 4269 divinarit

107 4303 177 4355 sunt
192 4301 250 4356 duo
265 4317 335 4372 sera,
357 4303 416 4358 nisi
440 4304 566 4374 pretium
588 4306 657 4359 novi
673 4310 701 4361 et
717 4307 827 4361 veleris
847 4308 949 4362 Testa·
1004 4304 1145 4359 tationem
1161 4318 1300 4359 sermons
1315 4304 1509 4358 secumvario
1526 4301 1721 4359 conterentibt

105 4385 218 4445 nientl‘l
245 4390 373 4446 Pretium
396 4390 557 4463 Scripturas
582 4393 657 4449 lldcs
673 4397 776 4449 nostra
800 4396 866 4466 est;
882 4412 949 4450 uam
1005 4381 1127 4448 luminis
1146 4392 1297 4448 refulserit
1311 4391 1466 4462 claritudo,
1484 4391 1663 4464 ignorantias
1681 4406 1721 4447 uu

106 4479 185 4550 quod
204 4478 323 4553 legitur,
345 4496 399 4553 pro
419 4481 613 4555 intelligentis
633 4484 797 4539 aestimatur
812 4484 946 4540 arbitrio.
1005 4483 1142 4538 cesserit.
1158 4481 1286 4554 Sedjam
1295 4482 1448 4538 veniamus
1464 4479 1501 4535 ed
1512 4478 1649 4536 mulieris
1660 4478 1721 4553 buit

106 4567 258 4625 [lamissio
273 4571 366 4642 igitur
375 4573 564 4642 peccatorum
574 4571 729 4645 utriusque
738 4573 865 4643 pretium
875 4573 947 4628 Tes-
1005 4571 1315 4626 terrsabsolutionem.

104 4659 224 4714 tumenti
239 4661 301 4729 set,
318 4675 385 4733 quas
399 4675 453 4731 per
470 4676 580 4734 aguam
596 4660 625 4715 in
641 4664 709 4733 typo
722 4657 950 4717 annuntiatassl
1040 4658 1085 4716 ll.
1100 4659 1202 4715 Oblata
1218 4662 1280 4714 erat
1301 4675 1317 4714 a
1332 4658 1447 4714 Scribis
1471 4661 1501 4714 et
1525 4658 1692 4714 l'harieasis
1717 4657 1721 4712 1

107 4744 164 4814 (79)
179 4746 276 4804 Exod.
294 4766 345 4820 xu,
362 4751 400 4821 3),
416 4749 446 4806 in
462 4751 585 4815 veritate
609 4750 753 4822 completa
775 4764 829 4823 por
843 4749 950 4806 Chris·
1004 4749 1077 4805 lesu
1092 4748 1227 4804 adulterii
1241 4763 1291 4803 rea
1306 4747 1401 4818 (dosa.
1418 4764 1478 4818 vm,
1496 4747 1589 4817 3-ll),
1613 4751 1641 4802 et
1666 4747 1721 4802 hae

109 4831 181 4886 lum·
1004 4838 1118 4908 fraude,
1128 4841 1160 4893 ut
1174 4836 1201 4893 si
1216 4853 1281 4893 eam
1296 4836 1476 4907 absolveret,
1493 4835 1594 4909 legem
1608 4836 1721 4893 solvere

144 4919 171 4973 7.
188 4920 256 4977 ldeo
272 4923 365 4982 babes
380 4944 476 5001 noque
487 4934 600 5003 septem
612 4930 726 4986 dierum
743 4930 949 5004 purgationem
1004 4930 1054 4983 tur
1069 4943 1075 4983 :
1093 4928 1142 4982 sin
1164 4941 1237 4982 vero
1257 4926 1419 4994 damnaret,
1443 4926 1631 4996 propositum
1651 4925 1700 4981 sui
1720 4942 1721 4978 1

109 5003 174 5060 eine
190 5009 277 5064 trium
294 5013 685 5093 dierumesscpurgatioas.
698 5021 818 5091 Septem
834 5019 949 5074 dierum
1006 5015 1171 5087 adventus;
1187 5015 1255 5087 quia
1271 5017 1390 5086 peccata
1408 5014 1538 5070 omnium
1553 5017 1721 5070 remissura

108 5095 244 5167 purgatio
267 5101 430 5158 secundum
453 5105 551 5179 legem
575 5109 686 5179 (Lavit.
712 5126 763 5180 xvr,
780 5109 818 5180 2),
836 5124 904 5181 quaa
920 5109 949 5163 in
1007 5105 1059 5162 nit.
1080 5105 1212 5177 Denique
1228 5120 1318 5174 supra
1333 5104 1426 5159 ait:u
1451 5102 1515 5175 Ego
1538 5118 1598 5158 non
1617 5103 1720 5177 judico

142 5255 199 5325 (76)
214 5256 326 5312 Eodem
360 5257 425 5315 lane
441 5279 532 5320 seusu
548 5268 662 5323 dixerat
677 5269 727 5323 lib.
743 5287 762 5323 u
779 5268 817 5325 ds
829 5268 950 5341 Spiritu
1040 5265 1097 5337 (78)
1112 5267 1226 5322 Thuan.
1248 5265 1335 5336 cod,
1362 5288 1372 5313 ιι
1391 5267 1585 5336 posteaquam
1611 5263 1721 5337 accepit

108 5334 220 5396 sancto,
233 5344 296 5411 cap.
314 5276 401 5411 ὥς)
422 5332 523 5389 Refert
538 5339 575 5391 ita
600 5355 635 5393 ue
650 5341 874 5413 adver-lorsque
892 5339 950 5394 loci
1003 5343 1075 5394 tum.
1100 5362 1110 5386 ι

108 5399 173 5455 haec
189 5400 332 5455 Dominus
348 5401 542 5484 disputaverit
558 5423 563 5460 :
579 5355 754 5478 loquentes
777 5411 856 5467 onim
879 5411 948 5482 ejus
1039 5408 1096 5481 (79)
1112 5409 1185 5464 lllss
1202 5412 1337 5480 quatuor,
1355 5429 1366 5457 ι
1385 5423 1452 5479 quae
1473 5423 1526 5478 per
1541 5423 1652 5464 anuum
1663 5407 1694 5464 in
1706 5410 1721 5473 t:

108 5472 228 5553 Qlflssula
243 5487 280 5527 0²¹
294 5471 438 5542 locorum,
455 5490 483 5527 ¹¹¹
501 5477 609 5546 quibus
624 5479 795 5537 diversatus
810 5485 867 5554 sat,
880 5498 950 5554 qua·
1004 5482 1135 5536 nuntiata
1151 5483 1206 5548 est,
1226 5504 1236 5527 ι
1256 5483 1312 5534 etc.

108 5540 242 5599 hiatibus
256 5545 455 5601 oefllimassllff·
473 5567 485 5593 r
1039 5553 1096 5623 (80)
1113 5551 1185 5607 Vids
1201 5567 1268 5622 ques
1288 5551 1325 5605 ab
1347 5550 1507 5606 Ambrosio
1534 5551 1685 5623 disputata
1703 5566 1721 5609 s

109 5683 129 5736 s
144 5614 207 5741 ml}
216 5614 289 5671 Mss.
306 5616 406 5686 Gorb,
422 5615 520 5673 Germ.
538 5620 566 5673 et
582 5617 658 5688 Ful,
679 5643 689 5667 a
703 5621 817 5679 sedulos
831 5623 950 5680 liberta·
1003 5623 1138 5706 positio
1155 5624 1226 5679 Luc.
1244 5623 1294 5678 lib.
1312 5639 1363 5695 vu,
1380 5639 1461 5679 num.
1478 5622 1524 5694 lu,
1540 5625 1570 5680 st
1587 5640 1657 5697 quae
1670 5622 1721 5681 ibi«

121 5700 179 5739 rsa
203 5691 309 5743 ectum.
330 5709 341 5740 ι
1004 5697 1183 5750 aotaumus.
