3900 6128
108 303 173 375 949
700 309 1005 378 EPISTOLARUM
1026 311 1197 377 chassls
1216 310 1242 377 l.
1773 302 1835 373 950

82 538 86 543 -
105 523 185 580 quos
200 506 358 579 invenitur,
374 512 537 582 egoautem
547 510 621 567 nihil
632 511 726 567 debeo
737 510 859 582 Caesari,
873 512 941 584 quia
954 499 985 563 A
1000 511 1195 585 Evangelium
1208 512 1373 582 redimitur,
1384 511 1472 568 aolrit
1482 511 1652 567 drachmam
1667 515 1832 573 secundum

105 596 181 653 nihil
202 596 295 668 hujus
319 598 420 653 mundi
443 597 537 655 babeo
563 615 570 655 :
596 619 608 651 ι
635 600 721 655 Venit
744 601 824 655 enim
848 601 941 673 hujus
998 600 1107 675 legem,
1122 601 1268 673 sanguine
1284 602 1437 657 redimitur
1455 600 1565 656 Christi
1581 603 1744 658 seeundum
1761 621 1833 677 gra-

103 685 206 739 mundi
223 685 372 756 princeps,
389 690 418 742 et
434 687 464 741 in
479 702 526 742 me
543 688 672 743 inveniet
688 689 760 743 nibil
771 689 867 760 (dean.
879 706 940 759 xiv,
1000 689 1078 760 tiam,
1094 690 1242 762 geminam
1258 690 1373 745 habens
1388 690 1629 760 redemptionem,
1647 694 1675 746 et
1696 692 1835 750 devotio-

105 771 164 841 80).
183 794 194 821 ι
220 773 301 828 Nihil
316 775 403 831 debat
416 776 534 845 Petrus,
551 775 623 830 nihil
639 776 766 846 apostoli
781 777 858 847 mei3
874 777 943 848 quia
999 779 1047 833 nis
1062 781 1092 833 et
1104 779 1272 850 sanguinis.
1288 778 1352 833 Nec
1367 779 1444 834 enim
1459 780 1534 834 tides
1550 780 1614 834 sola
1630 781 1666 834 ad
1680 782 1835 851 perlectis·

102 876 165 917 non
195 865 265 917 sunt
292 862 328 918 de
356 862 412 918 hoe
441 865 571 933 muodo,
603 866 659 919 etsi
687 866 718 919 in
747 865 803 921 hoc
833 865 942 921 mundo
999 866 1225 937 nemsatisest,
1249 868 1307 922 nisi
1330 868 1418 923 ctiam
1441 868 1627 938 baptismatis
1651 868 1835 940 adipiscatur

106 953 189 1005 sunt.
215 949 279 1024 Ego
301 951 369 1006 misi
392 966 446 1006 ecs
469 953 499 1007 in
523 952 602 1007 buno
625 954 785 1024 mundum,
809 954 864 1008 sed
880 953 943 1024 jam
998 954 1134 1028 gratiam,
1160 959 1189 1010 et
1206 957 1382 1028 sanguinem
1397 955 1508 1012 Christi
1523 958 1694 1028 redemptus
1709 960 1836 1031 accipiat

106 1054 169 1094 non
190 1042 261 1097 sunt
281 1038 318 1096 de
335 1039 392 1095 boo
415 1040 535 1111 mundo,
552 1042 620 1113 quia
637 1056 753 1098 mecum
768 1044 838 1098 sunt
852 1057 944 1113 supra
999 1044 1048 1115 (l).
1065 1044 1146 1099 Bona
1161 1059 1234 1117 ergo
1249 1045 1389 1101 drachma
1405 1062 1472 1117 quae
1489 1047 1550 1101 Deo
1566 1047 1703 1102 solvitur.

107 1127 261 1184 mundum.
792 1128 794 1132 ’
1035 1120 1835 1204 thNonestdrachmadenarius(t),seddiversumest.

144 1216 189 1273 18.
211 1216 292 1289 Ergo
316 1218 395 1289 quod
419 1217 527 1274 divinae
549 1218 627 1291 legis
644 1220 701 1289 est,
717 1219 796 1274 solvi
808 1217 941 1290 jubetur,
999 1220 1133 1292 Denique
1148 1221 1177 1275 in
1192 1221 1313 1277 denario
1327 1223 1425 1295 imago
1440 1221 1570 1278 Caesaris
1586 1226 1642 1292 est,
1655 1224 1685 1277 in
1695 1224 1837 1280 drachma

105 1321 168 1361 non
183 1305 263 1377 quod
277 1304 417 1361 Coesaris.
434 1305 493 1362 Sed
507 1309 605 1362 tamen
624 1311 653 1363 et
667 1309 766 1379 ipsum
780 1306 942 1379 periectos,
999 1308 1098 1381 imago
1122 1309 1175 1364 Dei
1198 1310 1318 1378 (Matth.
1340 1329 1412 1380 xxo,
1437 1309 1504 1382 903
1520 1312 1588 1384 quia
1603 1312 1692 1367 unius
1708 1316 1755 1368 est
1769 1312 1837 1384 Dei,-

105 1393 208 1464 idest,
224 1393 402 1465 predicator
421 1393 573 1467 Evangelii
587 1394 649 1466 jam
664 1411 723 1451 non
739 1395 875 1465 debebat,
892 1395 944 1466 qui
998 1398 1036 1452 ad
1051 1397 1242 1454 imitationem
1256 1400 1363 1470 ipsius.
1380 1400 1426 1454 Ab
1442 1416 1500 1456 uno
1513 1401 1627 1470 incipit,
1644 1404 1672 1455 et
1688 1400 1717 1455 in
1734 1401 1837 1457 intini-

107 1482 177 1554 plos
192 1483 381 1555 praedicabat.
399 1483 465 1538 Non
479 1484 605 1539 debebat
624 1484 719 1540 Filios
734 1484 797 1554 Dei,
815 1500 874 1539 non
890 1484 944 1539 de·
999 1489 1061 1541 tum
1085 1484 1257 1542 diffunditur
1273 1504 1279 1543 :
1296 1491 1324 1543 et
1347 1488 1453 1543 iterum
1477 1488 1513 1543 de
1536 1488 1649 1544 inssnito
1666 1505 1788 1545 numero
1803 1489 1836 1545 in

108 1570 199 1627 babet
212 1574 242 1629 ct
254 1572 360 1628 Petrus
375 1571 406 1626 in
420 1573 607 1643 adoptionem
617 1589 633 1626 a
643 1574 730 1628 Patre
746 1573 879 1627 adscitus
890 1587 944 1643 per
999 1589 1101 1642 unum,
1110 1576 1196 1646 quasi
1207 1576 1237 1630 in
1247 1576 1334 1631 tinem
1344 1577 1441 1632 omnia
1452 1579 1640 1632 revertuntur
1654 1592 1662 1646 ;
1674 1578 1742 1649 quia
1754 1577 1835 1633 Deus

106 1661 235 1733 gratiam
252 1676 259 1715 z
275 1661 330 1716 sed
352 1682 364 1708 ι
383 1676 420 1716 ne
436 1660 681 1730 scandalizantur,
698 1661 802 1733 inquit,
818 1661 893 1716 vade
907 1661 943 1716 ad
1000 1665 1029 1719 et
1049 1662 1227 1733 principium
1252 1667 1282 1719 et
1304 1665 1373 1719 tlnis
1392 1664 1522 1719 omnium
1538 1667 1593 1719 est.
1610 1664 1696 1719 Unde
1711 1681 1766 1722 nec
1782 1683 1837 1722 nu-

105 1764 199 1818 mere,
216 1752 246 1804 et
260 1749 340 1804 mitte
357 1748 486 1818 hamum,
502 1752 530 1804 et
545 1765 613 1805 eum
627 1750 751 1820 piscem,
768 1749 819 1820 qui
830 1750 943 1821 primus
1000 1766 1115 1807 merum
1127 1753 1261 1821 monada,
1279 1753 1333 1807 sed
1347 1752 1524 1807 elementum
1538 1754 1663 1824 numeri,
1680 1754 1789 1826 quibus
1801 1770 1838 1810 ea

106 1837 289 1906 ascenderit,
306 1838 394 1907 tolle;
414 1841 452 1907 at,
473 1841 573 1907 aperto
592 1853 643 1893 ore
658 1837 735 1910 ejus,
752 1839 887 1893 invenias
903 1838 944 1893 ibi
960 1818 986 1881 Β
1002 1855 1073 1895 cura
1087 1842 1143 1909 est,
1160 1840 1391 1911 appellaverunt.
1414 1840 1450 1895 Et
1461 1842 1683 1923 bocpropterea
1694 1842 1836 1914 diximus,

105 1929 261 1997 staterem,
277 1925 359 1981 illum
375 1942 498 1982 sumens
514 1927 550 1981 da
564 1926 602 1980 iis
616 1942 670 1997 pro
686 1941 732 1981 me
747 1930 812 1982 ette
823 1926 943 1997 (Matth.
1001 1929 1071 1999 quia
1087 1928 1229 1998 scriptum
1245 1931 1312 1984 est:
1332 1950 1343 1976 a
1362 1928 1425 2002 Ego
1441 1945 1508 1984 sum
1526 1948 1543 1981 α
1563 1933 1592 1985 et
1614 1949 1644 1998 o,
1669 1931 1784 2001 primus
1808 1933 1839 1988 et

104 2014 275 2086 xv11,2(i).·
292 2012 605 2087 Omagnampsterial
622 2014 944 2070 datdimidiumdidra-
1001 2015 1185 2071 novissimus
1201 2016 1302 2087 (Apoc.
1319 2033 1338 2086 ι,
1355 2016 1403 2086 8);
1420 2019 1447 2071 et
1463 2033 1469 2072 :
1490 2039 1502 2066 ι
1518 2018 1606 2088 Audi,
1622 2019 1724 2088 lsrael,
1741 2019 1838 2075 Domi-

105 2102 276 2176 cbmiquod
286 2102 477 2176 lexjubebat,
489 2105 518 2157 ct
526 2119 584 2158 non
593 2107 682 2176 negat
700 2106 779 2175 quod
793 2103 871 2176 legis
887 2105 943 2173 est,
1001 2119 1059 2160 nus
1074 2103 1154 2159 Deus
1169 2110 1238 2159 tuus
1254 2104 1334 2159 Deus
1350 2120 1427 2159 unus
1442 2107 1488 2159 est
1502 2105 1601 2173 (Dent.
1619 2123 1659 2176 vv,
1675 2107 1714 2175 t).
1732 2129 1743 2155 ι

106 2193 196 2265 quasi
218 2191 315 2247 iactus
339 2206 378 2246 ex
398 2191 532 2261 muliere,
556 2191 652 2248 iactus
675 2192 732 2248 sub
751 2192 818 2265 lege
834 2191 943 2264 (Galat.
1036 2192 1080 2248 22.
1105 2191 1141 2247 Et
1162 2195 1193 2247 tu
1217 2207 1289 2264 ergo
1314 2192 1350 2247 ad
1371 2192 1594 2248 similitudinem
1609 2194 1660 2249 Dei
1677 2210 1754 2250 unus
1771 2198 1836 2252 esto

106 2297 147 2352 ιι,
172 2281 212 2351 l).
236 2279 358 2335 Factum
382 2280 546 2335 secundum
570 2281 804 2336 incarnationem
826 2281 944 2337 locutus
1001 2283 1088 2352 atque
1101 2280 1178 2334 idem
1196 2295 1202 2335 :
1226 2295 1285 2335 non
1300 2279 1388 2335 hodle
1404 2281 1534 2349 sobrius,
1552 2296 1620 2336 cras
1635 2282 1737 2338 ebrius
1755 2299 1762 2339 :
1780 2285 1837 2339 ho-

106 2383 185 2440 eum,
208 2383 248 2424 ex
269 2369 392 2425 muliere
410 2369 574 2424 secundum
589 2385 714 2439 sexum3
731 2369 838 2425 mulier
851 2384 945 2425 sexus
1002 2370 1049 2425 die
1063 2368 1217 2440 pacificus,
1234 2368 1363 2424 crastino
1378 2368 1425 2423 die
1441 2368 1592 2440 litigiosus
1609 2386 1615 2425 :
1637 2370 1726 2427 hodie
1741 2371 1834 2445 trogi,

106 2460 163 2528 cst,
172 2457 262 2530 virgo
271 2457 403 2528 species:
415 2473 509 2513 sexus
517 2459 648 2530 generis,
659 2458 746 2529 virgo
755 2458 944 2530 integritatis.
1002 2458 1131 2512 crastina
1145 2457 1192 2512 die
1207 2456 1395 2511 incontinens
1412 2472 1419 2511 ε
1436 2459 1564 2512 mutatur
1577 2458 1656 2512 enim
1671 2460 1839 2532 unusquis·

106 2546 560 2619 lnqnoergovenitsublege,
579 2546 609 2601 in
627 2561 662 2600 eo
689 2537 763 2602 '782
787 2545 947 2602 iactosest
1002 2562 1060 2618 que
1089 2561 1205 2601 morum
1234 2545 1384 2613 varietate,
1413 2548 1442 2599 et
1468 2545 1500 2599 tlt
1526 2546 1599 2601 alter
1616 2563 1622 2602 :
1640 2547 1669 2602 in
1695 2563 1753 2619 quo
1778 2564 1838 2605 non

106 2650 144 2690 ex
158 2635 295 2704 muliere,
312 2635 342 2689 id
357 2639 414 2704 est,
433 2635 461 2688 in
473 2649 607 2705 corpore.
619 2634 655 2688 Et
666 2635 731 2689 ideo
743 2633 946 2690 didrachmum
1002 2635 1176 2707 agnoscitur
1191 2633 1269 2706 quod
1284 2633 1348 2702 fuit,
1366 2637 1394 2689 et
1407 2633 1510 2704 incipit
1523 2635 1682 2706 essequod
1697 2652 1757 2691 non
1771 2636 1836 2707 fuit,

105 2723 183 2779 solvi
197 2722 286 2794 jubet
299 2738 352 2794 pro
367 2739 401 2778 se
416 2728 445 2778 et
462 2723 557 2794 Petro,
575 2723 643 2795 quia
658 2724 782 2794 uterque
797 2723 853 2777 sub
878 2723 946 2795 lege
1002 2724 1050 2778 sui
1066 2723 1206 2794 degener.
1222 2722 1318 2777 Grave
1334 2726 1380 2777 eet
1391 2723 1468 2777 enim
1485 2724 1590 2777 mutari
1604 2725 1635 2778 in
1654 2723 1742 2795 pejus
1758 2741 1765 2780 :
1783 2725 1837 2781 sed

106 2813 252 2885 generati.
269 2811 358 2867 lubet
372 2827 445 2885 ergo
462 2812 627 2866 secundum
643 2811 740 2883 legem
752 2811 840 2882 solvi,
851 2814 882 2866 ut
892 2827 946 2867 eos
1002 2814 1067 2869 esto
1084 2813 1161 2866 sicut
1175 2812 1273 2882 imago
1282 2811 1312 2865 in
1323 2810 1473 2878 drachma,
1486 2811 1688 2883 immutabilis,
1701 2815 1839 2869 eumdem

108 2902 158 2974 qui
172 2901 232 2956 sub
248 2901 314 2973 lege
330 2904 422 2969 erant,
440 2900 598 2955 redimeret
614 2898 724 2970 (Galat.
740 2916 780 2968 ιι,
796 2899 835 2969 5).
1002 2900 1135 2956 habitum
1157 2915 1282 2955 servans
1306 2899 1446 2970 quotidie.
1463 2899 1576 2954 Videns
1599 2901 1779 2972 drachmam,
1795 2904 1839 2957 at·

142 2989 189 3045 19.
216 2989 252 3044 Et
275 2993 370 3044 tamen
396 2991 536 3044 staterem
559 2988 622 3043 deri
641 2989 736 3059 iubet,
762 3003 821 3059 quo
844 2989 946 3044 vectes
1001 2989 1088 3045 tende
1104 2989 1274 3060 imaginem,
1291 2987 1349 3042 hoc
1365 2989 1420 3058 est,
1438 2988 1661 3060 videnslegem,
1678 2990 1793 3045 attende
1808 2990 1839 3045 in

110 3079 296 3150 imponerent
319 3079 362 3134 ori
388 3094 454 3147 suo,
479 3094 516 3133 na
540 3094 578 3133 ex
600 3079 774 3150 mutiloquio
793 3080 946 3148 peccatum
962 3127 987 3189 c
1002 3077 1069 3149 lege
1084 3078 1244 3148 imaginem
1259 3076 1312 3130 Dei
1328 3075 1478 3131 Christum
1494 3077 1582 3148 :quia
1595 3077 1769 3149 ipseimago
1785 3078 1840 3134 Dei

113 3167 307 3222 admitterent.
334 3167 369 3221 Et
386 3166 472 3238 jubet
486 3166 550 3222 dari
563 3167 593 3221 in
609 3183 660 3222 cre
675 3167 770 3238 piscis
786 3171 945 3240 repertum,
1002 3165 1163 3220 invisibilis
1186 3168 1214 3220 et
1236 3164 1480 3235 incorruptibilis,
1505 3164 1602 3219 luceat
1625 3165 1677 3218 tibi
1700 3166 1781 3220 velut
1808 3165 1839 3222 in

113 3259 141 3311 ot
153 3258 355 3329 agnoscerent
371 3255 511 3311 Verbum.
528 3256 583 3320 Qui
608 3256 686 3310 enim
702 3256 780 3327 quod
795 3255 872 3327 legis
888 3258 944 3325 est,
1002 3253 1126 3325 speculo
1144 3253 1223 3325 legis
1237 3252 1347 3322 (Calos.
1363 3271 1383 3323 1,
1399 3252 1454 3323 15).
1471 3251 1617 3308 Confitere
1633 3268 1700 3308 eum
1714 3253 1744 3308 in
1757 3254 1837 3326 lege,

116 3346 271 3418 exigebant
283 3360 291 3414 ;
301 3361 355 3400 cur
364 3344 442 3416 quod
454 3345 531 3417 legis
540 3348 596 3413 est,
606 3344 782 3399 nesciebant
795 3344 946 3400 iVerbum
1002 3345 1034 3397 ut
1048 3357 1114 3397 eum
1130 3342 1160 3396 in
1176 3341 1340 3414 Evangelio
1355 3356 1569 3413 recognoscas.
1581 3340 1612 3395 Si
1628 3340 1795 3413 cognovisti
1807 3341 1838 3396 in

118 3433 189 3488 euim
213 3433 266 3488 Dei
289 3433 428 3506 ignorare
451 3448 511 3488 non
535 3433 702 3501 debebant,
718 3433 788 3505 quia
802 3432 945 3507 seriptum
1003 3430 1159 3499 mandatis,
1176 3444 1360 3504 recognosce
1375 3429 1406 3483 in
1420 3429 1571 3498 operibus.
1590 3428 1672 3498 Vale,
1693 3430 1721 3484 et
1736 3429 1837 3484 sinon

121 3525 179 3592 est,
195 3545 206 3570 a
223 3523 321 3594 Prope
344 3525 391 3577 est
412 3522 541 3578 Verbum
565 3523 596 3576 in
621 3536 671 3577 ore
688 3525 750 3591 tuo,
767 3524 795 3576 et
809 3523 840 3575 in
857 3521 946 3577 corde
1002 3518 1187 3573 infructuose
1210 3516 1414 3574 didrachmum
1437 3517 1517 3571 istud
1542 3517 1735 3572 commissum
1763 3516 1838 3571 mihi

123 3611 165 3666 bo
181 3610 280 3682 (Dent.
305 3627 378 3682 xxx,
388 3589 392 3597 ⁸
402 3611 457 3680 tl).
476 3634 487 3659 ι
512 3611 619 3665 Totum
634 3610 727 3682 igitur
742 3610 948 3666 didrachmum
1003 3597 1077 3661 783
1106 3604 1270 3675 arbitraris,
1287 3605 1435 3660 iterumsi
1450 3604 1521 3677 quid
1535 3605 1837 3675 habes,co1nmittere

55 3706 59 3715 '
126 3696 297 3769 lleo'solvit,
319 3699 370 3772 qui
384 3699 496 3755 saeculo
512 3699 585 3754 nihil
600 3699 775 3755 reservavit.
792 3698 853 3753 Deo
869 3697 947 3753 anim
1004 3710 1041 3750 ne
1057 3694 1251 3750 dubitaveris.

126 3783 225 3856 iustitia
246 3787 384 3857 solvitur,
410 3804 477 3860 quae
501 3791 547 3843 eat
569 3788 677 3843 mentis
696 3787 867 3842 sobrietas:
885 3786 947 3843 Deo
1253 3798 1438 3855 Epls'rom
1458 3798 1522 3854 vm
1537 3799 1588 3870 (3),

73 3944 78 3949 ¹
130 3872 238 3932 solutor
259 3877 408 3934 sermonis
424 3876 559 3932 custodia

159 3962 165 3972 ‚
461 3966 466 3975 ¹
562 3919 568 3946 ι
586 3892 653 3975 ‘1¹¹oe
669 3878 715 3931 ⁰⁵²
729 3874 878 3975 ,⁸⁰“f'f’nis
894 3890 947 3930 ⁸⁰⁸
1001 3907 1161 3964 Adversus
1176 3920 1227 3962 cos
1241 3906 1291 3978 qui
1304 3905 1462 3961 secondum
1478 3908 1573 3961 artem
1589 3905 1739 3977 repebant
1758 3905 1836 3960 scri-

131 3958 243 4034 b¹¹⁰¹⁸⁸i
267 3986 280 4015 ⁸
300 3964 396 4022 C⁰ld⁰
421 3981 500 4020 0¹¹¹¹¹¹
526 3965 655 4020 0P⁰d¹t¹¹¹²
674 3964 710 4019 ad
723 3967 878 4036 i¹¹⁸2¹i²⁰¹¹¹o
896 3978 947 4018 0Γο
1033 3980 1136 4051 psisse
1150 3983 1411 4046 sacrosauctores,
1428 3978 1581 4032 contendit
1592 3977 1629 4032 ab
1640 3976 1837 4048 lrisipsinsit-

133 4051 264 4110 confessio
279 4053 312 4110 lit
325 4055 362 4109 ad
378 4054 503 4109 salutem
518 4053 611 4122 (Rom.
629 4070 658 4121 x,
677 4050 732 4124 to).
751 4075 763 4101 ι
1037 4050 1082 4106 toa
1100 4049 1149 4130 qui
1161 4047 1201 4123 de
1217 4048 1319 4103 eadem
1330 4055 1397 4102 arte
1408 4054 1627 4129 praeceperunt,
1645 4048 1837 4129 expressisse

76 4158 79 4163 -
159 4137 194 4196 20,
219 4142 321 4198 p01031
342 4145 439 4197 autem
461 4145 489 4196 ει
504 4142 644 4196 drachma
659 4156 713 4212 pm
728 4140 828 4195 potem·
842 4139 947 4195 Testa.
1034 4119 1144 4193 placita
1153 4118 1302 4188 suo.Tum,
1312 4124 1475 4189 propositis
1484 4134 1636 4173 sacrorum
1647 4119 1778 4174 codicum
1787 4117 1838 4171 atr·

135 4232 212 4286 mmo
234 4231 341 4303 accipi,
366 4230 569 4286 didrachmum
593 4245 646 4301 pro
671 4228 946 4301 utriusqueTesta·
1038 4188 1835 4264 quotlocis,dicendiquesillicservarisedulcprobat.

76 4306 79 4313 ’
135 4319 205 4374 nuti
217 4320 311 4391 pretio
324 4335 332 4388 ;
347 4320 417 4391 quia
431 4320 596 4375 secundum
617 4319 714 4390 legem
738 4316 947 4388 unusquisque
1251 4295 1422 4350 A¹⁸R⁰⁸¹⁰⁸
1436 4294 1527 4350 JVSTO
1538 4294 1586 4365 (4)·

135 4410 175 4467 lt?
196 4407 549 4482 legemredimebatur:
582 4407 633 4479 qui
660 4409 758 4462 autem
781 4405 987 4496 secundumn
1037 4400 1198 4474 l.Negant
1211 4400 1346 4473 plerique
1361 4403 1481 4455 nostros
1507 4401 1545 4469 (5)
1564 4397 1836 4454 secundumartem

159 4523 192 4650 51)
211 4532 251 4588 lta
273 4534 333 4588 vet.
359 4531 427 4587 edit.
444 4547 478 4586 ae
495 4546 569 4586 mss.
586 4545 677 4602 prope
692 4529 728 4583 ad
744 4544 853 4584 unum:
869 4544 944 4583 non·
1037 4527 1077 4597 (5)
1090 4525 1175 4592 Quod
1189 4523 1538 4596 negabaturaplerisque
1549 4521 1666 4576 exertis
1676 4519 1835 4602 preceptis

135 4597 191 4654 ¹¹⁸¹!
211 4606 306 4659 teman
331 4607 360 4658 et
381 4605 466 4658 Rom.
481 4602 561 4670 edit,
581 4624 592 4650 v
610 4601 756 4672 sanguine
771 4598 881 4656 Christi
896 4615 946 4654 re·
1002 4599 1193 4668 scriptorem
1215 4597 1335 4650 osuisse
1359 4609 1464 4648 saeros
1486 4598 1634 4672 auctores
1652 4607 1763 4645 nemini
1779 4607 1835 4646 mi-

135 4658 185 4722 fltm
203 4676 248 4730 tus
263 4689 384 4730 crucem
398 4673 531 4744 accipiat.
551 4696 562 4721 ι
1002 4685 1067 4724 rum
1082 4667 1176 4721 videri
1190 4613 1286 4721 (fobet.
1300 4665 1372 4718 Nam
1385 4664 1422 4745 de
1430 4664 1528 4718 Veteri
1539 4662 1657 4744 quidem
1667 4663 1836 4745 Testamen-

160 4687 248 4820 stfhn
263 4744 404 4800 drachma
420 4748 447 4799 et
462 4743 602 4798 denarius
617 4741 711 4813 pretio
732 4742 809 4796 inter
822 4756 856 4795 so
872 4756 945 4795 con·
1001 4743 1042 4807 to,
1058 4739 1126 4793 licet
1143 4737 1247 4807 partim
1262 4751 1278 4789 a
1292 4735 1394 4815 Moyse
1415 4751 1445 4789 m
1464 4733 1675 4816 AEgyptroruvo
1690 4738 1836 4803 sapientia

135 4812 241 4883 unani,
257 4815 439 4872 dissentiunt
453 4815 529 4869 inter
539 4829 583 4884 se,
595 4817 627 4867 ut
637 4813 771 4868 Nunnius
782 4810 946 4866 inseholiis
1001 4809 1184 4880 peritissimo
1199 4809 1350 4861 exaratum
1366 4809 1414 4873 sit,
1431 4808 1536 4885 partim
1555 4804 1592 4858 ab
1617 4804 1684 4859 alus
1709 4819 1836 4875 quorum

136 4870 263 4953 ⁰b'tervat
284 4886 414 4949 Budeua,
435 4885 578 4952 alciatus,
598 4886 685 4955 atque
703 4883 777 4938 Rod.
796 4881 945 4954 Agricola,
1002 4894 1061 4936 non
1083 4892 1195 4950 paucos
1219 4875 1368 4947 multiiugi
1391 4875 1526 4957 doctrine
1549 4876 1684 4930 excultos
1701 4878 1835 4958 constat,

136 4942 162 4997 'd
173 4964 240 5022 quoa
255 4956 429 5028 hujusmodi
444 4956 597 5010 studiosos
619 4954 795 5009 eruditionis
819 4953 946 5007 remitti·
1001 4953 1099 5006 tamen
1113 4948 1181 5020 quia
1196 4947 1233 5029 ob
1248 4961 1528 5029 roram'prrmrgenu
1543 4946 1715 5028 eorumdem
1739 4946 1834 5029 labro-

137 5024 187 5071 uus
218 5029 293 5083 sicut
316 5032 345 5083 et
367 5028 404 5082 ad
426 5027 642 5096 Villalpandum
679 5023 891 5081 Brerewodum
911 5037 946 5078 ac
1001 5037 1067 5076 rum
1083 5033 1231 5074 sermonis
1246 5016 1666 5089 cognitionem,terenonn1sr
1678 5029 1836 5072 inversio-

136 5067 281 5156 thtbnum.
646 5067 653 5093 ’
1001 5093 1101 5160 nibus,
1117 5090 1215 5160 iisque
1231 5089 1267 5144 de
1283 5089 1374 5143 verbo
1390 5103 1481 5159 prope
1497 5088 1637 5157 reddicis,
1649 5088 1835 5212 legebantur,

162 5157 195 5225 tlt
206 5170 317 5238 Scripta
332 5171 399 5225 ante
414 5184 482 5224 ann.
499 5167 563 5225 ael.
1002 5163 1070 5218 illos
1095 5175 1220 5216 necesse
1245 5163 1307 5214 erat
1327 5175 1430 5230 parum
1447 5174 1509 5229 pivs
1524 5174 1557 5214 aa
1573 5159 1652 5215 terre
1668 5159 1834 5230 cogentiae,

162 5228 195 5306 (ἶ)
208 5239 273 5297 Veri
288 5241 446 5296 admodum
460 5240 621 5307 simileest,
631 5253 698 5293 cum
707 5235 884 5293 Ambrosius
896 5250 948 5290 ex·
1001 5235 1101 5304 utpote
1117 5230 1214 5286 nativa
1229 5246 1283 5285 sua
1298 5229 1420 5300 perinde
1436 5247 1470 5285 ac
1485 5230 1643 5301 peregrina
1665 5230 1833 5310 destitutos.

135 5290 219 5365 bnis
241 5311 353 5367 ultimae
377 5311 510 5381 epistolae
533 5310 635 5365 verbis
658 5310 743 5364 lusto
773 5309 947 5377 potestatem
1002 5303 1085 5370 Quod
1101 5304 1198 5357 autem
1213 5301 1250 5356 ad
1266 5300 1835 5371 novastabulas,cumearumscr1pto-

136 5358 238 5440 ficisset
252 5383 349 5438 denuo
364 5383 443 5437 circa
458 5381 636 5452 Scripturas,
654 5381 679 5435 si
699 5379 769 5451 quid
787 5378 945 5446 videretur,
1002 5391 1053 5430 res
1068 5371 1170 5429 rustici
1186 5388 1222 5427 ac
1237 5372 1364 5442 imperiti
1379 5372 1498 5443 fuerint,
1515 5374 1542 5428 si
1558 5371 1644 5454 modo
1661 5371 1782 5450 Lucam,
1799 5369 1837 5450 ..⁰⁸

135 5444 335 5525 'theogene-
352 5454 431 5508 hunc
446 5453 483 5507 ab
499 5469 535 5506 eo
551 5452 733 5506 sciscitatum
745 5450 851 5517 tuisse,
884 5447 948 5504 uid·
1002 5445 1136 5513 Paulum,
1152 5443 1204 5515 qui
1222 5445 1320 5499 tamen
1344 5444 1480 5499 humanm
1502 5446 1654 5513 sapientiae
1679 5440 1836 5494 lenociniis

131 5514 188 5574 Qu
200 5523 234 5579 de
248 5495 371 5596 stplo’et
383 5523 498 5579 dicendi
514 5522 696 5590 charactere,
711 5536 798 5604 quam
813 5464 946 5575 Forsseria
1004 5532 1091 5599 usum
1106 5530 1139 5570 se
1154 5518 1253 5586 negat,
1269 5515 1421 5598 excipias3
1436 5512 1583 5595 quomodo
1605 5511 1837 5590 conseptuneum

130 5582 270 5667 ”Vimque
279 5594 443 5666 scriptores
455 5595 550 5649 secuti
560 5596 639 5659 sunt,
652 5594 792 5647 sentiret:
806 5590 947 5660 illumque
1003 5587 1225 5657 arbitraremur,
1240 5588 1273 5641 ut
1287 5592 1397 5657 scripta
1413 5587 1538 5657 quaesrto
1547 5580 1730 5637 etadsertrtro
1742 5582 1838 5633 nitore

129 5641 178 5717 Μ
189 5666 382 5745 mepcnsicne
398 5665 535 5745 ejusdem
553 5665 734 5739 interrogato
749 5661 945 5723 satieteoiese.
1003 5657 1177 5735 perpolituri
1187 5658 1313 5715 essent?
1327 5655 1401 5715 Cum
1411 5657 1502 5731 igitur
1518 5655 1662 5710 «nostros
1673 5649 1839 5709 secundum
