3900 6128
112 360 152 433 00
653 342 659 347 ’
866 370 1086 438 ransarro
1808 371 1847 439 aa

108 584 258 655 Doctoris
281 588 383 655 libros
401 591 551 655 constare
574 587 697 673 sapius
719 588 909 670 docuimus,
934 590 1045 656 nullos
1068 590 1150 655 alios
1169 590 1240 671 jam
1263 607 1434 674 superesse
1456 608 1603 671 congruo
1624 593 1693 655 loco
1713 590 1848 655 anobis

112 686 319 770 probabitur.

43 769 50 777 ¹
150 784 302 870 Denique
315 787 403 869 apud
418 786 573 850 eumdem
589 785 822 850 cassiodorum
837 786 902 849 ista
916 786 1077 867 leguntur
1093 810 1100 851 :
1119 787 1265 867 Dicitur,
1293 787 1417 869 inquit,
1445 790 1543 849 ctiam
1565 792 1595 849 et
1620 794 1753 849 sanatur
1769 789 1846 849 Am-

109 880 239 945 brosias
255 885 491 967 prophatarum
514 884 755 946 Comaaeaiaria
780 884 900 966 eloquii
921 885 1014 946 soliti
1032 885 1202 946 dulcedine
1224 888 1424 966 confecisse,
1451 906 1526 967 qucc
1552 887 1734 947 nuliatenus
1754 892 1850 966 potui

108 979 266 1063 reperire,
283 1000 356 1064 quae
369 981 457 1042 rabia
472 1000 589 1063 mapao
602 981 713 1043 studio
729 982 907 1063 qrroereado
922 981 1110 1064 derelinquo
1127 982 1222 1060 (lirici.
1246 1000 1317 1063 cap.
1333 982 1374 1061 3).
1393 987 1465 1047 Non
1480 983 1561 1045 satis
1576 985 1702 1046 clarum
1717 988 1767 1046 ost
1782 1002 1848 1064 (pua

108 1075 151 1140 de
163 1076 406 1142 commentario
421 1080 492 1143 hoec
505 1078 648 1143 debeant
663 1079 778 1161 accipi,
794 1079 859 1141 nisi
875 1079 957 1143 forte
975 1080 1016 1143 de
1031 1079 1284 1144 Commentariis
1300 1081 1334 1144 in
1350 1082 1484 1144 isaiam.
1502 1084 1663 1144 Ceterum
1679 1099 1755 1144 cum
1771 1101 1848 1145 ver-

108 1170 192 1239 bum
214 1174 339 1237 dicitur
362 1177 448 1240 nihil
469 1177 625 1256 affirmet,
651 1176 787 1260 ipseque
808 1177 1021 1240 Cassiodorus
1032 1178 1103 1257 J’am
1118 1180 1319 1241 memoratus
1335 1178 1370 1241 in
1386 1180 1572 1260 quaerendis
1587 1182 1736 1242 veterum
1752 1180 1846 1242 libris

108 1270 324 1352 diligentiam
333 1291 466 1339 omnem
474 1274 631 1339 adbibere
642 1276 760 1338 solitus
770 1275 879 1352 luerit,
890 1276 969 1338 hinc
979 1276 1135 1357 conjicias
1142 1278 1309 1340 communi
1321 1276 1412 1340 sarna
1423 1294 1500 1340 enm
1509 1295 1580 1341 esse
1590 1278 1775 1360 deceptum,
1789 1282 1848 1341 aut

107 1366 169 1433 illa
187 1371 311 1454 scripta
320 1373 393 1453 iam
405 1373 478 1453 ejus
492 1375 589 1436 aetate
604 1373 644 1437 de
659 1374 767 1437 medio
786 1373 929 1437 sublata.

149 1468 235 1534 Sunt
255 1470 314 1550 qui
337 1471 529 1535 existiment
549 1471 726 1535 Proverbia
748 1489 879 1553 quoqne
901 1473 943 1535 ab
967 1470 1137 1534 Ambrosio
1158 1472 1308 1551 exposita
1325 1471 1444 1552 fuisse,
1470 1473 1572 1555 inque
1592 1474 1689 1537 illum
1711 1492 1846 1538 sensum

31 1622 35 1635 .
108 1565 275 1649 accipient
288 1568 397 1648 prime
412 1568 477 1632 ista
495 1570 571 1633 libri
587 1569 639 1630 De
655 1569 832 1652 Mysieriia
852 1570 972 1632 verita:
1002 1568 1053 1631 De
1074 1568 1251 1629 moralibus
1275 1569 1503 1651 quotidianum
1527 1592 1706 1633 sermonem
1729 1573 1846 1633 liubai-

106 1683 196 1743 muc,
220 1684 293 1728 eum
314 1668 363 1728 cel
384 1667 656 1748 patriarcharum
677 1672 772 1749 pcata
795 1668 843 1728 acl
865 1667 1106 1728 Proverbiornm
1133 1666 1317 1748 iayercatur
1336 1673 1516 1750 proecepta.
1547 1671 1588 1731 Et
1609 1687 1690 1732 sane
1713 1670 1849 1733 beatum

106 1762 300 1829 Antistitem
327 1764 548 1830 edisserendis
572 1765 836 1848 patriarcharum
862 1766 1014 1844 Abrahae,
1040 1765 1152 1845 isacii,
1175 1768 1208 1828 et
1231 1765 1373 1827 aliorum
1396 1765 1545 1829 historiis
1569 1784 1627 1846 per
1652 1769 1684 1830 id
1713 1770 1847 1850 tempus

107 1857 301 1927 incubuisse
314 1864 523 1943 exploratum
537 1867 596 1927 est.
612 1864 703 1941 Quod
723 1864 751 1925 si
767 1865 890 1945 puriter
905 1864 940 1926 in
956 1863 1154 1927 illustrando
1170 1862 1419 1926 Proverbiornm
1440 1864 1524 1928 libro
1543 1865 1688 1929 similem
1711 1883 1847 1947 operam

107 1958 327 2041 collocaverit,
344 1961 656 2025 commentationem
671 1961 764 2023 illam
780 1960 961 2024 desiderari
975 1960 1148 2024 fatendum
1163 1960 1236 2022 erit.
1258 1959 1319 2023 Sed
1333 1977 1410 2023 cnm
1430 1978 1468 2024 eo
1486 1963 1547 2025 loci
1565 1964 1700 2025 nonnisi
1715 1965 1755 2027 de
1775 1981 1848 2026 ser-

106 2060 263 2126 monibus
280 2078 362 2144 qnos
382 2060 530 2143 quotidie
544 2061 586 2124 ad
598 2061 760 2141 populum
774 2059 929 2140 habebat,
947 2059 1103 2141 loquatur
1117 2056 1330 2121 Ambrosius:
1357 2059 1444 2122 nihil
1469 2060 1621 2141 prohibet
1644 2062 1743 2143 quin,
1766 2080 1848 2125 con-

105 2155 201 2223 fectis
222 2157 317 2221 libris
335 2173 354 2222 e
375 2157 588 2221 concionibus
616 2159 651 2221 in
680 2156 900 2238 patriarchas,
929 2157 964 2220 in
987 2173 1102 2220 earum
1130 2155 1236 2219 forma
1259 2173 1333 2237 quae
1356 2157 1397 2220 de
1420 2157 1606 2221 Proverbiis
1636 2163 1731 2222 eraut
1759 2161 1846 2222 nihil

105 2253 265 2319 mutarit:
287 2254 410 2318 eaedem
424 2272 502 2319 vero
515 2259 555 2319 ut
568 2255 677 2318 soluta
692 2258 792 2336 atque
805 2254 955 2336 dispersa
969 2253 1048 2317 folia
1066 2255 1182 2332 solent,
1205 2253 1383 2332 deperditae
1404 2254 1490 2328 sint;
1514 2260 1574 2317 aut
1588 2255 1669 2318 sorte
1684 2256 1787 2319 etiam
1803 2274 1846 2320 ne

104 2368 257 2436 unquam
272 2352 407 2436 quidem
421 2352 552 2436 scriptis
572 2353 748 2434 mandatae,
766 2353 854 2434 quod
874 2352 951 2416 aliis
967 2368 1097 2434 qnoque
1111 2350 1260 2432 ejusdem
1273 2351 1439 2415 Ambrosii
1461 2352 1671 2416 sermonibus
1692 2357 1845 2419 evenisse

105 2451 328 2516 certissimum
343 2454 404 2515 est.

145 2546 270 2611 Dicunt
287 2546 425 2629 insuper
444 2546 555 2627 ipsum
567 2548 682 2612 testari
701 2548 742 2612 de
756 2548 914 2629 conjugio
928 2549 965 2610 B.
981 2547 1134 2627 Virginis
1149 2566 1226 2613 cum
1245 2549 1276 2611 S.
1294 2546 1415 2629 Joseph
1436 2565 1470 2612 se
1485 2550 1612 2631 copiose
1628 2549 1843 2631 disseruisse3

103 2645 195 2711 unde
208 2644 392 2726 conjiciunt
406 2644 446 2708 de
461 2645 523 2708 hoc
536 2649 736 2725 argumento
750 2646 874 2710 librum
889 2646 1054 2729 aliquem,
1081 2645 1139 2728 qui
1158 2645 1232 2727 J'am
1257 2663 1324 2708 non
1348 2649 1469 2726 exstet,
1491 2666 1511 2709 a
1535 2651 1650 2710 sancto
1671 2648 1751 2711 Viro
1776 2666 1846 2712 esse

103 2742 340 2826 conscriptum.
356 2743 521 2822 Attamen,
540 2761 617 2806 cum
632 2743 753 2825 saepius
768 2743 831 2806 hac
846 2744 920 2823 ipsa
932 2746 971 2809 de
987 2760 1021 2807 re
1037 2744 1133 2808 illum
1146 2744 1257 2823 egisse
1271 2744 1523 2825 comperiamus,
1545 2748 1628 2826 puta
1649 2746 1684 2809 in
1698 2748 1845 2826 Exposi-

102 2839 195 2905 tione
207 2839 385 2921 Evangelii
400 2842 497 2905 Lucae
511 2841 665 2905 semelae
680 2842 801 2904 iterum
816 2840 886 2923 [lib.
903 2859 936 2921 u,
954 2860 1047 2906 num.
1069 2843 1084 2904 l
1109 2844 1142 2904 et
1164 2858 1243 2920 seq,
1275 2843 1308 2902 et
1336 2841 1392 2903 iib.
1417 2859 1457 2922 x,
1479 2860 1572 2905 num.
1601 2842 1680 2923 133),
1703 2843 1739 2905 in
1761 2843 1846 2907 libro

103 2936 157 3002 De
168 2937 282 3001 laatit.
306 2933 397 3021 Virp.
413 2938 552 3003 totidem
570 2939 651 3003 locis
668 2939 751 3020 (cap.
768 2942 832 3002 tet
846 2940 887 3020 71,
904 2943 937 3004 et
952 2941 986 3003 in
999 2941 1125 3022 hymno
1138 2939 1236 3002 tertio
1252 2940 1397 3018 (strophe
1409 2939 1452 3019 5),
1473 2938 1550 3002 licet
1570 2939 1723 3015 brevius;
1744 2945 1782 3003 ut
1805 2942 1845 3004 de

102 3035 188 3102 libro
210 3036 339 3121 perdito
361 3035 619 3100 Ambrosianum
641 3036 750 3101 iocum
778 3038 998 3121 accipiamus,
1024 3054 1196 3101 necessum
1225 3054 1292 3099 non
1315 3039 1365 3099 est
1380 3057 1386 3097 :
1415 3036 1514 3118 idque
1538 3037 1683 3100 maxime
1707 3056 1783 3101 cum
1808 3040 1842 3100 iu

103 3133 200 3201 Isaioe
224 3152 295 3200 com
332 3135 471 3199 entariis
494 3134 638 3217 aliisque
662 3135 817 3216 operibus
841 3153 915 3218 quae
937 3152 1014 3201 vere
1039 3135 1249 3215 exciderunt,
1273 3133 1382 3198 denno
1400 3134 1535 3198 tractari
1552 3135 1594 3198 ab
1609 3135 1681 3218 ipso
1700 3138 1844 3218 potuerit

102 3233 220 3299 eadem
234 3153 386 3299 magma.

141 3331 206 3397 Hic
219 3332 322 3397 etiam
336 3331 428 3396 locus
442 3349 542 3415 quem
562 3332 609 3396 ita
621 3331 767 3413 legimus
783 3333 872 3416 apud
886 3333 1119 3399 Ambrosium:
1148 3331 1239 3414 Erpa
1260 3331 1315 3394 illa
1335 3330 1486 3408 Samson,
1503 3335 1539 3392 at
1553 3332 1776 3413 compendium
1782 3337 1842 3414 sa·

102 3430 228 3493 eumue
250 3429 421 3505 histor-im
442 3449 501 3492 auo
526 3433 611 3491 anim
634 3434 777 3513 tempori
798 3433 899 3492 totius
922 3430 1071 3493 lectionis
1091 3431 1233 3512 dipcatio
1253 3429 1451 3490 reservanda
1474 3428 1628 3511 (Prolop.
1654 3433 1688 3491 in
1712 3430 1766 3493 lib.
1794 3431 1846 3493 De

103 3524 196 3610 Spir.
212 3528 244 3592 S.
267 3547 301 3592 n.
320 3527 391 3610 12):
417 3528 619 3610 quibusdam
633 3528 670 3592 in
685 3529 839 3592 animum
858 3528 992 3593 induxit
1011 3529 1183 3593 Doctorem
1202 3532 1353 3591 nostrum
1376 3527 1416 3589 de
1438 3528 1607 3590 samsonis
1625 3530 1730 3607 gestis
1749 3546 1845 3592 com-

102 3625 346 3711 mentationem
362 3625 421 3690 abs
436 3642 471 3691 se
485 3625 647 3690 edendam
667 3642 738 3690 esse
753 3626 957 3708 pollicitum:
984 3630 1017 3690 et
1039 3626 1194 3707 quamvis
1217 3625 1370 3689 eamdem
1388 3624 1564 3687 historiam
1584 3624 1621 3689 in
1638 3625 1778 3707 epistola
1798 3628 1842 3688 ad

112 3720 269 3805 Wpilium
286 3723 393 3805 (epist.
413 3723 461 3806 19)
482 3724 702 3806 pertexuerit‚
727 3742 824 3787 suam
847 3729 960 3791 tamen
984 3725 1084 3789 fidem
1110 3741 1175 3788 non
1203 3723 1381 3800 liberasse3
1403 3740 1482 3785 nam
1505 3725 1726 3804 praeterquam
1755 3726 1842 3804 quod

102 3820 251 3902 ejusdem
263 3821 410 3887 historie
423 3821 601 3905 explicatio
616 3821 664 3886 ibi
678 3823 774 3886 nulla
786 3826 847 3903 est,
865 3824 1066 3903 promissum
1077 3839 1150 3888 esse
1165 3822 1262 3884 ahrnt
1276 3821 1437 3902 scriptum
1456 3819 1642 3900 publicum,
1669 3821 1846 3900 epistolam

103 3934 182 3985 vero
193 3920 371 4004 privatam.
388 3924 523 4002 Verum,
539 3922 577 3984 ut
591 3921 786 3985 omittamus
799 3922 971 3985 Ambrosio
987 3922 1142 4001 ignotum
1155 3939 1223 3983 non
1242 3919 1345 3982 fuisse
1359 3918 1517 3998 epistolas
1537 3936 1617 3981 suas
1638 3918 1729 3981 haud
1745 3919 1847 3983 intre-

104 4021 246 4101 quenter
258 4019 410 4102 publicas
424 4019 507 4100 fieri,
526 4019 602 4102 quis
617 4037 683 4083 non
699 4019 811 4083 videat
825 4019 911 4083 nihil
927 4019 1005 4083 certi
1020 4037 1060 4083 ac
1075 4018 1206 4082 definiti
1221 4016 1450 4107 Ambrosianis
1469 4016 1618 4096 promitti
1635 4017 1745 4079 verbis
1759 4037 1765 4095 ;
1785 4035 1846 4082 nec

103 4117 286 4183 bachium
299 4117 420 4201 potius,
439 4136 540 4200 quam
553 4133 738 4182 sermonem
753 4117 899 4199 aliquem
916 4117 983 4181 illic
997 4116 1136 4196 signari.
1155 4114 1216 4178 Cui
1232 4114 1357 4179 accedit
1370 4131 1458 4194 saepe
1481 4115 1603 4195 saepius
1627 4133 1691 4178 usu
1714 4116 1841 4197 venire,

103 4217 144 4281 nt
156 4216 278 4280 similis
292 4215 444 4298 promissi
462 4219 630 4280 auctorem
644 4233 744 4278 suum
760 4215 835 4278 aliis
850 4215 938 4278 carris
957 4215 1154 4279 distractum
1168 4219 1202 4279 et
1215 4215 1413 4293 occupatum
1428 4212 1539 4292 capiat
1555 4212 1689 4276 oblivio.

146 4312 304 4378 Iaenntius
317 4312 526 4394 Byzantinus
540 4312 798 4377 Ambrosianum
812 4312 1041 4377 testimonium
1055 4314 1146 4394 citat,
1164 4333 1205 4375 ex
1220 4311 1315 4385 libra,
1331 4311 1441 4393 inquit
1457 4309 1525 4392 (lib.
1542 4329 1566 4373 11
1586 4310 1679 4372 Cant.
1697 4310 1792 4374 Neat.
1812 4318 1842 4374 at

105 4410 275 4496 miryca),
295 4414 410 4475 cantra
426 4410 687 4493 Apollinarium,
702 4411 789 4492 qnod
805 4411 841 4474 in
855 4410 923 4473 illis
937 4409 1103 4490 operibus,
1125 4428 1200 4491 quas
1222 4426 1312 4472 nunc
1334 4406 1498 4471 Ambrosii
1513 4407 1649 4471 nomine
1663 4407 1844 4472 circumfe-

104 4510 237 4591 runtur,
253 4511 400 4591 negatur
415 4507 570 4574 inveniri.
588 4507 650 4572 Sed
666 4526 733 4573 non
752 4512 803 4573 est
822 4525 882 4571 cur
904 4525 1106 4589 magnopere
1129 4506 1335 4572 confidamus
1355 4505 1458 4586 huius
1482 4505 1626 4567 auctoris
1651 4505 1687 4568 in
1711 4506 1845 4571 citando

103 4604 304 4688 diligentiae,
321 4606 443 4690 quippe
458 4607 516 4690 qni
531 4606 641 4671 libror
660 4605 783 4668 Contra
800 4605 992 4667 Nestorium
1011 4609 1043 4667 at
1063 4605 1262 4689 Errtyahatea
1285 4603 1368 4667 duos
1389 4603 1476 4667 locos
1491 4602 1635 4684 proterat
1648 4604 1712 4666 snb
1729 4603 1844 4668 eodem

104 4701 272 4785 lemmate,
288 4720 372 4785 quos
385 4704 500 4769 tamen
514 4704 551 4769 in
561 4704 646 4770 libro
665 4704 717 4767 De
731 4703 865 4767 incarn.
878 4703 975 4768 Dom.
993 4703 1157 4779 Sacram„
1178 4702 1235 4767 sed
1251 4719 1318 4765 non
1338 4700 1456 4764 iisdem
1471 4700 1607 4763 omnino
1622 4700 1732 4764 verbis
1747 4718 1794 4783 rep
1805 4719 1845 4765 e·

104 4798 171 4867 rire
181 4805 243 4867 est.
256 4799 341 4880 Quid
354 4819 435 4882 ergo
448 4801 477 4867 si
491 4803 628 4868 tedium
642 4804 733 4868 hunc
744 4803 866 4882 locum,
884 4819 983 4884 quem
997 4801 1150 4883 sequenti
1171 4799 1256 4864 libro
1271 4800 1412 4864 citatum
1432 4799 1599 4878 legimus,
1623 4800 1788 4879 tanquam
1802 4816 1844 4862 ex

103 4898 220 4966 eodem
232 4898 324 4963 fonte
338 4898 491 4980 petitum,
513 4918 578 4982 quo
592 4901 658 4965 duo
673 4902 735 4984 illi,
752 4901 854 4965 etiam
870 4917 911 4964 ex
925 4899 1010 4964 libro
1024 4899 1076 4962 De
1088 4897 1323 4961 incarnatione
1337 4897 1474 4961 ductum
1485 4895 1669 4977 credamus,
1688 4897 1765 4960 licet
1775 4916 1844 4961 non

105 4997 247 5064 servatis
262 4996 380 5062 iisdem
394 4997 531 5061 verbis?

144 5098 220 5163 Non
233 5096 355 5160 desunt
367 5095 505 5160 tandem
519 5096 578 5178 qui
591 5113 633 5159 ex
647 5097 820 5178 splendido
833 5095 1017 5176 Augustini
1030 5095 1101 5160 loco
1117 5095 1185 5179 (lib.
1207 5113 1232 5158 u
1250 5093 1341 5158 Solii.
1359 5112 1431 5175 cap.
1450 5092 1509 5171 141,
1533 5108 1632 5173 quem
1649 5093 1730 5173 qnia
1744 5094 1844 5172 paulo

104 5194 295 5277 productior
312 5198 373 5276 est,
392 5212 457 5258 non
473 5193 663 5273 referemus,
680 5194 889 5259 Ambrosium
906 5200 1057 5259 nostrum
1080 5195 1247 5278 peculiare
1270 5211 1354 5275 opus
1380 5192 1431 5252 Da
1451 5189 1707 5251 inimortalitota
1722 5191 1843 5251 0010000

104 5292 248 5360 edidisse
261 5293 476 5357 contendant.
492 5292 593 5375 Atqui
608 5296 722 5356 tamen
737 5295 776 5355 ut
791 5293 971 5371 Augustini
986 5293 1089 5357 verba
1102 5293 1240 5374 plenum
1267 5309 1305 5354 ac
1328 5290 1498 5368 integrum
1522 5304 1658 5350 sensum
1684 5288 1842 5368 habeant,

104 5390 254 5458 sufficere
268 5391 411 5469 videtur,
433 5391 521 5472 quod
535 5390 729 5454 Ambrosius
746 5389 780 5452 in
795 5389 898 5452 variis
912 5390 1006 5453 libris
1020 5391 1188 5455 decadem
1203 5387 1454 5452 immortalitate
1467 5385 1701 5466 disputaverit,
1722 5385 1753 5445 Si
1770 5387 1847 5465 quis

102 5506 181 5556 vero
199 5488 383 5555 detenderit
397 5488 601 5570 pertinacius
618 5489 686 5551 illic
700 5490 881 5551 tractatum
896 5503 937 5549 ex
957 5489 1122 5568 proposito
1146 5503 1246 5566 super
1268 5502 1307 5547 ea
1330 5501 1365 5546 re
1387 5482 1620 5547 elucubratum
1644 5481 1845 5561 significari,

102 5602 144 5652 ea
158 5589 292 5670 quidem
305 5588 381 5668 lege
395 5605 463 5651 non
477 5604 717 5668 repugnamus,
736 5586 814 5649 dum
830 5584 977 5666 epistola»
991 5585 1036 5646 ad
1052 5584 1294 5646 Horoatiaaam,
1310 5581 1415 5663 (epist.
1437 5584 1476 5643 34
1499 5583 1532 5644 et
1557 5580 1638 5662 seq.)
1665 5599 1685 5642 a
1709 5581 1846 5644 Doctore

102 5688 216 5751 nostro
230 5688 316 5752 circa
329 5684 480 5751 eamdem
495 5686 667 5751 materiem
682 5685 812 5769 scriptae
828 5684 1075 5765 intelligantur.
