3900 6128
184 260 244 327 aaa
902 244 936 321 s,
957 253 1178 319 auaeosn.
1738 216 1739 220 ‘
1851 251 1915 319 eso

184 461 304 519 festinat
319 457 520 532 adjudicium,
539 459 599 516 nisi
615 459 666 532 qui
690 460 726 516 de
741 457 909 515 innocentia
924 473 1014 513 secu·
1032 437 1181 512 Asinium
1192 454 1367 527 reservavit,
1382 454 1436 511 sed
1460 457 1555 511 totum
1570 454 1697 512 Domino
1719 454 1838 512 sobolis
1852 456 1911 527 pias

182 551 301 620 rusost,
317 552 366 604 aut
381 549 432 621 qui
456 549 608 605 delabere
631 550 794 620 praesumit,
816 548 864 603 cui
885 550 934 602 aut
948 562 1016 620 gra·
1072 545 1342 616 munusimpendit.

182 638 223 694 tia
251 638 378 709 Domini,
403 640 453 693 aut
466 638 513 710 pia
528 654 581 709 pre
596 637 715 694 Christo
731 638 891 693 certamina
907 635 1016 692 suffra·
1109 634 1153 689 94.
1172 635 1213 689 Te
1238 650 1327 705 nunc,
1344 633 1480 704 Domine,
1502 633 1649 704 deprecor
1663 636 1696 688 ut
1719 649 1814 705 supra
1837 633 1914 690 banc·

183 727 301 800 gantur.
1074 724 1193 779 domum
1206 725 1297 792 tuam,
1314 738 1404 794 supra
1416 722 1482 778 haec
1504 722 1618 792 altaria,
1641 738 1709 794 quas
1731 722 1912 781 hodiededi·

218 815 264 871 93.
278 813 372 880 Quam
394 815 494 888 utique
509 815 630 871 hebebit
644 815 870 888 praerogativam
886 816 957 870 etea
972 813 1018 867 vi·
1073 815 1185 880 cantur,
1206 828 1296 882 supra
1311 811 1368 866 hos
1382 811 1496 882 lapides
1511 811 1673 882 spiritales,
1690 810 1803 883 quibus
1817 811 1913 867 sensi-

191 903 491 977 duaquaebeuesrlios
503 905 688 969 educaverit,
701 909 728 960 et
740 904 769 958 in
780 903 883 959 liberis
894 902 1020 975 gratula-
1072 900 1131 956 bile
1146 900 1199 956 tibi
1209 901 1238 954 in
1254 900 1382 972 singulis
1397 899 1701 970 templumsaeratur:
1719 899 1911 972 quotidianus

186 992 277 1063 bitur,
290 993 449 1048 etmaxime
460 1010 527 1065 quaa
543 993 881 1064 omnesquossuscapit‚
895 992 1019 1047 Domine
1072 990 1194 1061 praesul.
1204 989 1349 1059 intendas,
1372 989 1584 1060 orationesque
1599 1004 1760 1044 serverum
1783 991 1912 1061 tuorum,

185 1081 273 1136 dedit.
290 1081 375 1137 Unde
386 1085 414 1136 et
429 1081 478 1136 illa
489 1081 669 1154 Euangeliou
679 1082 767 1136 vidua
782 1081 923 1136 divitibus
939 1083 1019 1135 anto·
1073 1095 1140 1150 quae
1160 1078 1190 1133 in
1205 1078 1261 1133 hoe
1285 1077 1351 1133 loce
1367 1077 1548 1149 lundundur,
1570 1077 1669 1132 divina
1691 1080 1742 1133 tua
1759 1077 1911 1149 suscipias

184 1169 278 1225 fertur
291 1169 373 1241 (Luc.
390 1187 451 1238 xxi,
467 1170 494 1240 8,
509 1169 537 1241 t)
551 1186 558 1241 3
575 1187 633 1226 nen
649 1169 912 1241 solamenimquia
926 1171 1020 1224 totum
1073 1167 1289 1223 misericordia.
1310 1166 1374 1220 Fiat
1396 1166 1450 1221 tibi
1472 1166 1504 1221 in
1519 1167 1641 1222 odorem
1665 1166 1914 1224 sanctificationis

183 1257 436 1330 quodhabuit,ad
455 1259 737 1330 vietumpauperum
753 1258 1016 1327 misit3sedetiam
1074 1257 1141 1327 (75),
1164 1271 1250 1311 omne
1276 1254 1457 1311 sacrificium
1476 1255 1556 1326 quod
1586 1255 1616 1310 in
1642 1255 1701 1311 hoo
1726 1255 1840 1328 templo
1860 1257 1913 1314 ilde

184 1347 263 1418 quod
278 1346 336 1402 duo
349 1364 408 1402 aera
424 1348 540 1417 detulit,
559 1348 710 1403 llominica
732 1363 806 1403 voce
826 1346 971 1414 laudatur,
988 1347 1018 1401 id
1074 1345 1199 1417 integra,
1224 1345 1271 1415 pia
1294 1343 1450 1399 sedulitate
1468 1343 1609 1400 defertur.
1635 1344 1672 1399 Et
1696 1344 1821 1400 eumad
1836 1344 1912 1402 illam

184 1439 230 1490 est
245 1435 361 1506 plenam
376 1436 473 1491 fidem.
500 1437 633 1509 Denique
653 1438 690 1491 ad
713 1437 843 1492 hominis
861 1436 1016 1491 sanitatem
1074 1434 1203 1504 respicis
1226 1433 1353 1488 hostiam
1369 1433 1540 1503 salutarem,
1565 1448 1618 1505 per
1641 1449 1732 1505 quam
1756 1438 1910 1506 peccatum

183 1525 213 1580 et
227 1523 276 1580 ille
294 1523 495 1580 Samaritanus
510 1527 568 1581 due
583 1542 642 1581 aera
658 1525 819 1581 stabulario
845 1524 935 1588 dedii,
948 1525 1015 1596 qui·
1074 1522 1176 1577 muudi
1190 1522 1282 1594 liujus
1293 1522 1438 1590 aboletur,
1459 1521 1605 1592 respicias
1620 1523 1708 1578 etiam
1724 1522 1762 1577 ad
1777 1523 1837 1579 has
1855 1523 1909 1595 pia

184 1610 243 1666 bus
271 1612 372 1667 ulcera
395 1618 511 1670 curaret
530 1615 610 1669 illius
637 1631 654 1668 a
678 1614 844 1669 latronibus
874 1613 1021 1669 vulnerati
1075 1611 1189 1667 hostias
1205 1610 1359 1680 eastitatis,
1380 1614 1409 1666 et
1423 1611 1561 1666 diuturno
1575 1625 1627 1666 eas
1641 1611 1758 1667 tuearis
1777 1612 1901 1684 auxilio;

185 1701 266 1756 (Luc.
278 1719 308 1771 x,
324 1701 383 1770 35).
410 1702 492 1776 Ergo
508 1704 576 1775 quia
589 1707 618 1759 et
636 1704 799 1759 secundum
807 1704 898 1759 Vetus
914 1702 1019 1757 Testa·
1034 1739 1061 1801 B
1075 1702 1106 1754 ut
1121 1701 1192 1754 fiant
1202 1699 1255 1754 tibi
1271 1699 1300 1754 in
1311 1699 1433 1754 odorem
1450 1700 1605 1754 suavitatis
1620 1699 1730 1756 hostias
1746 1700 1906 1772 acceptabi-

184 1793 314 1845 mentum
332 1790 431 1846 liar-ies
447 1793 561 1847 sororis
577 1794 675 1847 Aaron
692 1792 890 1865 virginitatem
906 1791 1015 1862 (tired.
1076 1789 1130 1857 les,
1148 1788 1266 1844 Christo
1284 1788 1407 1843 Domine
1422 1788 1583 1858 placentes,
1605 1793 1633 1843 et
1653 1789 1807 1862 integrum
1828 1791 1908 1861 spiri·

184 1894 235 1947 xv,
250 1878 306 1948 80),
323 1882 351 1933 et
366 1881 529 1935 seeundum
546 1881 662 1936 Novum
677 1885 788 1936 sanotae
798 1880 897 1935 Mariae
914 1879 1017 1934 Matris
1074 1880 1135 1934 turn
1149 1893 1262 1946 eorum,
1273 1877 1664 1948 etenimarueteerpussine
1675 1878 1802 1950 querele
1817 1893 1904 1951 usque

184 1966 301 2021 Domini
319 1968 517 2040 integritatem
536 1970 654 2040 (liattlr.
673 1987 692 2038 1,
716 1969 772 2038 ⁶28).
795 1969 825 2023 in
839 1968 937 2024 studio
954 1985 1017 2023 suae
1073 1967 1104 2023 in
1119 1967 1197 2022 diem
1212 1965 1328 2021 llemini
1339 1967 1433 2021 nostri
1445 1965 1517 2022 lesu
1527 1965 1638 2021 Christi
1650 1965 1717 2022 Filii
1737 1968 1781 2022 tui
1792 1980 1908 2024 serrare

183 2053 275 2126 prolis
290 2055 399 2110 imitata
414 2061 468 2127 est,
486 2059 751 2112 remunerationem
768 2057 835 2111 fidei
853 2057 954 2112 divino
971 2056 1020 2128 ju·
1074 2055 1219 2128 digneris.

184 2142 261 2197 dicio
276 2147 493 2216 consequetur3
515 2163 581 2217 quae
603 2147 676 2201 nihil
700 2146 760 2201 sibi
775 2146 811 2200 ad
827 2146 929 2201 soeculi
946 2145 1021 2201 sub·

218 2285 275 2356 (75)
289 2287 329 2341 lta
342 2290 399 2342 vet.
411 2303 455 2342 ae.
471 2289 555 2359 pauci
573 2305 646 2360 ms.;
666 2288 713 2343 alii
732 2288 900 2362 verelcnge
915 2288 1043 2360 plurimi,
1056 2289 1087 2344 in
1106 2288 1246 2343 bonorem
1260 2285 1526 2351 saneeiecationis;
1547 2289 1576 2341 at
1592 2287 1677 2343 Rom.
1695 2288 1766 2344 edit.
1793 2288 1865 2360 sola,
1881 2290 1909 2345 ia

183 2374 302 2430 odorem
313 2378 483 2432 suavitatis.

211 2531 1913 2567 m

456 2684 508 2763 IN
539 2685 725 2767 LlBlttlll
751 2687 814 2766 uu
849 2688 1005 2771 laese
1043 2686 1263 2768 lllltGlllls
1298 2685 1637 2768 GONSllGllll'AE

919 2867 1173 2931 aeuourrro.

218 3210 453 3273 Contineturhoc
469 3215 499 3271 in
510 3232 599 3288 opera
614 3215 874 3279 vehementissima
896 3217 1070 3289 increpatio,
1098 3235 1155 3291 qua
1170 3218 1297 3290 puellam
1312 3233 1379 3290 quae
1400 3221 1469 3290 post
1483 3217 1661 3290 promissam
1686 3216 1722 3272 ad
1738 3232 1807 3274 aras
1822 3212 1913 3290 virgi·
1931 3196 1946 3275 J

181 3300 301 3357 uitatem
311 3304 407 3359 vitiari
426 3320 459 3361 se
474 3306 511 3361 ab
526 3307 675 3378 impudico
690 3306 879 3362 adolescente
895 3307 1007 3376 saepius
1023 3321 1113 3378 passa
1129 3308 1204 3378 (cap.
1221 3307 1246 3374 l,
1263 3323 1343 3362 num.
1357 3307 1412 3378 ll),
1424 3308 1511 3362 etiam
1527 3309 1703 3378 conceptum
1718 3322 1757 3363 ex
1768 3323 1803 3363 eo
1819 3303 1927 3383 intas-j.-

181 3390 240 3445 tem
255 3406 381 3448 necasse
392 3394 467 3466 (cap.
484 3396 511 3463 8,
521 3412 601 3450 num.
618 3396 664 3465 53)
678 3395 840 3466 dicebatur,
857 3412 974 3450 summe
990 3411 1056 3451 cum
1076 3397 1165 3451 animi
1188 3395 1289 3451 dolore
1306 3395 1444 3468 objurgat
1460 3395 1596 3469 ejusdem
1610 3397 1785 3468 episcopus.
1810 3388 1913 3468 lugani

182 3482 353 3552 eratsuupte
368 3487 470 3539 natura
481 3485 537 3541 hoc
551 3486 705 3558 flagitium,
718 3486 771 3541 sed
788 3485 858 3540 illud
874 3485 1097 3557 multogravius
1113 3501 1179 3539 eum
1195 3485 1361 3555 oliamulla,
1375 3488 1438 3540 tum
1453 3488 1557 3540 secute
1574 3485 1643 3539 inde
1659 3484 1816 3540 hominum
1828 3481 1911 3540 oties*

182 3568 227 3624 sio
243 3570 409 3628 reddiderat
423 3574 499 3646 (cap.
515 3573 540 3644 l,
558 3593 637 3632 num.
654 3577 691 3647 3).
709 3575 844 3632 Susanna
859 3576 904 3630 sic
920 3575 999 3629 onim
1013 3574 1062 3631 illa
1082 3573 1256 3644 vocabatur,
1274 3575 1350 3645 (cop.
1376 3575 1401 3643 l,
1427 3590 1507 3629 num.
1533 3573 1572 3645 8),
1591 3589 1607 3629 e
1629 3573 1722 3629 nobili
1741 3572 1852 3629 familia
1864 3566 1915 3628 (1ιὲ

182 3657 267 3713 cebat
290 3663 385 3716 ortum
401 3664 476 3735 (cap.
493 3665 519 3735 8,
538 3682 617 3719 num.
634 3663 672 3736 t).
690 3664 763 3719 Cum
779 3667 876 3720 autern
907 3666 1079 3735 perpetuam
1094 3679 1214 3719 servare
1232 3663 1402 3734 pudicitiam
1430 3663 1489 3718 sibi
1512 3663 1731 3734 proposuisset,
1756 3660 1911 3719 contradat
1936 3664 1946 3719 'a

165 3812 168 3817 Ι
181 3760 352 3821 expugnare
369 3753 500 3823 nequivit
510 3756 664 3824 parentum
679 3754 855 3823 voluntates,
872 3754 931 3808 nisi
951 3755 1108 3823 postquam
1121 3752 1261 3807 territlcis
1276 3752 1454 3824 quibusdam
1465 3751 1540 3807 visis
1556 3752 1593 3807 ad
1608 3752 1637 3806 id
1650 3753 1809 3808 semoveri
1820 3766 1874 3807 san
1901 3735 1907 3745 ⁸

179 3835 338 3894 aiilrmavit
369 3841 445 3912 (cap.
479 3842 506 3897 l.
524 3858 603 3897 num.
622 3843 677 3912 lu).
695 3843 763 3913 lpse
792 3842 910 3898 Domini
923 3839 1132 3896 reviviscentis
1155 3838 1231 3895 sesto
1256 3840 1287 3894 in
1306 3840 1606 3911 praecipuabasilica,
1637 3854 1731 3911 prope
1754 3840 1845 3895 altare
1862 3836 1917 3912 qud·
1943 3852 1946 3904 i

180 3939 245 3980 eam
259 3928 473 3999 neophytorum
489 3947 600 4004 greges
615 3949 681 3987 curn
706 3933 803 3987 cereis
818 3930 956 3987 accensis
971 3929 1154 3985 deduxerant
1167 3930 1243 4000 (cap.
1260 3930 1287 3999 5,
1308 3945 1388 3984 num.
1406 3928 1460 3998 l8),
1486 3931 1554 3984 vota
1573 3945 1638 3999 sua,
1653 3929 1800 3984 universo
1815 3924 1917 4001 popula,
1933 3931 1939 3941 '

180 4016 379 4084 respondente
395 4019 500 4089 Arnen,
516 4020 717 4091 pronuntiavit
738 4020 828 4088 (Ibid.
845 4036 925 4075 nrrm.
943 4017 999 4089 lli).
1020 4017 1090 4074 llox
1103 4017 1161 4088 ipsi
1179 4018 1316 4087 imposito
1333 4021 1401 4090 pest
1420 4020 1593 4073 consuetam
1609 4017 1846 4073 exhortationem
1854 4006 1921 4083 usli·¹

179 4103 260 4159 illam
276 4104 343 4161 aliis
361 4110 637 4165 sanctimonialibus
652 4109 874 4181 junctnmidem
889 4107 998 4178 praesul
1017 4107 1136 4162 admisit
1157 4107 1187 4161 in
1202 4108 1380 4162 asceterium
1401 4108 1478 4178 (cap.
1508 4106 1535 4175 Ἰ,
1552 4123 1631 4161 num.
1658 4106 1692 4161 el
1714 4108 1846 4180 etseq.)
1869 4098 1914 4162 ubl
1939 4137 1946 4172 a

180 4194 312 4251 eamdem
329 4196 444 4252 idoneis
466 4200 623 4270 praereptis
647 4199 789 4270 frequens
807 4198 939 4253 imbuere
963 4211 1022 4252 non
1037 4195 1208 4269 negligebat
1218 4195 1330 4266 (ibid)
1348 4196 1443 4252 l'itam
1467 4196 1527 4250 illic
1542 4195 1774 4268 haudquaquam
1788 4194 1870 4251 duxit
1881 4190 1946 4281 obp

180 4285 260 4338 omni
276 4285 517 4358 criminisspecie
534 4303 568 4342 ae
599 4287 792 4343 similitudine
815 4287 854 4341 ita
870 4290 1011 4342 remotam
1026 4285 1097 4357 quin
1111 4301 1169 4340 non
1185 4284 1275 4340 multo
1290 4301 1345 4355 pos
1364 4284 1431 4357 ejus
1452 4285 1572 4340 castitas
1592 4284 1732 4340 adversis
1751 4282 1946 4371 τυιιιοήὴω).

179 4373 384 4433 traduceretur
402 4386 476 4449 (cap
497 4377 524 4444 e,
545 4392 626 4431 num
647 4375 703 4447 94).
732 4377 796 4431 Hoc
823 4373 1078 4446 impatientissima
1106 4373 1170 4429 tulit
1189 4372 1356 4429 Susanna:
1378 4373 1538 4444 episcopus
1557 4389 1640 4445 vero,
1662 4373 1783 4446 eonjun·
1777 4373 1833 4428 trs
1851 4372 1946 4455 confi

179 4461 315 4535 ejusdem
331 4469 451 4536 parente
472 4467 570 4536 curie,
593 4465 702 4520 trucira
722 4469 752 4520 ut
772 4469 909 4521 auctores
930 4463 1021 4535 hujus
1042 4462 1196 4518 calumniae
1212 4462 1317 4516 detecti
1338 4463 1497 4517 canonicas
1517 4462 1632 4518 luerent
1650 4477 1768 4534 poenas,
1789 4458 1934 4516 desuda-¹
1926 4474 1946 4547 p,

179 4554 230 4608 vit.
247 4553 288 4610 Ea
308 4571 374 4610 eum
394 4555 457 4611 lieri
479 4555 592 4610 cautior
606 4555 675 4609 hinc
700 4554 864 4624 debuisset,
884 4553 996 4624 elapsis
1017 4556 1112 4607 tamen
1126 4550 1221 4605 tubus
1235 4566 1322 4606 annis
1341 4551 1469 4622 (cupi
1491 4567 1571 4606 num.
1598 4551 1661 4619 29),
1688 4551 1805 4606 crimen
1832 4546 1946 4621 cujusq

179 4641 253 4698 falsa
268 4645 387 4700 infamia
398 4663 432 4717 pr
435 4645 481 4701 ius
497 4646 692 4712 laber,avorut
712 4660 770 4699 non
788 4643 853 4698 sine
869 4658 978 4715 magno
989 4641 1160 4697 ludaeorum
1170 4655 1204 4694 uc
1215 4640 1518 4713 gentiliumscandalo
1528 4655 1598 4695 vera
1610 4639 1769 4696 commisit.
1786 4637 1911 4707 Omnem,
1929 4630 1946 4712 b

179 4733 210 4784 ut
228 4731 431 4804 illudcelarei,
452 4735 580 4806 lapidem
598 4734 708 4791 movit:
730 4748 825 4805 noque
841 4732 900 4787 ulla
915 4729 1103 4786 rotroneed
1095 4728 1192 4799 ipsius
1212 4727 1434 4784 contessionem
1457 4728 1562 4783 adduci
1582 4727 1686 4798 potuit.
1707 4726 1851 4783 Contracta
1865 4725 1913 4781 dc

181 4832 261 4874 mum
275 4823 352 4891 opud
367 4825 538 4892 antistitem
555 4823 683 4895 publices
699 4823 814 4878 addicta
839 4825 885 4876 est
903 4818 1083 4891 poenrtentrae
1103 4818 1221 4888 (cap.,6
1246 4834 1326 4872 num.
1352 4817 1407 4890 25).
1429 4818 1521 4884 Quam
1541 4833 1608 4872 cum
1627 4815 1715 4871 illa
1702 4804 1936 4905 pamcoepissdj3-

179 4922 268 4979 agere
283 4914 359 4980 (cap.
374 4910 401 4979 8,
415 4929 493 4967 num
515 4912 594 4982 3l),'
586 4929 682 4984 ipsum
697 4912 840 4967 acerrima
852 4908 1032 4965 erutioneex
1060 4923 1117 4979 que
1136 4908 1252 4961 constat
1273 4907 1329 4961 ista
1344 4907 1477 4979 scriptio,
1489 4906 1566 4962 idem
1585 4905 1697 4977 praesul
1713 4905 1841 4979 aggredi
1856 4896 1934 4960 tur·

179 4996 265 5053 tituit.
283 4998 340 5053 Ubi
365 5000 510 5056 diritatem
530 5002 728 5057 sceleristum
743 5000 951 5072 adjunctorum
967 4996 1198 5065 enumeratione,
1214 4998 1275 5051 tum
1294 4995 1467 5067 depulsione
1483 4995 1710 5051 excusationum
1733 4994 1831 5050 oculis
1845 4988 1931 5050 sub·

175 5083 276 5158 jectis,
298 5087 458 5142 remedium
474 5104 593 5143 unacum
608 5104 635 5143 oa
652 5103 825 5160 superesse
847 5086 991 5158 aequalem
1015 5087 1136 5155 peccato
1160 5084 1361 5155 paenitentiam
1382 5085 1458 5155 (cup
1479 5085 1505 5154 8,
1526 5100 1606 5139 num
1623 5083 1658 5139 33
1691 5086 1721 5138 et
1744 5084 1803 5147 35).
1830 5080 1946 5155 Cujusfi

178 5173 295 5245 quidem
312 5175 429 5231 labores
446 5178 532 5249 atque
544 5176 674 5231 dedecus
691 5177 717 5231 si
733 5192 880 5249 generose
893 5175 928 5229 ud
945 5177 1109 5229 extremum
1121 5188 1216 5244 usquc
1233 5172 1368 5243 spiritum
1393 5172 1570 5240 toleraverit,
1587 5172 1731 5242 premittit
1749 5171 1816 5227 iore
1831 5171 1883 5226 ut'
1875 5184 1919 5225 m·
1940 5160 1946 5220 Γ.

178 5262 252 5318 ferni
269 5263 328 5318 sibi
343 5264 431 5319 debiti
445 5280 504 5320 non
520 5264 649 5319 desitura
661 5265 765 5318 evadat
781 5263 924 5334 supplicia
941 5263 1017 5333 (cap.
1034 5261 1060 5328 8,
1081 5277 1161 5316 num.
1178 5261 1234 5330 35).
1251 5260 1413 5332 Compellat
1435 5261 1522 5315 ctiam
1547 5259 1683 5331 ejusdem
1708 5261 1920 5332 pseudonymae

176 5353 304 5425 virginis
320 5357 521 5424 corruptorem
534 5355 609 5424 (cap.
621 5353 647 5422 9,
660 5369 740 5408 rauna.
756 5352 811 5422 58),
830 5353 915 5423 eiquo
928 5350 1110 5405 Balthasaris
1125 5365 1241 5405 necnon
1256 5350 1474 5405 Sodomitarum
1489 5353 1516 5404 et
1529 5347 1773 5405 Gemrrhaaerum
1788 5345 1919 5419 exemplo

177 5441 406 5512 declarat(uum.
419 5442 474 5512 te),
487 5459 552 5514 qum
563 5443 660 5512 ipsum
673 5457 768 5512 poenae
785 5444 932 5509 maneant,
962 5439 1020 5494 nisi
1044 5438 1160 5494 similes
1174 5439 1390 5509 resipiscentiae
1417 5455 1481 5493 suae
1496 5437 1633 5494 ostendet
1648 5437 1777 5506 fruetus,
1794 5436 1831 5490 ad
1846 5449 1920 5507 quos

176 5532 312 5586 eumdem
327 5530 495 5586 exstimulat
515 5531 605 5600 (num.
622 5530 678 5599 ll),
696 5531 847 5600 proposita
872 5529 997 5584 extremi
1013 5527 1120 5600 judicii
1153 5528 1262 5582 nemini
1285 5527 1421 5583 evitanda
1445 5527 1635 5583 necessitate.
1661 5526 1797 5582 Tandem
1819 5540 1920 5580 meae

177 5635 230 5675 sus
249 5620 286 5674 ad
302 5618 478 5689 Susannam,
507 5635 540 5674 er
555 5618 757 5691 quotidianam
772 5616 878 5688 psalmi
893 5614 928 5671 50
942 5614 1144 5672 recitationem
1159 5617 1262 5672 indicit
1285 5617 1360 5686 (cap.
1387 5614 1431 5685 lo,
1448 5632 1529 5671 num.
1540 5613 1597 5684 ta),
1610 5629 1645 5670 ac
1659 5617 1809 5686 praeterea
1823 5614 1922 5669 varios

177 5709 314 5782 suggerit
326 5710 418 5782 (num.
431 5705 465 5767 te
488 5711 517 5766 ot
540 5709 617 5782 seq.)
643 5707 753 5782 quibus
768 5710 796 5764 et
811 5722 844 5763 se
857 5707 894 5762 ad
910 5706 1043 5763 dolorem
1053 5708 1083 5762 et
1096 5707 1190 5763 Deum
1205 5707 1242 5763 ad
1265 5704 1500 5764 misericordiam
1516 5705 1643 5773 moveat,
1658 5705 1770 5763 mentis
1785 5702 1922 5761 attactus.
