3900 6128
124 251 187 326 849
644 258 699 320 DE
720 257 1334 328 INCARNATIONE-ADMONITIO.
1807 260 1869 327 850

125 461 179 516 est.
196 458 348 515 Nnmlicet
364 457 628 526 dirersadixerint,
642 458 741 512 nullus
753 458 871 524 erravit,
888 458 957 527 qnia
987 441 1016 503 A
1035 458 1183 527 Christus,
1201 461 1254 515 sed
1270 476 1346 516 anns
1362 464 1408 516 est
1424 477 1431 517 ε
1448 464 1476 517 et
1489 465 1556 518 ante
1575 462 1686 518 seacula
1711 479 1748 519 ex
1765 463 1885 536 Patre„

122 552 148 602 et
165 549 257 603 Pater
272 548 389 602 videtur
404 548 434 602 in
451 547 474 602 F
477 548 538 617 ilio,
556 548 605 618 qni
622 547 695 601 dixit
714 565 719 600 :
739 569 750 591 «ι
777 548 831 612 Qui
857 564 902 601 me
917 547 959 599 vi-

123 637 180 703 det,
197 637 279 691 videt
299 642 328 691 ct
341 638 459 691 Patrem
475 638 559 705 (dean
584 654 643 706 xiv,
660 636 697 704 6).
727 659 737 687 a
756 637 792 691 Et
808 637 898 691 Filius
914 637 960 690 ri-

125 724 210 779 detur
224 726 256 779 ia
271 725 392 795 Spiritu,
405 727 473 797 quia
489 727 567 781 sicat
585 748 594 774 a
609 727 702 782 Nemo
719 728 788 780 dicit
805 726 962 780 llominum

121 812 226 866 lesum
241 813 301 869 uisi
315 815 347 868 ia
365 813 474 884 Spiritu
500 819 603 870 sancto
620 817 648 884 (I
671 816 738 870 Cor.
761 832 812 883 nu,
836 814 872 882 3),
894 836 903 862 ιι
923 814 962 867 ila

122 917 179 956 uon
194 901 308 956 carnali
328 903 424 971 oculo,
441 903 493 956 sed
517 904 640 973 spiritali
658 905 750 976 gratia
766 903 903 958 Christus
919 904 962 956 vi·

123 990 216 1046 detur.
236 991 321 1045 Unde
338 995 366 1045 et
381 991 532 1061 Scriptura
548 993 587 1046 ait
601 1013 609 1046 :
629 1015 639 1040 n
658 993 763 1064 Sargo,
776 995 825 1063 qai
838 994 959 1067 dormis,

122 1082 147 1133 et
166 1095 335 1150 exsurges
357 1081 493 1150 mortaiS,
515 1086 543 1135 et
567 1081 720 1136 illucescet
741 1083 794 1136 tihi
823 1082 961 1137 Christus

124 1167 250 1239 (Ephes.
268 1186 296 1235 v,
320 1167 372 1238 it).
397 1169 461 1223 »Et
477 1169 587 1225 Paulus
603 1188 670 1224 eum
691 1171 795 1225 oculos
810 1171 961 1240 perdidis-

122 1258 176 1323 set,
194 1257 345 1327 quomodo
355 1257 412 1312 nisi
424 1258 453 1311 in
469 1258 579 1327 Spiritu
596 1260 668 1322 '700
680 1258 831 1314 Christum
842 1260 961 1334 videbat

120 1344 200 1413 (Act.
218 1362 260 1409 rx,
273 1345 327 1413 Sl?
342 1347 426 1401 Unde
443 1351 470 1401 et
482 1348 624 1402 Dominus
640 1349 680 1402 ait
697 1365 702 1402 :
724 1373 733 1397 a
753 1351 796 1403 hd
813 1350 870 1403 hoc
882 1352 959 1405 enim

120 1432 176 1487 tibi
201 1434 289 1488 visus
304 1450 391 1505 sum,
420 1437 450 1489 ut
466 1438 676 1491 constituerem
698 1441 726 1492 te
746 1439 912 1492 ministrum
932 1444 960 1493 et

116 1522 229 1575 testem
243 1524 353 1593 quibus
369 1525 469 1578 vidisti
497 1542 552 1594 me,
575 1529 603 1578 et
617 1526 646 1578 in
663 1527 771 1596 quihus
788 1527 909 1580 visurus
925 1543 958 1582 es

115 1609 201 1676 (alet.
220 1626 302 1680 xxvi,
319 1612 374 1681 16).
394 1637 404 1659 n
423 1613 498 1667 Nam
513 1618 541 1668 et
556 1615 707 1684 prophetae
724 1615 862 1685 Spiritum
878 1615 958 1669 acci·

1035 551 1067 599 nt
1083 547 1135 601 Dei
1147 547 1240 603 Filius
1260 553 1346 604 natas
1362 555 1389 606 et
1405 552 1435 607 in
1451 553 1582 620 saeculo,
1613 555 1644 606 ut
1664 552 1752 607 homo
1768 553 1868 610 carnis

1034 638 1237 706 assumptione
1253 642 1422 709 generatus,

1071 723 1131 779 169.
1148 725 1222 790 Quid
1239 731 1335 781 autem
1351 729 1460 797 dicam,
1491 730 1559 800 qaia
1588 728 1664 784 sicat
1679 729 1767 784 Pater
1782 733 1810 784 et
1822 730 1869 786 Fi·

1032 813 1101 880 lius,
1120 813 1158 866 ita
1174 815 1261 868 etiam
1277 815 1404 887 Spiritus
1426 819 1631 872 immaculatas
1654 821 1744 873 estet
1773 821 1870 875 omni-

1033 906 1138 973 potens
1158 902 1239 974 (Sap.
1263 921 1321 974 vn,
1351 907 1406 974 62),
1433 909 1501 978 quia
1525 904 1627 962 Graeco
1656 910 1866 990 παποδὺναμον,

1031 1003 1219 1055 uuaruicenses
1234 997 1372 1053 Salomon
1388 997 1470 1066 dinit,
1487 1014 1522 1053 eo
1538 999 1615 1069 qaod
1641 999 1827 1068 omnipotens
1843 1002 1873 1060 et

1032 1091 1201 1160 speculator
1216 1091 1254 1143 sit
1270 1090 1410 1157 omnium,
1432 1087 1509 1142 sicut
1533 1087 1640 1142 letum
1656 1102 1726 1141 esse
1745 1088 1774 1139 in
1789 1085 1869 1141 libro

1032 1179 1188 1249 Sapientia)
1205 1194 1294 1248 snpra
1311 1180 1357 1232 est
1382 1177 1614 1231 demonstratum
1633 1177 1708 1245 (cap.
1726 1173 1769 1242 te,
1784 1189 1864 1227 num.

1026 1251 1104 1334 1165).
1122 1267 1201 1339 Ergo
1226 1270 1254 1321 et
1282 1266 1409 1337 Spiritus
1429 1265 1459 1319 in
1487 1264 1600 1320 honoro
1625 1267 1671 1320 est
1695 1265 1723 1317 et
1746 1264 1777 1317 in
1801 1277 1865 1316 ma-

1027 1355 1147 1426 jcstale.

1067 1445 1126 1498 170.
1147 1444 1263 1498 latuere
1292 1459 1380 1511 nnnc,
1399 1458 1435 1498 ue
1451 1443 1520 1514 quid
1546 1458 1612 1497 eum
1638 1443 1712 1495 torto
1736 1455 1795 1494 non
1815 1438 1868 1492 de·

1031 1535 1094 1585 ceat
1111 1549 1117 1585 ι
1135 1534 1183 1585 aut
1199 1533 1225 1585 si
1242 1532 1294 1585 tibi
1309 1531 1456 1601 displicet,
1470 1533 1588 1598 Ariane,
1611 1530 1731 1584 detrahe
1748 1544 1814 1583 cnm
1831 1526 1867 1582 de

1029 1620 1125 1674 Patris
1142 1619 1265 1690 Filiique
1281 1620 1508 1674 eonso1·tio.Sed
1520 1620 1544 1672 si
1557 1613 1864 1684 detraherevalueris,

110 1697 253 1768 pichant,
271 1703 300 1754 et
313 1699 463 1756 Christum
479 1703 628 1757 ridebant.

155 1787 224 1843 168.
244 1788 308 1844 Una
324 1789 511 1862 igitarvisic,
525 1792 760 1862 anapraeccptio,
777 1808 832 1846 una
849 1793 957 1864 majes-

109 1885 174 1938 taS.
195 1883 244 1936 ha
259 1896 404 1953 negamus
433 1881 520 1934 ctiam
537 1881 692 1934 Dourinum
708 1881 872 1952 majestatis
888 1898 958 1938 csse

1030 1708 1122 1762 celos
1139 1724 1228 1776 supra
1248 1710 1275 1760 te
1291 1707 1466 1772 revertisse)
1483 1707 1610 1775 videbis,
1628 1707 1696 1776 qaia
1712 1705 1806 1758 virtus
1818 1718 1867 1758 ce·

1029 1813 1094 1850 rum
1110 1795 1206 1849 omnis
1222 1795 1258 1848 ab
1273 1794 1385 1864 Spiritu
1399 1799 1445 1848 est
1464 1794 1561 1865 (Psal.
1589 1811 1690 1862 xxxii,
1718 1793 1756 1861 6).
1772 1791 1804 1846 Si
1820 1792 1869 1846 de·

1030 1885 1145 1938 trahere
1163 1883 1304 1947 volneris,
1317 1884 1347 1937 in
1364 1883 1456 1937 Deum
1472 1883 1523 1937 tibi
1548 1885 1632 1953 prius
1656 1881 1795 1936 mittenda
1822 1881 1869 1935 cst

107 1970 267 2041 Spiritum
286 1973 432 2036 sanctum,
459 1984 526 2022 cam
552 1969 697 2023 Dominus
727 1970 890 2041 majestatis
920 1973 959 2026 sit
988 1989 1145 2048 Bmanas,
1163 1973 1229 2043 qaia
1248 1973 1328 2026 Deus
1340 1971 1467 2040 Spiritus
1484 1972 1579 2039 (dean.
1596 1989 1635 2040 iv,
1652 1971 1707 2040 el).
1722 1970 1779 2024 Sed
1795 1983 1868 2040 quo·

103 2059 285 2115 crucifixus
306 2056 336 2129 (Ι
356 2057 423 2112 Cor.
454 2074 484 2125 n,
507 2058 554 2126 8),
579 2059 628 2129 qai
657 2062 744 2112 natas
769 2064 814 2112 cst
838 2059 957 2130 chpi-
1030 2063 1116 2116 modo
1140 2060 1279 2115 detrahes
1304 2075 1371 2114 enm
1392 2058 1443 2130 qui
1476 2058 1532 2113 alta
1556 2062 1705 2114 serutatur
1729 2057 1782 2112 Dei
1806 2054 1868 2126 (il)

101 2149 174 2207 ritu
210 2149 316 2204 sancto
342 2162 380 2200 cx
399 2147 521 2218 Virgine
549 2147 670 2201 Maria?
696 2146 769 2212 Quia
797 2165 856 2203 non
884 2149 957 2204 altar
1030 2150 1058 2220 (I
1073 2150 1140 2205 Cer.
1158 2150 1276 2219 n,10)‘?

148 2289 202 2357 (ἾΟ
215 2287 326 2343 Omnes
337 2287 405 2342 edit.
425 2291 453 2342 et
468 2303 541 2341 mss.
562 2288 694 2358 aliquot„
720 2311 731 2336 «
748 2291 841 2345 cmlos
866 2307 956 2363 snpra
1030 2293 1150 2356 reverti,
1171 2315 1181 2339 n
1198 2288 1316 2361 quidam
1328 2312 1339 2336 a
1352 2289 1454 2354 everti,
1470 2312 1480 2335 »ι
1492 2287 1520 2341 id
1536 2289 1591 2350 est,
1603 2287 1682 2341 illabi
1701 2289 1730 2341 et
1745 2284 1861 2366 eadere.

100 2359 263 2419 teverti:
284 2359 495 2414 »commodius
520 2359 637 2429 reliqui,
666 2361 782 2415 icoelos
808 2379 898 2433 supra
928 2369 955 2420 te
1067 2363 1123 2433 (tl)
1140 2361 1281 2416 Nonnulli
1297 2376 1383 2429 mss,
1407 2383 1417 2406 a
1436 2359 1485 2430 qui
1511 2362 1658 2413 scrutator
1674 2360 1720 2411 est
1736 2357 1799 2411 Der.
1819 2379 1830 2403 a

175 2623 233 2704 {N
270 2625 375 2703 ΗΒ.
412 2626 483 2702 DE
530 2627 1029 2710 ludnhltl'llffltls
1074 2627 1376 2708 unhldluAE
1415 2626 1808 2705 sacliaatultro

869 2775 1119 2839 ADMONITIO.

164 3009 372 3066 haereticorum
387 3012 531 3066 solemnis
547 3029 581 3067 ea
601 3015 786 3071 consuetudo
802 3019 858 3086 est,
879 3019 910 3070 ut
925 3017 1113 3086 quantumvis
1138 3017 1379 3087 argumentorum
1404 3031 1438 3069 ae
1463 3015 1595 3071 veritatis
1619 3016 1734 3071 viribus
1759 3014 1857 3087 deject

121 3103 207 3169 atque
218 3101 369 3170 prostrati,
386 3117 537 3172 nunquam
554 3105 649 3156 tamen
665 3107 767 3173 pacate
783 3119 883 3176 agere,
901 3104 1007 3159 nedum
1029 3120 1062 3160 so
1078 3105 1173 3159 victos
1197 3103 1291 3171 fateri,
1315 3104 1516 3174 acquiescant.
1540 3104 1728 3172 Ambrosias,
1745 3106 1795 3174 qui
1811 3105 1867 3161 hoc

127 3202 222 3241 eorum
237 3188 390 3259 ingenium
405 3190 528 3258 pulchro
544 3196 677 3258 neverat,
698 3208 765 3246 cum
781 3177 959 3246 Asianorum
975 3208 1094 3247 errores
1111 3192 1240 3262 quinque
1256 3191 1341 3245 libris
1357 3191 1392 3244 do
1409 3191 1478 3245 Fide
1498 3191 1647 3261 judicaret
1661 3191 1777 3245 abundo
1797 3207 1867 3247 esse

130 3274 374 3341 conlatatoS‚1llis
392 3279 683 3347 inposterumnihil
708 3281 817 3335 addere
840 3282 1126 3348 constitueratlcap.
1151 3280 1177 3347 7,
1204 3295 1283 3333 num.
1308 3279 1363 3345 66).
1391 3280 1598 3332 t'eruintamen
1623 3279 1756 3348 ipsoram
1789 3279 1867 3333 dolie

135 3364 208 3432 atque
222 3365 335 3419 artibus
355 3364 491 3422 ellectum
504 3372 559 3435 cst,
577 3372 608 3423 ut
627 3369 786 3439 quominus
803 3385 870 3424 cam
886 3370 931 3424 eis
948 3369 1045 3425 denae
1064 3370 1094 3423 in
1105 3384 1224 3424 arenam
1235 3367 1439 3437 descenderet,
1457 3367 1573 3438 magnis
1590 3368 1712 3421 adactus
1728 3367 1866 3422 occasio-

136 3449 844 3529 nibus,detreetareacdefngerenonpotnerit.
880 3519 882 3523 Α
1255 3442 1259 3451 ’

167 3538 335 3598 induxerunt
350 3559 417 3598 cum
432 3544 463 3598 in
478 3544 593 3599 hancce
612 3545 842 3616 disputationem
858 3545 958 3600 Ariani
975 3545 1032 3601 duo
1049 3545 1180 3613 (Parmn.
1198 3544 1228 3597 in
1248 3544 1305 3598 Vrt.
1323 3543 1451 3613 Arciam),
1464 3543 1593 3598 Gratiani
1605 3542 1734 3598 Caesaris
1746 3543 1868 3599 cubicu-

59 3632 62 3651 ¹
140 3604 198 3691 larii,
213 3632 320 3702 quibus
335 3631 532 3703 objectiones,
550 3651 626 3704 quas
642 3638 744 3688 contra
761 3635 944 3690 Dominicam
960 3633 1191 3688 incarnationem
1207 3632 1363 3686 ambitiose
1384 3634 1616 3703 arroganterque
1638 3634 1872 3702 proposuerant,¹

141 3719 258 3780 postridie
274 3722 305 3775 in
320 3721 445 3775 basilica
459 3722 598 3775 Fortiana
614 3739 714 3777 coram
731 3725 811 3778 omni
826 3723 956 3778 fideliam
972 3726 1049 3777 cocta
1064 3736 1097 3775 se
1113 3721 1279 3774 soluturum
1291 3719 1408 3774 sacrant
1424 3719 1583 3790 pollicitae.
1598 3719 1764 3791 Angustias
1781 3720 1866 3774 ride-

142 3796 288 3862 baturillud
304 3809 441 3878 spatium,
458 3825 546 3880 qaam
562 3815 592 3864 ut
607 3812 732 3866 orationi
750 3813 785 3865 da
806 3812 896 3865 rebus
912 3812 985 3865 adeo
1007 3808 1149 3883 gravibus
1166 3808 1368 3878 praeparandae
1384 3809 1545 3872 sufficeret,
1565 3804 1769 3862 maximorum
1784 3808 1865 3862 veri-

144 3888 217 3950 simile
230 3897 385 3952 admodum
401 3902 483 3953 csset
500 3899 657 3954 haereticos
675 3916 799 3971 magnos
820 3915 942 3953 numero
962 3899 998 3953 ad
1015 3915 1089 3964 eam,
1108 3897 1219 3968 siquid
1237 3897 1311 3951 torte
1330 3897 1426 3950 minus
1442 3900 1527 3949 caute
1549 3899 1598 3949 aut
1610 3897 1736 3967 cogitate
1753 3897 1864 3951 dictum

144 3973 248 4050 haberet,
265 3987 444 4056 carpendam
459 3991 487 4041 et
502 3989 724 4060 suggillandam
740 3989 941 4042 aduolaturas.
959 3987 1025 4042 Non
1042 3992 1138 4040 tnaien
1168 3985 1261 4039 deluit
1287 3985 1464 4039 Ambrosius
1482 3988 1584 4038 nostin·
1605 3985 1669 4039 suis
1685 3985 1863 4055 promissis;

144 4067 227 4127 lirum
240 4077 366 4145 tempori
381 4077 545 4145 praestituto
561 4093 619 4130 non
638 4079 817 4132 convenisse
835 4078 948 4131 videret
963 4079 1142 4130 memoratos
1162 4074 1287 4140 aulicos,
1318 4074 1454 4143 quamvis
1476 4073 1598 4127 eosdem
1623 4073 1720 4127 anime
1737 4073 1864 4128 subdolo

145 4166 229 4215 mrum
242 4164 360 4218 trahere
375 4165 589 4234 suspicaretur,
608 4170 638 4219 ut
654 4182 687 4220 se
703 4167 848 4221 dicentem
866 4166 1017 4235 inopinato
1033 4164 1161 4218 adventu
1177 4161 1399 4228 conturbarent,
1423 4161 1515 4216 nihilo
1531 4162 1632 4217 secius
1660 4164 1757 4216 tamen
1773 4161 1863 4215 verba

144 4237 217 4303 lacere
229 4253 326 4306 statim
342 4269 511 4325 aggressus
528 4257 574 4307 est
590 4258 666 4323 (cap.
685 4255 801 4321 l,1mm.
820 4256 857 4324 l).

169 4329 260 4395 l'eram
276 4342 308 4394 ut
323 4340 398 4410 ipsis
415 4342 574 4396 accedendi
592 4343 759 4397 facultatem
775 4343 872 4397 adhuc
888 4342 1080 4414 relinqueret,
1098 4339 1287 4394 occasionem
1317 4354 1354 4392 ex
1380 4339 1503 4393 historia
1529 4338 1617 4392 oblati
1636 4354 1651 4391 a
1668 4336 1784 4391 duobus
1800 4336 1861 4405 pri·

144 4416 331 4482 mislratribus
347 4431 497 4497 sacrificii,
514 4447 580 4501 quie
597 4432 744 4501 frequenti
763 4430 906 4486 Ecclesiae
929 4432 1034 4503 sgnaxi
1051 4430 1179 4499 perlecta
1199 4428 1302 4494 luerat,
1323 4432 1428 4480 nactus
1452 4429 1543 4491 (narn.
1573 4428 1610 4493 ι’),
1635 4441 1761 4493 quonam
1791 4424 1861 4479 vitio

144 4501 202 4566 Crini
220 4518 398 4573 sacrificium
414 4519 553 4573 intectum
570 4525 661 4587 esset,
679 4521 781 4590 paucis
797 4522 889 4590 aperit
909 4523 1001 4587 (num.
1019 4518 1035 4572 3
1052 4525 1080 4572 rt
1095 4520 1180 4588 ειη.)
1205 4516 1314 4569 Deinde
1330 4515 1489 4568 terribilem
1510 4514 1584 4567 hane
1601 4512 1787 4579 sententiam,
1804 4525 1861 4581 qua

143 4589 305 4672 illcipeomet
322 4606 374 4660 Dei
390 4623 441 4662 oro
456 4609 613 4678 perculsus
630 4609 692 4676 luit,
711 4610 745 4662 ad
763 4625 866 4664 omnes
883 4610 969 4664 etiam
989 4607 1146 4663 hmreticos
1163 4604 1296 4674 protendi
1321 4603 1406 4655 <taret
1432 4603 1506 4669 (rap.
1524 4603 1549 4653 ⁶2.
1574 4618 1601 4653 n.
1622 4602 1638 4650 6
1654 4605 1683 4652 et
1705 4602 1790 4670 seq-l,
1808 4598 1861 4654 Sed

144 4678 261 4755 inprimis
275 4695 312 4748 ad
329 4710 392 4762 coe,
409 4711 533 4767 quorum
551 4699 659 4752 seriem
676 4701 705 4751 in
722 4698 940 4769 Apollinei-istis
957 4710 1111 4768 perperam
1127 4694 1162 4746 de
1184 4692 1310 4745 hamana
1326 4691 1436 4743 Christi
1453 4690 1548 4741 ailiam
1565 4689 1763 4742 sentientibus
1779 4687 1861 4741 dcsi-

144 4780 232 4834 nentem
245 4783 382 4853 pertexit.
400 4784 532 4854 Denique
548 4786 698 4840 auditores
714 4802 798 4851 suos,
815 4800 851 4839 no
867 4801 900 4839 se
924 4800 1054 4854 anquam
1079 4783 1115 4835 ab
1143 4780 1288 4833 Ecclesiae
1309 4779 1422 4848 gremio
1442 4777 1566 4830 distrahi
1595 4778 1751 4845 patiantur,
1767 4777 1861 4832 rohe-

144 4870 229 4923 neila
241 4871 376 4925 hortatus
392 4874 483 4938 (num.
505 4872 562 4940 13),
581 4874 730 4926 Christum
755 4878 897 4927 aeternum
911 4888 980 4926 csse
998 4888 1031 4926 ac
1048 4885 1117 4924 vere
1141 4870 1232 4922 Deum
1252 4867 1397 4920 advorsus
1414 4866 1540 4919 Arianos
1558 4867 1709 4936 eleganter
1724 4865 1811 4936 g‘uxtn
1826 4882 1861 4922 ac

143 4948 329 5028 ntideprohat
345 4961 441 5029 (capti
458 4960 537 5030 ct-lJ.
556 4961 600 5014 Ab
618 4961 665 5015 his
681 4962 717 5015 ad
733 4963 970 5032 ltpallinaiistaS,
997 4974 1121 5029 qnorum
1137 4960 1234 5009 tamen
1259 4955 1368 5007 nemini
1390 4955 1493 5023 parcit,
1522 4956 1704 5009 c'onrcrtitnr
1726 4957 1802 5025 (cap.
1821 4955 1859 5024 5),

144 5045 181 5089 ¹¹0⁰
192 5060 242 5100 non
258 5046 415 5117 cujusdam
430 5048 497 5102 libri
509 5053 668 5119 auctorem,
686 5067 773 5122 quem
794 5050 1007 5120 Apollinarium
1022 5049 1119 5117 ipsum
1135 5044 1350 5106 existimamus,
1377 5059 1484 5112 presso
1509 5060 1627 5114 quoquc
1648 5046 1777 5108 nomine,
1795 5044 1861 5098 hla-

144 5123 246 5190 utente
263 5137 361 5206 arguit
375 5136 449 5206 (cap.
467 5137 493 5204 6,
509 5154 588 5191 nam.
606 5136 661 5205 51).
678 5138 796 5206 Ροεῐοε,
818 5155 881 5208 cap.
899 5137 926 5206 6,
939 5137 1078 5207 reliquos
1103 5132 1273 5187 eorumdem
1289 5147 1406 5184 errores
1424 5147 1531 5203 urgere
1552 5149 1692 5203 pergens
1709 5134 1760 5187 ubi
1781 5149 1859 5203 prm-

142 5220 227 5275 uranii
241 5225 318 5278 inter
331 5240 375 5290 ca,
392 5241 458 5295 qnae
473 5226 583 5279 Christi
599 5226 742 5280 divinitati
766 5227 884 5298 propriu
901 5228 979 5291 sunt,
1003 5229 1032 5279 et
1053 5239 1086 5276 ea
1104 5236 1170 5292 qnae
1188 5219 1224 5272 ad
1241 5218 1308 5287 ejas
1331 5220 1477 5287 portinent
1502 5220 1730 5287 humanitatem,
1757 5221 1860 5273 distin-

138 5309 263 5366 nendum
279 5327 349 5367 csse
366 5312 537 5384 diligentius
553 5316 628 5384 (cap.
641 5315 666 5378 -l,
685 5332 764 5370 num.
782 5316 816 5370 68
836 5321 865 5370 ct
880 5315 967 5387 seq),
984 5328 1073 5368 unum
1093 5327 1108 5364 e
1126 5308 1285 5377 praecipuis
1315 5308 1484 5362 corumdem
1510 5308 1661 5362 hominnm
1684 5305 1859 5363 curamentis

137 5397 180 5455 llo
201 5400 389 5454 divinitatem
409 5402 527 5456 bonnm·
544 5410 572 5457 ct
587 5420 707 5457 caraem
726 5405 811 5458 unius
833 5420 900 5458 esse
919 5401 1095 5458 substantae
1113 5397 1293 5462 delirabant,
1312 5396 1517 5450 invictissimis
1543 5398 1687 5451 rationum
1702 5393 1859 5476 momentis

130 5470 238 5543 dirimit
253 5489 329 5559 (cap.
346 5489 373 5555 6,
390 5505 469 5544 num.
486 5491 520 5546 la
536 5500 565 5547 et
582 5495 657 5565 seq.)
677 5508 787 5564 :quam
809 5493 840 5547 in
859 5508 922 5547 rem
944 5492 1025 5546 illum
1050 5485 1172 5560 egregie
1193 5500 1227 5537 ac
1246 5483 1339 5555 perito
1367 5484 1524 5538 admodum
1543 5483 1676 5553 epistolae
1706 5479 1861 5535 hthanasi¹

130 5567 222 5633 (fidite
235 5578 313 5632 inter
326 5576 393 5649 ejus
418 5578 512 5650 Opera
528 5584 554 5634 ot
570 5582 647 5652 apud
663 5581 806 5652 Epiphan.
824 5582 932 5635 haercs.
945 5579 1001 5649 il),
1019 5577 1056 5632 ad
1072 5575 1235 5646 Epictetum
1252 5571 1388 5626 subsidio
1407 5587 1494 5625 usum
1510 5567 1737 5641 alfii-marciane
1750 5580 1859 5636 possa·

125 5660 193 5720 *aaa
207 5666 245 5722 ht
260 5681 317 5724 nec
332 5665 473 5724 inferiore
489 5668 602 5741 ingenii
617 5669 724 5726 robore
739 5669 860 5728 alteram
875 5667 954 5725 illam
970 5667 1104 5742 ipserum
1123 5661 1302 5734 opinionem,
1319 5676 1386 5733 qnae
1403 5658 1574 5715 rationalem
1590 5656 1715 5711 animam
1733 5653 1858 5713 Domino
