3900 6128
596 288 903 359 arlsroultltll
917 288 1089 356 GLASSIS
1102 288 1142 356 11.
1644 286 1742 356 lost*

85 494 157 550 rtem
171 492 271 550 oldoio
285 506 344 550 non
360 493 519 550 convenire
533 495 566 549 ut
579 507 728 564 expensas
736 490 831 566 jurgii
843 472 872 539 Ᾱ
885 489 966 566 Ergo
981 493 1094 549 sancte
1108 506 1259 565 germanae
1273 493 1333 549 tuoe
1348 507 1407 549 aon
1421 491 1484 565 jus,
1501 493 1556 549 aed
1577 491 1724 550 sollicitu-

86 598 139 639 res
155 597 163 638 :
180 597 235 638 neo
258 584 427 654 competere
443 584 475 638 ut
493 582 653 655 quidquam
667 581 705 639 de
719 581 831 637 lruoti-
886 581 924 637 do
939 582 1089 638 decessit:
1107 596 1166 637 non
1180 582 1307 653 fructus,
1324 582 1378 638 sed
1394 581 1519 638 culturae
1534 583 1620 639 labor
1637 598 1644 639 :
1660 597 1721 641 uon

85 686 239 728 tossessor
261 687 382 744 ageres,
407 686 484 743 quos
506 671 717 744 percepisses,
741 670 831 726 malui
884 671 1010 742 reditus,
1025 672 1081 727 sed
1104 671 1211 727 incerti
1235 673 1360 728 eventus
1385 672 1530 743 quaedam,
1558 674 1589 727 ut
1611 671 1722 727 dicitur

85 776 128 817 am
143 760 358 831 compositione
368 760 485 816 caedere
500 760 550 830 (8),
566 760 646 831 quod
660 759 831 832 pronuntia·
885 760 977 833 vulgo
991 760 1065 816 alea.
1091 760 1122 815 Si
1137 763 1328 831 tempestates
1344 763 1500 817 ventorum
1515 775 1625 834 graves
1647 775 1721 832 pro·

86 849 243 906 acerbare.
265 850 330 905 Alia
353 849 432 905 enim
456 849 604 905 habebant
627 847 831 920 excitarijur-
884 851 1004 905 ventum
1018 848 1214 921 impedierint,
1232 850 1331 905 sorori
1339 853 1436 905 tamen
1449 852 1509 905 tuae
1526 865 1582 905 sua
1596 850 1718 906 ubertas

85 940 155 1007 tum,
172 939 252 1011 quod
267 940 314 995 est
328 938 558 1011 gravissimum,
575 941 604 993 et
618 939 646 993 si
659 936 762 1010 jurgia
776 953 830 993 su·
884 937 1023 994 manebit.
1039 937 1071 994 Si
1093 938 1183 993 nimia
1207 938 1340 994 siccitate
1362 937 1496 994 aruerint
1519 937 1654 996 locorum
1668 939 1718 1012 gi·

86 1026 197 1099 tonent,
212 1029 298 1085 amnt
308 1030 406 1084 tamen
421 1027 488 1084 odia
503 1042 655 1098 mansura,
671 1043 738 1100 quae
751 1026 830 1099 apud
883 1026 1014 1099 guantia,
1031 1028 1130 1083 sorori
1144 1030 1240 1082 tamen
1256 1030 1315 1084 tuae
1331 1029 1395 1083 sata
1417 1026 1474 1099 (11)
1494 1042 1554 1084 non
1569 1027 1719 1086 minuetur

85 1131 96 1173 a
109 1116 258 1188 dispendii
275 1120 356 1173 sunt.
884 1115 1060 1172 iocunditas.
1076 1115 1139 1172 Sibi
1153 1116 1285 1172 ascribet
1298 1116 1400 1173 Laetus
1422 1117 1621 1173 conditionem
1637 1117 1719 1174 oble-

85 1207 152 1262 cter
165 1205 223 1262 hos
239 1207 331 1262 [estus
347 1205 475 1278 positus,
491 1219 559 1261 cum
576 1220 623 1260 me
636 1219 767 1277 persona
782 1219 829 1260 sa·
883 1203 974 1261 tionis
990 1220 1053 1261 suaa
1070 1220 1076 1259 :
1093 1205 1121 1260 si
1135 1205 1330 1262 necessitates
1346 1208 1512 1277 temporum
1535 1208 1564 1262 et
1584 1208 1716 1263 extraor-

85 1294 132 1366 lis,
146 1292 266 1351 deminae
276 1310 379 1364 sexus,
391 1294 490 1350 viduae
500 1294 645 1366 gravitas,
658 1293 746 1350 amici
757 1309 829 1366 quo·
883 1291 1008 1349 dinarios
1031 1293 1220 1350 incubuerint
1243 1294 1424 1365 exactiones,
1441 1309 1583 1367 germana
1598 1299 1647 1352 tua
1660 1296 1713 1352 be·

85 1383 284 1456 outomplatio,
301 1384 378 1439 trino
394 1382 521 1456 quodam
543 1397 603 1439 non
626 1382 828 1455 perfunctorio
883 1380 989 1438 neflcio
1004 1383 1065 1453 tuo,
1080 1385 1113 1438 ut
1126 1382 1281 1454 dispendio
1296 1383 1380 1452 Laeti,
1398 1383 1538 1439 immunis
1555 1384 1611 1440 erit
1627 1398 1634 1440 :
1651 1384 1717 1440 1.ae-

85 1471 166 1529 uiret
179 1471 309 1543 nomine,
321 1471 393 1528 illud
403 1471 589 1544 sequendum
598 1472 714 1543 putavi;
730 1473 763 1527 ut
778 1487 829 1527 ne·
882 1471 931 1525 tus
944 1472 1042 1527 autern
1057 1486 1092 1526 se
1106 1471 1284 1544 proprietate
1298 1471 1434 1528 locorum
1449 1472 1607 1529 solabitur.

85 1560 194 1619 armai
209 1561 327 1631 vellem,
343 1563 373 1616 et
386 1557 491 1617 omnes
507 1561 638 1616 vincere.
650 1559 829 1616 Neclelellit
916 1558 944 1615 a.
960 1559 1082 1615 Vicistis
1106 1575 1182 1633 ergo
1204 1576 1308 1617 omnes
1329 1577 1336 1618 :
1353 1561 1466 1631 Laetus,
1491 1561 1560 1633 quia
1580 1561 1633 1634 juo
1655 1560 1714 1618 loci

85 1649 155 1721 etia,
170 1649 287 1706 vicistis
303 1649 502 1707 enimomnes
518 1646 717 1722 germanitati,
733 1647 828 1704 vicis·
881 1647 1006 1719 adeptus
1019 1650 1075 1718 est,
1091 1650 1170 1720 quod
1184 1650 1370 1706 conterebat
1387 1666 1393 1706 :
1409 1664 1509 1721 soror,
1525 1651 1594 1723 quia
1609 1650 1717 1707 annuis

85 1740 170 1810 turae,
194 1738 314 1794 vicistis
336 1738 500 1810 Scripturas
524 1737 634 1794 dicenti
659 1753 665 1792 :
692 1758 703 1786 1
728 1735 826 1803 Quare
880 1736 1009 1809 potietur
1022 1737 1245 1810 fructibusjam
1259 1739 1325 1794 sine
1338 1737 1589 1811 lite,sinejurgio
1604 1754 1611 1810 3
1628 1754 1715 1795 nemo

85 1827 160 1902 ragis
185 1827 329 1900 injuriam
352 1827 509 1898 accipitis?
532 1841 626 1898 quare
650 1839 710 1883 non
729 1825 827 1898 magis
843 1825 1109 1916 Btameaplenus,
1135 1841 1222 1882 nemo
1245 1826 1412 1899 gloriosius
1436 1842 1525 1899 quam
1547 1829 1579 1883 tu
1603 1827 1713 1897 vicisti,

85 1931 123 1973 rm
136 1916 271 1989 patimini
285 1917 306 1988 (1
322 1915 391 1974 Gor.
407 1932 448 1986 vr,
462 1915 518 1986 ’1)1
534 1938 546 1965 a
882 1914 933 1987 qui
947 1915 1017 1971 dum
1028 1929 1100 1986 erga
1115 1928 1252 1970 sororem
1263 1914 1436 1971 coutlrmari
1446 1915 1493 1971 vis
1508 1915 1716 1971 liberalitatem

85 2022 127 2081 Μ
140 2027 227 2096 pm„
242 2028 271 2079 (θ
296 2026 453 2096 gravatum
467 2020 589 2094 jagur,
607 2021 701 2094 juris,
718 2021 825 2078 gamno
881 2005 971 2071 tuam,
988 2003 1019 2060 in
1032 2006 1188 2076 utrumque
1199 2019 1264 2060 eam
1275 2005 1414 2061 fraternae
1430 2007 1598 2061 consortem
1612 2019 1718 2061 neces·

85 2112 134 2169 50,
145 2112 267 2169 Melior„
278 2112 379 2185 urique
390 2111 598 2168 sacerdotibus
607 2111 724 2182 damna,
736 2127 824 2184 quam
882 2092 1022 2149 situdinis
1036 2092 1197 2149 contulisti.
1215 2093 1291 2149 Nam
1305 2097 1334 2149 et
1349 2093 1436 2149 tratri
1451 2093 1632 2149 concessisti
1646 2109 1714 2164 pro·

92 2201 197 2258 mul,
212 2204 283 2257 sung
299 2216 305 2258 :
325 2223 336 2250 „
354 2200 474 2256 gentius
494 2201 541 2256 0⁸2
556 2200 635 2256 ,nim
649 2200 721 2256 dm
736 2215 825 2272 quam
880 2181 1044 2252 prietatem,
1061 2184 1089 2236 et
1103 2180 1199 2237 sorori
1210 2197 1286 2238 usus
1302 2180 1497 2253 fructum(td)
1510 2198 1516 2236 ι
1528 2181 1601 2237 nihil
1617 2185 1715 2238 autem

85 2305 124 2347 ,η
138 2291 217 2361 (Λα,
244 2308 293 2360 xx,
318 2289 376 2361 35),
394 2311 405 2339 ,
423 2288 483 2347 Sed
508 2288 585 2345 forr,
607 2288 690 2345 dig„
706 2304 712 2345 :
729 2288 825 2345 pm.
880 2271 1019 2327 adimitur
1033 2269 1188 2340 Ecclesiae,
1211 2269 1292 2343 quod
1314 2271 1414 2341 pietati
1438 2270 1617 2343 acquiritur;
1647 2270 1717 2327 cha·

85 2392 131 2435 ion
145 2378 235 2435 debui
256 2379 327 2450 pati,
351 2377 491 2450 injuriam
517 2392 576 2434 non
590 2377 679 2434 debui
698 2377 823 2450 perpeti,
881 2359 954 2415 ritas
969 2357 1048 2415 enim
1064 2373 1123 2414 non
1137 2358 1286 2429 damnum,
1308 2359 1363 2415 sed
1383 2357 1499 2414 lucrum
1513 2357 1626 2415 Christi
1645 2362 1714 2415 est:

85 2482 127 2525 m
141 2467 256 2524 subire,
281 2467 357 2534 Quid
381 2468 481 2540 ergo?
496 2467 611 2523 (ΜΘΝ
634 2466 751 2523 vgqlggp
765 2462 841 2524 geg·
882 2449 1010 2521 denique
1024 2447 1153 2503 charitas
1165 2447 1280 2503 fructus
1291 2447 1420 2519 Spiritus
1432 2448 1528 2502 sancti
1546 2449 1593 2503 est
1603 2445 1715 2520 (Galat.

85 2571 163 2614 inon
178 2556 320 2626 inferres,
332 2556 382 2612 ille
399 2572 434 2612 se
448 2571 574 2628 pessum
585 2555 707 2611 diceret.
723 2554 824 2626 ltaque
880 2556 908 2609 Vr
919 2538 974 2609 W·
992 2535 1164 2608 AP⁰⁸²⁰¹i⁰⁰
1177 2536 1271 2608 illimr
1281 2535 1452 2592 Chfflssissffl
1463 2535 1594 2608 ⁰08¹¹ffl⁰
1606 2537 1717 2594 dilw-

85 2645 136 2703 uid
146 2645 224 2701 dicat
234 2645 417 2718 Apostolus:
432 2668 444 2695 ι
460 2643 557 2711 Quare
568 2659 627 2701 non
638 2644 734 2718 magis
744 2643 823 2700 svau.
877 2631 906 2682 ta
921 2628 977 2683 est.
995 2625 1174 2681 llolebamus
1189 2626 1257 2681 ante
1275 2625 1354 2697 quod
1375 2625 1458 2680 litem
1472 2624 1603 2683 haberes
1620 2641 1626 2681 :
1644 2641 1717 2698 pro-

85 2734 253 2793 ·giminih
280 2735 320 2791 Ui
343 2749 436 2807 propo
451 2734 595 2804 videatur,
612 2733 663 2806 qui
677 2749 736 2789 thll
750 2734 823 2805 pati.
879 2716 935 2773 11111
945 2715 1095 2788 jurgium,
1110 2717 1143 2770 ut
1157 2714 1282 2770 formam
1296 2714 1438 2770 indueres
1457 2716 1633 2786 deStOIltloe
1647 2716 1718 2774 vitm

85 2824 189 2894 icisse,
205 2825 333 2880 tolerare
347 2826 426 2880 enim
441 2823 538 2894 debet,
555 2823 606 2895 qui
622 2822 729 2879 fortior
741 2826 797 2879 est.
879 2807 908 2862 ⁰²
922 2804 1140 2877 Plffll'fiffliss·
1157 2802 1232 2859 1¹¹¹¹d
1254 2804 1420 2860 ⁸⁸⁰01'd0fi0
1436 2819 1496 2861 ¹¹⁰³
1511 2805 1715 2878 0⁰¹¹dlll⁰b⁸t2

85 2911 179 2971 'erum
202 2913 273 2985 quid
296 2928 353 2986 030
377 2913 417 2968 qq,
437 2915 537 2968 tecum
560 2928 629 2984 330,
654 2911 740 2984 quq„
764 2911 821 2968 hoc
878 2894 945 2951 hoec
959 2893 1121 2950 transactio
1137 2895 1166 2949 et
1179 2892 1373 2965 apostolicam
1387 2893 1473 2949 decet
1487 2908 1633 2950 normam.

85 3040 98 3072 ‚,
114 3004 144 3059 et
157 3017 217 3059 noa
233 3004 316 3058 tuum
329 3003 393 3058 siti
416 3002 460 3057 'lu
475 3001 554 3057 euim
573 3001 715 3070 obtulisti,
731 3000 820 3073 quasi
914 3001 958 3057 10.
976 3000 1038 3058 Nec
1053 3015 1176 3056 vereare
1191 3014 1228 3056 ae
1236 2999 1375 3056 immunis
1390 2998 1429 3055 sit
1438 3003 1525 3073 atque
1539 3015 1648 3058 exsors
1658 3001 1713 3058 llo·

85 3089 183 3162 clitis,
200 3094 231 3146 ut
245 3107 335 3148 soror
348 3092 379 3147 in
394 3091 472 3148 diem
484 3091 554 3146 vitea
572 3106 636 3147 suaa
651 3089 822 3162 possideret
877 3090 969 3146 olesia
992 3088 1178 3146 liberalitatis
1199 3091 1268 3145 tum.
1286 3089 1382 3145 Habet
1396 3090 1425 3144 et
1439 3089 1488 3144 illa
1503 3089 1621 3145 fructus
1645 3094 1714 3148 tuos

85 3179 222 3252 apraedii
236 3179 286 3251 (9),
302 3184 371 3252 post
386 3179 498 3236 obitum
513 3178 580 3252 ejus
601 3179 688 3235 tratri
701 3179 821 3235 cederet
837 3206 865 3276 0
878 3179 1038 3252 etquidem
1051 3178 1225 3244 uberiores;
1243 3177 1331 3233 babet
1346 3177 1463 3233 fructus
1479 3178 1623 3234 doctrinae
1642 3182 1711 3251 tuoe,

85 3286 88 3322 1
102 3269 269 3343 possessio.
286 3269 390 3341 Neque
404 3270 636 3341 quisquamoum
652 3267 698 3324 vel
712 3270 762 3323 tuo
772 3267 821 3324 vel
877 3268 967 3325 habet
986 3270 1046 3325 tuae
1069 3268 1139 3323 vitae
1162 3266 1361 3339 stipendium,
1381 3265 1469 3322 habet
1483 3266 1711 3340 fecunditatem,

85 3356 134 3415 sio
149 3357 321 3415 conveniret
335 3358 454 3415 nomine
471 3374 478 3414 :
495 3358 549 3414 sed
569 3357 628 3413 sibi
642 3357 777 3428 haberet,
792 3358 820 3413 oi
876 3373 965 3430 quam
973 3358 1035 3414 tuis
1044 3356 1189 3413 institutis
1200 3355 1317 3428 rigasti.
1329 3354 1385 3410 His
1396 3354 1481 3412 dives
1490 3355 1713 3429 reditibus,nou

86 3446 147 3519 liet,
164 3450 196 3503 ut
211 3447 285 3504 nihil
300 3447 487 3521 dispensaret
501 3446 655 3502 Ecclesiae.
672 3446 737 3503 Hoc
752 3461 820 3502 cum
876 3445 1165 3518 quaerittemporalia
1178 3461 1184 3500 :
1197 3445 1266 3517 quia
1283 3449 1394 3501 aeterna
1403 3445 1548 3516 possidet.
1560 3445 1712 3503 Addidisti

85 3535 261 3607 udicarem,
288 3539 317 3593 et
330 3536 507 3608 praeferrem
531 3539 642 3592 tantam
656 3535 754 3591 animo
769 3537 819 3591 tuo
876 3539 974 3592 autem
983 3535 1011 3591 ei
1025 3550 1085 3590 non
1100 3533 1197 3590 solum
1206 3532 1398 3605 apostolicos,
1416 3533 1566 3590 sedetiam
1582 3550 1712 3608 evange·

85 3640 116 3682 m
131 3624 316 3681 liberalitatis
330 3624 472 3698 gratiam,
488 3624 643 3696 respondit
657 3639 818 3697 germanus
876 3624 951 3681 licos
966 3624 1097 3690 iructus;
1115 3622 1258 3679 Dominus
1273 3622 1352 3678 enim
1367 3622 1441 3678 dixit
1456 3639 1462 3677 :
1483 3646 1494 3673 a
1512 3624 1608 3681 Facite
1622 3625 1711 3682 vobis

85 3712 189 3770 »lacere
203 3714 263 3770 sibi
285 3714 479 3784 oblationem,
501 3713 529 3769 si
552 3716 647 3769 metus
672 3712 818 3770 detorrio-
876 3714 989 3769 amicos
1004 3712 1153 3785 de'iniquo
1168 3726 1332 3767 mammona
1346 3712 1493 3784 (Lucxvr,
1509 3712 1549 3784 9).
1568 3733 1579 3765 ι
1596 3713 1711 3771 Fecisti

85 3823 88 3855 ι
118 3803 327 3874 possessionis
363 3802 529 3859 decederet.
565 3801 817 3869 Quemadmodum
876 3805 905 3859 et
918 3806 950 3858 tu
965 3801 1088 3871 amicos,
1111 3804 1140 3857 et
1155 3801 1234 3874 quod
1255 3799 1388 3857 mirabile
1411 3803 1468 3871 est,
1484 3816 1522 3858 ex
1536 3801 1708 3860 dissidenti·

85 3890 200 3963 lomina,
217 3891 339 3964 etquod
354 3892 551 3962 estamplius,
575 3892 674 3962 vidua,
691 3906 818 3962 posses·
874 3891 943 3948 bus.
969 3890 1080 3948 Fecisti
1104 3889 1208 3962 injus
1231 3890 1434 3962 germanitatis
1457 3890 1557 3947 redire
1582 3892 1707 3965 fratres,

85 3982 227 4054 aregeret
234 3981 418 4037 tributariam
429 3980 592 4052 (10)lQuid
607 3980 665 4036 sibi
680 3979 816 4053 prolutu-
874 3979 972 4036 iecisti
985 3994 1039 4036 eos
1050 3979 1105 4035 hac
1121 3978 1272 4048 charitate,
1289 3979 1344 4035 hac
1359 3980 1456 4052 gratia
1478 3995 1604 4038 securos
1624 3996 1706 4052 esse,

85 4070 140 4127 uod
146 4068 277 4142 sibijura
285 4070 492 4143 possessionis
498 4068 720 4140 cederes(ll);si
727 4068 818 4143 maio
874 4070 953 4142 quod
968 4069 1171 4142 suscipiantur
1184 4067 1215 4124 iu
1230 4071 1339 4125 aeterna
1353 4069 1556 4127 tabernacula.

85 4159 185 4215 ucultu
194 4159 423 4232 agrisubeunda
432 4158 816 4215 sibidamaaarbitrareturi
909 4158 953 4214 11.
968 4157 1086 4216 Christo
1099 4157 1192 4231 igitur
1204 4160 1326 4214 auctore
1339 4161 1368 4213 et
1384 4158 1502 4215 duobus
1516 4159 1638 4216 arbitris
1655 4176 1705 4216 sa·

85 4248 197 4304 [ovebat
211 4248 268 4304 hoc
283 4248 439 4321 utriusque
454 4248 548 4319 patris
570 4249 699 4320 togatos·
717 4247 815 4313 1102
873 4247 1061 4319 cerdotibus,
1077 4250 1107 4303 te
1121 4246 1173 4320 qui
1195 4246 1321 4302 formam
1335 4247 1417 4319 prior
1438 4247 1567 4316 dedisti,
1584 4264 1631 4304 me
1654 4248 1705 4321 qui

89 4336 251 4407 ,omnium
274 4336 463 4408 conspirante
489 4350 627 4405 assensu,
652 4334 762 4408 placuit
782 4337 815 4391 ut
872 4336 1047 4393 sententiam
1071 4334 1215 4407 prompsi,
1240 4334 1317 4390 lacta
1341 4351 1398 4406 pax
1422 4351 1481 4391 non
1507 4336 1702 4404 claudicabit,

96 4441 125 4482 v.
142 4441 168 4481 c.
186 4440 292 4498 agrum
303 4425 481 4497 susciperet,
494 4427 646 4481 etcertum
659 4438 814 4481 numerum
871 4425 988 4497 quando
1003 4427 1080 4481 tanta
1095 4422 1164 4479 fldei
1177 4427 1381 4480 convenerunt
1395 4423 1553 4497 sutfragia,
1570 4429 1600 4480 ut
1615 4425 1703 4498 pert]-

85 4513 129 4587 ati,
145 4514 217 4586 vini,
242 4514 309 4585 olei,
330 4514 431 4571 sorori
454 4513 623 4587 quotamais
637 4513 811 4584 pensitaret,
829 4515 917 4636 ¹)dia
936 4530 996 4572 non
1011 4515 1107 4587 possit
1121 4528 1191 4570 esse
1207 4514 1273 4569 sine
1287 4530 1385 4586 poena.

85 4655 101 4712 tl
114 4654 181 4729 lege
195 4659 388 4728 temperatum
404 4658 451 4712 est
474 4672 521 4713 au.
537 4656 591 4712 113
604 4657 810 4731 promulgata,
869 4657 984 4714 soleant
995 4656 1027 4713 in
1048 4656 1224 4713 tributorum
1246 4657 1430 4728 aliorumque
1455 4670 1579 4712 onerum
1594 4657 1700 4715 distri-

85 4726 165 4784 idem
189 4744 226 4784 ne
241 4729 277 4784 de
293 4729 437 4800 impensis
460 4729 520 4784 litis
536 4742 612 4785 nova
636 4727 807 4786 instituatur
868 4728 989 4786 batione
1002 4730 1089 4800 atque
1103 4727 1256 4784 exactione
1268 4728 1363 4800 magis
1374 4727 1476 4783 vexari
1488 4743 1496 4798 3
1509 4729 1618 4802 quippe
1632 4745 1701 4803 quae

85 4799 267 4889 prohibetur.
867 4801 904 4856 ab
919 4799 1062 4872 iniustitia
1078 4799 1237 4854 defendere
1253 4814 1286 4854 se
1300 4800 1400 4854 minus
1415 4799 1541 4855 valeant.

85 4885 148 4927 ras.
164 4875 193 4926 et
206 4885 271 4943 seq.
288 4871 357 4926 edit.
379 4887 446 4926 cum
468 4871 572 4942 paucis
586 4884 672 4926 msa..
691 4892 702 4921 ι
721 4884 805 4927 com·
901 4870 959 4942 (11)
973 4870 1047 4925 Mss.
1064 4870 1171 4941 l.ong.,
1184 4868 1272 4941 «Jura
1285 4870 1494 4942 possessionis
1509 4871 1696 4946 credercs31·

85 4956 120 4997 ua
141 4942 266 5007 sedare;
286 4962 297 4992 ι
325 4943 444 4998 amerb.
462 4958 529 4998 cum
548 4942 615 4998 aliis
630 4942 720 4998 multo
755 4943 802 4998 lu·
865 4941 959 5011 Gom,
978 4940 1071 5013 «jure
1087 4940 1239 5011 passionis
1255 4941 1393 4997 decades.
1413 4964 1424 4992 ι

95 5034 107 5061 ι
124 5027 219 5084 comp.
246 5013 372 5081 caedere,
397 5034 409 5064 1
427 5013 468 5068 lta
512 5028 581 5069 orro
601 5013 713 5069 diceret
735 4958 805 5070 ficet
902 5013 958 5083 (td)
973 5010 1060 5066 Erae.
1077 5016 1105 5066 et
1121 5027 1184 5083 seq.
1201 5011 1282 5082 edit,
1300 5035 1312 5061 a
1331 5014 1431 5069 sorori
1445 5017 1543 5070 tamen
1564 5017 1623 5073 tuae
1638 5019 1698 5073 sta·

85 5083 187 5140 undere
200 5103 207 5151 ;
223 5084 469 5155 quemadmodum
492 5030 571 5140 fleam
594 5100 699 5141 secare
721 5087 809 5156 atque
864 5085 909 5153 ta,
937 5107 948 5133 a
974 5080 1094 5138 amerb.
1117 5086 1146 5137 et
1169 5098 1233 5138 mss
1236 5124 1302 5138 ......
1328 5090 1414 5146 sata.-
1438 5085 1546 5159 Long,
1574 5094 1696 5145 sancte.

85 5169 460 5283 ffnclocumtlosaubonus
472 5227 503 5282 iu
514 5227 715 5299 spartianum,
725 5242 806 5282 num.
865 5225 1001 5281 Nunnius
1033 5225 1159 5295 explicat
1186 5225 1216 5280 in
1241 5225 1320 5281 hunc
1337 5243 1461 5283 sensum
1478 5246 1483 5283 :
1502 5230 1533 5284 ld
1557 5233 1613 5301 est,
1639 5245 1695 5285 suo

85 5312 94 5353 1
134 5300 155 5352 1.
181 5299 212 5352 ut
235 5313 268 5352 ea
283 5298 409 5354 formula
432 5299 615 5355 demonstret
628 5299 706 5369 apud
724 5298 807 5354 Lati·
864 5296 996 5369 perioulo
1022 5295 1126 5368 inquit,
1142 5296 1369 5367 pensitationem
1384 5300 1553 5370 sustinebit,
1571 5315 1695 5372 eamque

112 5368 170 5424 iem
185 5370 288 5424 mortis
305 5371 482 5441 significari.
862 5369 900 5422 ab
916 5336 1058 5424 oneribus
1067 5367 1311 5425 extraordinariis
1322 5371 1468 5441 expediet,
1480 5375 1508 5426 et
1518 5371 1587 5427 inde
1603 5369 1695 5426 muni·

864 5153 947 5220 Quod
961 5156 1059 5211 autem
1074 5153 1211 5209 subditur
1226 5169 1233 5209 τ
1247 5177 1258 5201 1
1272 5155 1330 5210 sibi
1345 5156 1457 5212 acribet
1471 5156 1583 5230 Laetus,
1602 5162 1695 5230 neto,

89 5440 321 5496 Possessionem
337 5442 521 5498 tributariam
544 5440 602 5496 dici
625 5442 706 5512 putat
723 5440 807 5495 blau·
862 5442 920 5495 tam
956 5438 1098 5495 crsolvet.

85 5512 148 5583 [uod
163 5512 272 5567 tributa
287 5513 442 5583 dependat,
461 5528 528 5584 quae
552 5513 579 5566 si
594 5527 650 5568 suo
676 5512 722 5566 die
746 5525 806 5566 non
897 5509 922 5577 (1
944 5511 954 5580 )
970 5509 1111 5565 Nonnulli
1134 5527 1220 5581 mss,
1240 5534 1251 5559 ι
1268 5527 1343 5567 usus
1358 5512 1516 5567 fructuum.
1535 5534 1546 5559 1
1564 5511 1693 5567 Advorte

85 5584 217 5653 mutetur,
233 5598 340 5666 magna
356 5585 446 5639 multa
461 5583 615 5639 involvunt
634 5582 805 5709 (proprieta-
860 5585 958 5638 autem
972 5582 1220 5663 exsequentibus
1257 5586 1404 5637 uantuma
1420 5581 1555 5662 moribus
1571 5582 1694 5638 Ambro-

85 5652 136 5709 3ed
160 5653 229 5708 hino
253 5657 340 5710 otram
355 5655 472 5710 videtur
491 5653 632 5724 hujusmo
654 5654 805 5724 iposses-
860 5652 955 5708 sianis
968 5652 999 5708 id
1014 5652 1150 5721 adiuerit,
1176 5656 1206 5708 ut
1247 5654 1388 5708 colesium
1402 5666 1418 5706 e
1434 5652 1612 5710 familiarum
1632 5655 1692 5711 rui·

93 5724 309 5783 administratio
328 5725 426 5783 vidam
450 5725 618 5797 dilllcilior,
643 5725 722 5801 quod
746 5722 806 5783 illae
859 5722 957 5787 navet
971 5724 1192 5803 perturbatione
1205 5723 1294 5784 vellet
1309 5722 1465 5783 ditescere.
