3900 6128
37 196 41 205 ¹
124 254 166 321 119
843 253 877 319 S.
899 253 1122 320 AMBROSII.
1801 256 1843 324 60

122 457 159 514 ab
171 457 373 514 ecclesiastica
384 456 672 530 abhorrentregula3
690 456 830 529 quoniam
840 473 907 528 quae
919 456 950 511 in
965 446 995 511 A
1009 457 1149 528 omnium,
1164 458 1351 529 utoppotitus
1371 458 1475 513 rationi
1491 461 1607 530 pareat:
1630 460 1795 517 secundum
1810 463 1839 517 et

122 547 649 617 Scripturissanctisnonreperimus‚
662 562 695 601 ea
705 546 952 619 quemadmodum

121 650 265 704 usurpare
276 637 461 705 possumus?

159 721 220 778 103.
233 722 369 780 Cavenda
386 725 465 781 enim
476 726 562 780 etiam
582 726 611 779 in
622 725 741 794 fabulis,
753 740 790 779 ne
802 724 951 779 intleotant

119 812 292 882 gravitatem
308 804 470 869 serenioris
488 814 641 885 propositi.
666 814 712 868 Vae
730 813 823 882 robis,
843 814 895 884 qui
904 814 951 867 ri-

120 900 208 970 datis,
220 901 544 973 quiadebitis(l.uo.v1,
555 901 628 973 didi
641 903 681 955 ait
691 903 847 957 Dominus:
861 905 950 956 etnos

118 988 232 1043 ridendi
252 991 402 1045 materiam
417 992 608 1062 requirimus,
629 995 660 1045 ut
671 991 719 1045 hic
736 991 878 1058 ridentes,
891 991 950 1046 illic

119 1076 266 1132 fleamus?
284 1079 350 1134 Non
369 1080 466 1135 solum
491 1080 644 1150 profusos
667 1080 720 1134 sed
740 1095 844 1134 omnes
863 1081 949 1134 etiam

114 1163 405 1236 jocosdeelinandos
424 1169 565 1236 arbitror,
586 1169 644 1223 nisi
658 1168 732 1223 torte
742 1168 861 1239 plenum
882 1184 950 1223 sun·

118 1255 217 1310 vitatis
227 1255 284 1326 (11)
295 1259 323 1311 θῖ
333 1258 697 1330 gratiaesermoncmesse,
707 1273 766 1312 non
778 1257 951 1312 indecorum

120 1346 174 1400 θεῖ.

157 1432 436 1489 lotharidarum
454 1435 525 1505 quid
543 1436 655 1506 loquar,
676 1451 764 1507 quam
784 1435 951 1506 simplicem

120 1524 149 1577 et
166 1538 269 1592 puram
280 1538 348 1578 esse
360 1525 432 1578 satis
452 1525 592 1580 arbitror:
615 1540 752 1579 canoram
768 1527 865 1578 autem
882 1539 951 1579 esse

120 1614 232 1666 naturae
250 1614 305 1681 θεῖ,
326 1629 384 1668 non
402 1613 556 1668 industriae
575 1613 642 1684 (15).
664 1613 708 1667 Sit
727 1629 798 1667 sane
811 1613 951 1667 distincta

120 1701 367 1759 pronuntiationis
387 1704 484 1772 modo,
504 1706 532 1757 et
559 1703 645 1773 plena
670 1703 752 1757 succi
770 1702 890 1756 virilis:
920 1705 951 1756 ut

1009 547 1127 601 tertiam
1149 547 1227 602 idem
1241 550 1296 617 est,
1316 548 1373 602 hoe
1393 551 1449 616 θεῖ,
1473 548 1502 602 in
1517 552 1641 620 utroque
1666 550 1838 619 moderatio,

1008 635 1098 688 Vacat
1108 636 1185 689 enim
1196 637 1272 706 apud
1283 653 1339 690 nos
1352 637 1464 706 speciei
1481 638 1622 704 liberalis,
1632 653 1698 707 quoe
1705 638 1840 708 pulchri-

1007 724 1217 791 tudohabetur‚
1228 730 1255 779 et
1266 725 1640 796 dignitatiseontemplatio.
1658 727 1840 798 Sequitur-de

1009 812 1111 867 ordine
1134 829 1243 883 rerum,
1269 817 1297 868 et
1310 815 1346 868 de
1372 815 1586 884 opportunitate
1603 819 1778 884 temporum.
1796 817 1841 871 Ae

1006 917 1059 971 por
1074 901 1130 956 hoe
1146 903 1200 956 tria
1216 905 1294 970 sunt,
1313 918 1378 974 quae
1403 903 1555 957 videamus
1572 907 1669 959 utrum
1693 906 1723 959 in
1738 905 1839 977 aliquo

1007 995 1176 1046 sanctorum
1192 995 1393 1046 consummata
1408 992 1560 1062 possimus
1577 994 1694 1048 dooere.

1043 1081 1103 1134 101.
1118 1081 1245 1135 Primum
1258 1082 1322 1151 ipse
1342 1084 1424 1150 pater
1441 1081 1590 1136 Abraham
1606 1083 1656 1152 qui
1672 1083 1708 1136 ad
1724 1082 1839 1154 magis-

1004 1169 1110 1223 terium
1120 1169 1224 1223 tuturm
1234 1169 1439 1224 successionis
1451 1169 1660 1225 informatasct
1671 1171 1837 1228 instructus

1007 1259 1062 1326 est,
1077 1257 1194 1328 jussus,
1212 1259 1294 1313 exire
1319 1258 1355 1312 de
1371 1262 1448 1312 terra
1472 1274 1536 1327 sua,
1554 1263 1583 1313 et
1606 1259 1642 1314 de
1659 1261 1837 1331 cognatione

1008 1362 1073 1415 sua,
1091 1349 1118 1401 et
1144 1347 1178 1401 de
1196 1347 1283 1402 domo
1307 1348 1461 1417 patrissui
1483 1347 1570 1412 (Gerr.
1594 1366 1644 1417 κη,
1662 1348 1675 1403 1
1692 1356 1721 1403 et
1744 1350 1839 1422 seq.):

1007 1451 1105 1490 nonne
1129 1436 1329 1506 multiplicatae
1356 1435 1422 1505 (19).
1448 1437 1679 1492 necessitudinis
1704 1439 1839 1508 praestri-

1007 1527 1072 1578 ctus
1086 1523 1202 1593 ellectu,
1218 1529 1316 1578 tamen
1340 1525 1498 1594 appetitum
1522 1527 1629 1581 rationi
1651 1527 1840 1582 obedientem

1006 1614 1153 1682 praebuit?
1168 1613 1260 1678 Quem
1275 1613 1353 1668 enim
1368 1616 1456 1668 tarra
1472 1629 1545 1682 suae,
1571 1617 1767 1687 cognationis
1784 1616 1839 1672 do-

1006 1703 1330 1773 musquoquepropriae
1341 1701 1434 1772 gratia
1448 1718 1506 1756 noa
1522 1701 1701 1759 delectaret?
1713 1704 1748 1758 Et
1757 1705 1837 1760 hune

120 1788 288 1859 rhythmum
299 1789 413 1846 affectet
423 1793 586 1861 scenicum,
599 1791 653 1846 sed
674 1791 830 1862 mysticum
850 1795 951 1846 servat
968 1765 992 1828 Β
1008 1791 1696 1862 crgomulcebateuorumsuavitas,sedimperii
1707 1794 1838 1849 eoelestis

118 1875 185 1949 (1⁶)-
718 1959 721 1962 ⁴

53 1990 60 1996 “
403 2006 529 2063 carun
559 2007 665 2063 xxrv.

1007 1879 1056 1942 30
1081 1882 1109 1933 et
1130 1878 1377 1936 remunerationis
1392 1882 1509 1937 aeternae
1526 1883 1722 1937 consideratio
1739 1899 1841 1939 move-

1006 1958 1840 2030 batamplius.Nonneeonsiderabatuxoremimbeeillem

1007 2047 1181 2118 adlabores
1192 2055 1364 2108 teneramad
1376 2054 1511 2125 injurias,
1535 2055 1672 2108 decoram
1688 2053 1723 2106 ad
1739 2053 1841 2106 incen-

125 2128 193 2184 Tria
208 2129 239 2183 in
258 2132 326 2186 Vitat)
337 2131 453 2186 delibus
463 2133 661 2199 observande,
674 2132 812 2185 nimirum
824 2137 854 2185 tlt
864 2132 951 2186 ratio·
1006 2140 1065 2193 tiva
1077 2141 1274 2210 insolentiam,
1285 2143 1350 2196 sine
1370 2160 1486 2197 summo
1497 2158 1556 2198 non
1567 2158 1657 2213 posse
1676 2142 1743 2195 duci
1754 2142 1835 2210 peri-

55 2265 58 2269 ,
154 2201 541 2285 niappetitussulrjiriatur‚
560 2203 856 2272 utinstodiisjusta
876 2218 945 2257 ser·
1007 2229 1098 2282 culo?
1129 2229 1163 2282 Et
1195 2233 1291 2284 pumen
1319 2231 1420 2286 subire
1448 2233 1543 2286 omniu
1581 2247 1668 2302 quam
1693 2245 1839 2285 excusum

156 2273 423 2341 veturmorleratro,
436 2274 562 2344 dentque
574 2279 603 2326 ut
618 2289 669 2327 suo
689 2289 807 2345 querque
819 2279 950 2343 tempore
1548 2274 1555 2300 ’

154 2346 239 2413 mque
248 2344 352 2398 orm-m,
363 2351 517 2415 §mmm
537 2343 605 2408 Qua,
616 2346 711 2397 omnm
728 2345 758 2396 m
769 2344 882 2396 smmis
897 2343 946 2397 pe,
1007 2317 1172 2372 consultius
1183 2317 1366 2387 dijudicavit.
1380 2320 1490 2375 Deinde
1516 2336 1582 2375 cum
1598 2319 1792 2374 descenderet
1806 2319 1838 2372 in

154 2414 950 2484 terisTestamentiririsadeopraeiulserunt,alaram·
1005 2405 1179 2478 AEgyplum,
1210 2410 1322 2462 monuit
1339 2413 1378 2473 <ut
1399 2409 1509 2464 diceret
1537 2424 1571 2463 se
1600 2423 1733 2463 sorerem
1757 2423 1837 2476 esse,

152 2483 261 2538 testum
275 2485 377 2542 siteos
397 2485 611 2553 cardinalibus
632 2502 703 2558 quas
717 2492 830 2555 vocant,
853 2486 948 2540 rirtu-
1005 2510 1064 2549 non
1080 2511 1202 2549 uxorem
1221 2496 1325 2564 ipsius,

154 2554 234 2610 tibus
249 2557 373 2626 effseffle
388 2557 551 2610 mmmm
565 2556 671 2611 susm·
1041 2583 1102 2638 108.
1119 2584 1258 2653 adverte,
1280 2587 1381 2658 quanti
1403 2587 1559 2658 appetitus
1586 2585 1718 2640 Timebat
1733 2584 1837 2639 uxoris

151 2677 211 2732 105.
231 2679 273 2733 [te
287 2679 399 2734 ratione
415 2679 531 2735 dicendi
546 2681 619 2734 satis
635 2680 745 2734 dictum
762 2683 843 2750 puto,
866 2695 944 2734 nune
1003 2672 1119 2742 pudori,
1136 2675 1254 2729 timebat
1269 2677 1396 2747 propriae
1417 2677 1514 2743 saluti,
1533 2677 1689 2746 suspectas
1710 2673 1839 2728 habebat

117 2766 353 2823 deaotioncvitae
369 2768 603 2841 quidoongruat‚
624 2769 859 2823 consideremus.
880 2769 948 2823 Tria
1004 2761 1214 2833 AEgyptierum
1231 2764 1388 2820 libidiacs:
1415 2768 1555 2819 ettamen
1579 2763 1732 2835 praevaluit
1757 2762 1836 2832 apud

118 2857 213 2909 eutem
242 2856 273 2908 in
297 2857 354 2912 hoc
379 2873 488 2928 genere
511 2857 670 2927 spectanda
695 2858 753 2925 (l'l)
778 2857 947 2913 cernimus:
1005 2865 1072 2905 eum
1098 2853 1172 2907 ratio
1192 2854 1391 2924 exsequendae
1422 2853 1597 2908 devotionis.
1627 2850 1835 2905 Consirleravit

117 2958 217 3013 unum,
248 2946 279 2999 ut
306 2945 411 3000 rationi
437 2947 583 3017 appetitus
607 2962 665 3001 non
688 2947 865 3015 relectorum
891 2947 948 3001 hoe
1006 2941 1084 2994 enim
1099 2942 1179 3011 quod
1194 2942 1246 2996 Dei
1263 2942 1363 2997 lavore
1373 2943 1481 3014 ubique
1496 2945 1652 2996 tutusesse
1666 2943 1779 3011 posset,
1792 2936 1838 2993 of·

116 3033 193 3087 enim
205 3033 389 3090 solummodo
400 3038 526 3105 possunt
543 3036 639 3090 estleia
659 3039 760 3090 nostra
781 3035 822 3090 illi
837 3035 946 3090 decoro
1007 3027 1091 3083 senso
1100 3032 1197 3085 eutem
1209 3031 1343 3101 Domino,
1355 3033 1442 3086 etiam
1452 3031 1529 3085 domi
1540 3045 1599 3084 non
1610 3027 1834 3099 possetilleesus

116 3122 286 3180 convenire.
299 3122 329 3177 Si
342 3124 419 3177 enim
430 3124 576 3195 appetitus
587 3125 694 3179 rationi
714 3124 841 3193 obediat,
858 3124 945 3180 facile
1005 3133 1133 3174 manere.
1147 3119 1223 3174 Vicit
1239 3121 1327 3193 igitur
1343 3118 1630 3190 appetitumratio,et
1644 3117 1835 3172 obedientem

114 3209 143 3264 id
151 3211 518 3282 quoddeceatinomnibus
531 3213 639 3267 officiis
651 3213 824 3269 conservari
835 3216 943 3284 potest.
1005 3206 1062 3260 eibi
1078 3208 1225 3278 praestitit.

112 3297 224 3355 Deinde
249 3316 285 3355 ne
300 3300 413 3372 majore
435 3301 533 3356 studio
553 3317 641 3372 quam
666 3317 716 3356 res
732 3303 794 3372 ipsa
810 3305 856 3356 est
877 3318 944 3373 quae
1040 3296 1101 3351 109.
1116 3297 1206 3367 Capto
1226 3302 1330 3368 nepote
1341 3298 1408 3369 (10),
1422 3314 1480 3352 non
1497 3295 1670 3368 perterritus
1682 3309 1777 3365 neque
1795 3295 1839 3348 tot

113 3388 285 3461 suscipitur,
308 3390 355 3444 vel
379 3390 511 3445 minore:
541 3392 591 3444 aut
610 3405 734 3460 parvam
756 3406 863 3462 magno
878 3407 943 3444 am-

111 3474 175 3530 bitu
189 3477 247 3548 (18)
263 3479 447 3549 suscepisse,
474 3481 523 3533 aut
538 3494 676 3551 magnam
693 3479 832 3533 interiore
854 3479 945 3533 desti-

111 3563 206 3620 tuisse
225 3566 388 3622 videamur.
414 3568 544 3623 Tertium
562 3568 597 3623 de
613 3567 814 3622 moderatione
832 3568 945 3622 studio·

111 3667 187 3726 rum,
198 3668 378 3728 operumque
388 3659 572 3712 nostrorum:
595 3657 630 3711 de
651 3656 754 3711 ordine
766 3672 883 3728 quoque
894 3672 943 3711 re-

111 3756 177 3797 rum
192 3744 221 3798 θῖ
234 3743 269 3799 de
284 3745 499 3816 opportunitate
521 3748 696 3818 temporum,
722 3761 781 3801 non
796 3745 942 3803 dissimu-

110 3828 229 3887 landum
243 3836 325 3904 puto,

146 3919 207 3977 106.
231 3920 289 3977 Sed
303 3922 429 3993 primum
452 3923 524 3979 illud
548 3923 634 3996 quasi
661 3922 882 3979 tundamentum
897 3923 944 3979 θεῖ

111 4063 185 4119 stica
201 4064 303 4136 regula
319 4064 479 4121 abhorrere
503 4081 562 4120 non
585 4064 662 4119 idem
677 4062 793 4119 videtur
812 4080 846 4117 ao
858 4063 940 4136 jocis

111 4133 318 4190 abstinendum
334 4135 364 4189 in
379 4136 519 4191 tradenda
534 4152 618 4191 sacra
642 4137 784 4204 doctrina,
802 4136 855 4190 sed
872 4136 940 4190 aul-

109 4202 169 4259 lam
183 4221 253 4259 esse
273 4206 302 4260 in
321 4207 416 4261 saeris
428 4208 545 4279 paginis
556 4210 605 4261 aut
616 4207 780 4261 canonibus
794 4207 937 4289 regulam,

112 4274 273 4348 quajoeari
292 4276 409 4332 clericis
429 4279 621 4348 permittatur.
644 4278 701 4332 Sed
713 4281 743 4331 ut
763 4293 889 4332 maxime
905 4278 941 4333 de

1003 3398 1109 3457 regum
1131 3387 1265 3441 turbatus
1281 3387 1408 3457 populis,
1433 3385 1543 3440 bellum
1563 3384 1687 3454 repetit:
1714 3383 1838 3438 victoria

1004 3475 1124 3542 potitus,
1137 3475 1246 3544 praedae
1254 3479 1365 3546 partem
1383 3474 1471 3546 eujus
1484 3475 1547 3544 ipse
1559 3473 1613 3528 luit
1623 3475 1734 3537 auctor,
1748 3487 1838 3526 recu-

1004 3564 1080 3619 savit
1094 3563 1180 3634 (Gen.
1193 3581 1252 3632 xiv,
1269 3565 1302 3618 11
1318 3570 1347 3619 et
1363 3563 1439 3636 seq.)
1464 3563 1615 3617 Promisso
1632 3576 1749 3632 quoque
1774 3560 1836 3614 sibi

1001 3651 1072 3716 illio,
1098 3668 1165 3707 eum
1189 3653 1392 3708 consideraret
1402 3651 1526 3706 emortui
1544 3651 1679 3720 corporis
1692 3650 1831 3704 suivires

1003 3740 1165 3812 depositas,
1182 3742 1364 3796 sterilitatem
1389 3740 1539 3812 conjugis.
1566 3743 1594 3793 et
1615 3753 1784 3809 supremam
1799 3753 1834 3792 se

1001 3833 1166 3896 mectutem‚
1179 3831 1266 3884 etiam
1277 3833 1377 3885 contra
1389 3845 1475 3883 usum
1484 3832 1596 3883 naturae
1611 3828 1671 3882 [leo
1691 3826 1827 3881 eredidit.

1002 3918 1090 3990 (Gen.
1107 3936 1157 3989 xv,
1174 3919 1212 3989 6).

1001 4085 1060 4151 pta,
1072 4080 1123 4133 uhi
1132 4095 1195 4150 cap.
1206 4078 1222 4134 3
1232 4081 1330 4134 textus
1343 4077 1503 4133 Ambrosii.
1524 4093 1583 4147 quo
1595 4077 1630 4131 de
1648 4075 1776 4148 agimus,
1796 4075 1833 4130 ad

1001 4152 1125 4206 verbum
1136 4150 1326 4206 exscribitur.
1347 4148 1492 4203 Caeterum
1502 4147 1651 4202 fatendum
1669 4149 1697 4200 in
1713 4147 1769 4201 hoc
1780 4162 1835 4217 ge-

1000 4238 1071 4277 nere
1092 4222 1221 4275 omnium
1233 4221 1413 4293 gravissime
1424 4235 1549 4289 peccare
1565 4235 1617 4273 eos
1633 4219 1683 4288 qui
1700 4219 1832 4272 theatra·

1000 4293 1044 4348 les
1062 4293 1184 4347 facetias
1199 4293 1235 4346 ad
1251 4307 1369 4346 sacrum
1383 4290 1581 4344 transterrunt
1602 4293 1791 4362 suggestum,
1805 4290 1834 4343 et

110 4346 252 4428 fladflnda
273 4348 382 4419 ll⁰l³l¹lo
403 4348 536 4430 (1001111,ῑᾶ
560 4348 737 4432 (ἶὴῖῑὲῑίθῦἷθ
759 4349 940 4433 intelligat&
957 4378 985 4440 D
1000 4365 1172 4419 histrionico
1185 4363 1362 4432 scurrilique
1375 4361 1527 4415 dicacitate
1543 4361 1720 4441 gravitatem
1742 4375 1833 4441 euan-

110 4415 159 4475 ¹¹¹0
178 4417 273 4489 ¹00118,
293 4435 351 4473 ¹¹⁰⁰
370 4422 467 4474 lamen
485 4436 544 4473 Vtm
560 4420 649 4474 ⁸0¹V¹t
666 4421 864 4490 ⁰hl0⁰l¹0¹¹153
881 4421 941 4474 Slbl
999 4436 1124 4508 geticum
1136 4435 1254 4489 solvunt
1264 4436 1508 4501 etconspureant.
1522 4432 1595 4485 Vide
1604 4430 1764 4487 Mabrllomr
1779 4446 1831 4484 no·

111 4488 189 4543 enim
210 4489 259 4544 ille
282 4493 460 4560 opposuerat
484 4490 620 4562 ejusdem
643 4491 774 4545 doctoris
795 4491 886 4545 verba
901 4507 939 4546 ex

110 4574 190 4613 num.
201 4575 265 4632 seq.
277 4561 328 4616 uhi
339 4561 374 4617 de
384 4561 503 4631 fabalia,
522 4562 551 4616 id
568 4565 622 4625 θεῖ,
641 4561 776 4615 familiari
794 4561 939 4616 contabu-

14 4641 17 4645 ’
110 4628 218 4686 latione
233 4647 249 4684 a
273 4647 336 4701 ens,
355 4633 506 4702 proposita
517 4632 627 4687 Christi
644 4632 790 4687 adversus
807 4633 938 4687 ridentes

111 4648 346 4771 comminaffione,
359 4703 598 4758 nullumomniao
616 4703 716 4775 jocum
729 4718 788 4758 non
809 4703 936 4758 damnat.

111 4768 215 4842 Neque
226 4774 646 4829 verovirumestrtmbrosium
659 4774 796 4846 jocorum
811 4790 866 4828 usu
876 4774 937 4828 ele-

112 4840 182 4896 rioia
192 4841 332 4908 indicere,
350 4860 416 4898 eum
436 4846 599 4899 universim
613 4846 711 4900 ridere
728 4845 840 4899 homini
854 4845 938 4898 Chri·

109 4911 204 4967 stiano
219 4912 265 4967 tas
281 4929 349 4968 esse
374 4919 461 4986 neget
487 4917 625 4980 Basilius,
645 4917 716 4986 Heg.
732 4916 864 4971 brevior.
886 4915 934 4969 in-

108 4985 162 5037 ter.
174 4979 218 5038 31.
232 4983 318 5038 Hunc
337 4985 425 5039 etiam
443 4987 567 5041 consule
583 4988 669 5056 epist.
683 4987 744 5053 111,
757 4991 786 5040 θῖ
809 4985 935 5041 Constit.

106 5055 272 5109 monastic..
292 5070 355 5124 cap.
379 5056 421 5120 le,
441 5072 529 5128 quem
544 5058 574 5111 in
594 5058 649 5111 hae
664 5073 781 5128 quoquc
798 5056 931 5112 doctrina

108 5122 138 5179 S.
149 5125 326 5181 Benedictus
336 5126 529 5199 Regulaesuae
544 5144 607 5196 cap.
626 5129 643 5183 6
656 5130 702 5183 θεῖ
717 5129 856 5182 imitatus.
866 5127 937 5193 Quae

107 5195 226 5265 quidem
236 5198 274 5250 ita
291 5197 438 5266 portinent
455 5198 491 5251 ad
511 5202 638 5265 ascetas,
649 5203 680 5253 ut
693 5200 779 5253 etiam
794 5199 932 5253 omnibus

108 5268 251 5337 quotquot
275 5268 392 5321 virtutis
413 5268 540 5323 studiosi
562 5268 679 5336 tuerint,
706 5270 891 5338 conveniant,
909 5274 938 5325 et

105 5339 232 5393 maxime
243 5338 459 5403 sacerdotibus,
479 5340 635 5411 dequibus
648 5357 716 5394 vere
735 5340 818 5411 juxta
830 5357 864 5394 ac
883 5341 929 5410 pie

109 5406 280 5463 Bernardus
295 5408 346 5464 lib.
362 5427 381 5464 11
391 5409 428 5465 de
445 5409 564 5465 Gonsrd.
579 5426 642 5480 cap.
658 5410 702 5466 la:
725 5433 736 5457 ιι
749 5411 827 5465 later
837 5425 936 5465 saecu-

107 5477 195 5545 lares,
207 5479 317 5552 inquit,
329 5496 428 5551 nugae,
439 5497 526 5563 nugae
545 5484 632 5536 sunt:
650 5483 681 5535 in
695 5496 746 5536 ore
761 5480 935 5552 sacerdotis,

107 5548 335 5621 blasphemiae.»
355 5551 411 5605 Adi
426 5551 563 5607 similiter
577 5555 659 5607 tract.
676 5552 714 5608 de
729 5551 851 5607 Ordine
868 5551 938 5606 vitae

110 5626 256 5681 elmerum
262 5621 362 5679 lastit.
370 5622 447 5678 inter
457 5637 546 5694 opera
556 5621 586 5678 S.
597 5621 747 5679 Bernardo
757 5621 833 5678 male
843 5621 936 5678 aeori-

999 4507 1053 4561 stri
1062 4510 1159 4561 notam
1168 4505 1203 4558 ad
1216 4503 1464 4559 Bernardilocum
1476 4501 1734 4572 supralaudatum,
1747 4500 1774 4555 l.
1795 4501 1828 4556 B.

998 4577 1105 4632 Thiers
1121 4579 1149 4630 et
1164 4575 1250 4629 alios.

1033 4646 1089 4730 (11)
1112 4647 1175 4701 Vet.
1201 4646 1270 4700 edit.
1293 4646 1322 4699 et
1346 4643 1464 4716 quidam
1481 4659 1566 4715 mss,
1593 4643 1712 4717 plenam
1732 4648 1831 4697 tamen

996 4717 1166 4773 suavitatis.

1032 4787 1157 4859 (tetulo.
1177 4786 1248 4841 libr
1268 4785 1365 4856 orde,
1384 4802 1421 4856 pa
1447 4829 1452 4840 .
1470 4785 1596 4852 seatio.
1609 4784 1658 4839 99:
1678 4806 1689 4836 a
1707 4784 1740 4838 ln
1755 4798 1830 4839 voce

995 4864 1093 4914 autem
1108 4859 1165 4914 duo
1182 4874 1351 4928 sequamur,
1369 4862 1399 4912 ut
1414 4802 1492 4911 effare
1508 4858 1547 4912 sit
1562 4860 1591 4911 et
1611 4857 1724 4922 suavis,
1745 4879 1755 4903 a
1773 4858 1831 4909 eto.

1031 4931 1087 5001 (16)
1103 4930 1264 5002 Mystieum
1278 4934 1392 4985 servet.
1409 4929 1509 4998 idest,
1527 4928 1735 4999 mysteriorum
1743 4942 1832 4982 sane·

995 5002 1069 5056 titali
1085 5017 1261 5073 congruum.

1031 5071 1087 5142 (17)
1099 5071 1220 5127 Cielib.
1233 5089 1252 5136 ι,
1265 5070 1405 5143 pagtt'ltl,
1417 5069 1832 5140 lintl‘l31nomniautemao-

995 5145 1074 5198 tione
1090 5143 1290 5214 suscipienda.
1307 5144 1363 5196 tria
1384 5147 1453 5196 sunt
1468 5141 1603 5210 tenenda,
1625 5165 1634 5188 n
1648 5145 1704 5194 eto.

1030 5214 1088 5284 (18)
1118 5214 1191 5269 Μεε.
1221 5229 1279 5268 non
1295 5213 1390 5282 pauci,
1411 5212 1458 5266 rel
1483 5213 1627 5267 minorem
1644 5228 1677 5265 ao
1708 5226 1834 5281 parram

995 5301 1048 5355 ma,
1065 5301 1100 5340 no
1115 5285 1236 5347 arrrtrita,
1254 5287 1308 5338 eto.

1031 5302 1087 5426 (fit)
1103 5355 1241 5409 Nonnulli
1259 5370 1331 5407 mes,
1350 5369 1383 5407 ac
1399 5353 1479 5418 edit,
1504 5352 1725 5424 arelliptieatae:
1751 5368 1835 5422 quae·

995 5426 1070 5490 dam,
1088 5425 1243 5496 multiplici
1259 5424 1682 5496 anecesitudinisperstrictus
1694 5422 1813 5478 allecto.

1031 5497 1087 5568 (11))
1105 5494 1189 5553 Rom.
1206 5495 1274 5550 edit.
1300 5510 1367 5548 cum
1382 5510 1439 5550 uno
1463 5496 1510 5551 vel
1531 5495 1624 5551 altero
1640 5511 1726 5550 mss..
1754 5493 1832 5566 Gap-

997 5574 1057 5623 tum
1073 5571 1219 5639 nepotem,
1232 5564 1315 5623 bollo
1325 5565 1448 5637 repetit.
