3900 6128
1646 71 1669 111 s

406 260 464 326 ne
484 258 678 326 excessu
699 254 883 324 rearsrs
903 256 975 325 sm
997 260 1153 327 servm
1175 260 1256 328 me.
1280 260 1305 329 1.
1641 256 1722 334 raro
1836 238 1840 243 ’

90 463 150 521 Sed
165 479 234 520 eece
249 463 396 520 dicentem
411 444 596 534 Scriptorum
611 461 717 518 audio:
739 456 831 515 rNoli
848 441 866 503 l
886 462 961 518 tarls
972 464 988 518 ‘l
1000 463 1091 535 Ades,
1106 464 1166 534 (86)
1181 465 1310 538 inquam,
1323 468 1351 523 et
1366 482 1486 540 semper
1500 466 1673 537 odlanderis,
1690 468 1720 524 et

85 569 96 611 e
113 553 193 609 hune
212 568 392 624 sermonem,
412 552 466 607 sed
486 553 621 608 consenti
640 553 824 623 persuaderi.
888 553 1715 631 tototeenimoacmenteromplcetor,espicio,alloquor,

85 642 142 699 nim
157 659 248 699 casus
263 642 359 699 Sion?
377 642 539 699 Consolare
559 646 683 716 propter
698 641 831 699 dolorem
887 641 1017 713 osculor,
1034 643 1252 716 comprehendo
1267 646 1313 702 vel
1329 647 1359 702 in
1374 647 1439 719 ipsa
1454 647 1551 719 quiete
1562 648 1715 720 nocturna,

86 731 172 788 alem.
196 732 287 787 Vides
307 732 385 787 enim
404 732 473 804 quia
487 737 590 788 sancta
610 735 712 788 nostra
728 735 830 789 eoam·
884 730 931 785 vel
945 731 974 785 in
990 731 1056 788 luce
1079 734 1178 804 clara,
1203 749 1269 790 oum
1292 736 1424 791 revisere
1446 739 1484 807 et,
1500 735 1649 793 consolari
1669 736 1716 792 di·

85 820 421 892 asuut,etnomonquod
432 822 612 876 nominatum
623 820 830 892 est(85)super
885 819 988 893 gnaris
1003 824 1186 878 moerentem.
1204 824 1337 897 Denique
1359 826 1432 897 ipsae
1451 826 1512 898 jam
1528 830 1631 882 noctes
1648 810 1716 901 quae

85 924 152 981 peno
172 910 358 981 profanatum
380 915 435 981 est,
452 914 481 966 et
500 910 541 965 illi
560 910 655 967 nostri
675 914 830 968 contume-
884 909 971 981 quasi
994 911 1192 983 molestiores,
1215 912 1333 970 vivente
1356 918 1394 985 te,
1417 914 1612 995 videbantnr;
1636 915 1716 990 quod
1768 937 1775 951 ¹

85 999 159 1054 sassi
177 1004 257 1069 sunt,
270 1003 298 1055 et
309 999 482 1056 sacerdotes
492 1001 587 1056 nestri
599 1001 738 1056 succensi
748 1003 827 1070 sunt,
883 999 976 1054 mutui
1000 1004 1179 1072 conspectus
1204 1003 1317 1075 copiam
1340 1003 1540 1077 denegarent:
1572 1004 1636 1076 ipse
1651 1005 1716 1079 jam

85 1088 134 1144 itae
148 1089 246 1145 nostri
261 1088 290 1142 in
309 1089 475 1159 captivitate
494 1089 624 1159 luerunt,
640 1093 668 1145 et
687 1090 829 1146 mulieres
883 1104 1006 1145 somnus
1022 1088 1235 1163 colloquiorum
1250 1095 1421 1149 nostrorum
1433 1093 1544 1149 dudum
1563 1094 1714 1167 interrup-

85 1178 325 1234 eoontaminatae
339 1181 418 1249 sunt,
436 1181 466 1234 et
484 1179 620 1252 virgines
639 1183 751 1238 nostra
767 1180 827 1235 vim
881 1179 927 1232 tor
949 1177 1126 1250 inamabilis,
1152 1180 1248 1237 dulcis
1272 1197 1342 1239 esse
1365 1182 1428 1256 jam
1453 1182 1560 1256 coepit3
1589 1185 1657 1259 quia
1685 1188 1738 1249 te,

85 1283 103 1336 t,
118 1265 234 1338 etiusti
249 1267 344 1322 nostri
364 1268 451 1339 rapti,
468 1269 497 1323 et
515 1267 629 1338 parvuli
646 1269 742 1324 nostri
756 1283 828 1340 pro·
881 1266 951 1321 mihi
963 1267 1098 1323 reddidit.
1109 1268 1175 1325 Non
1190 1271 1281 1343 igitur
1294 1271 1407 1342 miseri,
1418 1273 1471 1329 sed
1488 1273 1575 1345 beati,
1588 1289 1713 1346 quorum

86 1360 147 1426 unt,
168 1360 197 1412 et
214 1355 344 1428 juvenes
364 1357 460 1412 nostri
480 1358 657 1426 servierunt,
682 1362 712 1413 et
733 1358 828 1414 fortes
882 1370 936 1411 nec
946 1358 1105 1427 praesentia
1117 1358 1225 1427 deficit,
1236 1375 1291 1416 nee
1303 1376 1373 1417 cura
1385 1362 1535 1431 minuitur,
1547 1366 1575 1418 et
1586 1365 1714 1437 augetur

85 1494 86 1499 ,
110 1444 232 1500 invalidi
257 1445 326 1502 iacti
351 1448 429 1502 sunt.
452 1446 487 1501 Et
511 1447 589 1518 quod
613 1447 744 1503 omnium
767 1463 828 1503 ma·
880 1445 986 1517 gratia.
997 1444 1112 1501 Etenim
1127 1448 1223 1503 somni
1235 1448 1291 1519 (87)
1306 1449 1415 1506 similis
1430 1451 1528 1524 imago
1543 1453 1658 1508 mortis.

85 1533 265 1607 signaculum
288 1535 360 1592 Sion
384 1536 524 1608 quoniam
549 1537 702 1610 resignata
724 1541 770 1592 est
791 1538 828 1593 de
915 1534 959 1589 ld.
979 1532 1108 1601 Quodsi
1127 1536 1438 1610 inquietenocturna
1462 1540 1591 1597 vinculis
1615 1539 1712 1599 adhue

85 1639 167 1693 ¹seua,
183 1641 262 1680 nunc
278 1628 306 1681 et
329 1625 436 1681 tradita
450 1628 496 1681 est
511 1625 541 1681 in
556 1625 694 1682 manibus
710 1641 824 1696 eorum,
880 1623 1032 1694 corporeis
1041 1624 1233 1697 inhaerentes,
1246 1630 1274 1682 et
1288 1629 1375 1700 quasi
1391 1628 1468 1684 inter
1483 1630 1647 1686 carceraria
1662 1646 1712 1689 ro·

85 1728 112 1769 ts
127 1712 261 1770 oderunt.
278 1715 322 1770 Τιι
338 1719 527 1788 ergeexonte
542 1720 622 1771 tuam
631 1715 752 1771 multam
762 1717 829 1771 tris·
878 1710 977 1785 ligate
992 1712 1122 1768 claustra
1135 1715 1345 1787 membrorum,
1362 1721 1490 1790 possunt
1500 1720 1595 1775 lamen
1606 1720 1713 1779 animes

85 1842 94 1873 ,
109 1804 138 1859 et
153 1803 266 1873 depone
281 1803 336 1859 abs
351 1809 379 1859 te
395 1803 610 1862 multitudinem
624 1804 779 1872 dolorum;
795 1808 861 1880 ntg
878 1801 982 1856 altiora
996 1804 1025 1857 et
1039 1802 1167 1859 discreta
1181 1805 1373 1875 perspicere:
1390 1810 1498 1878 quanto
1513 1808 1610 1881 magis
1627 1824 1713 1881 spee-

85 1893 281 1963 epropitietur
309 1892 408 1963 tortis,
437 1896 467 1949 et
495 1894 628 1966 requiem
658 1893 746 1950 iaciat
772 1894 826 1949 tibi
877 1893 939 1945 tant
959 1890 1034 1962 hec,
1057 1890 1199 1964 cumjam
1217 1909 1292 1965 puro
1312 1894 1501 1969 etherooque
1521 1911 1615 1952 sensu
1633 1896 1713 1955 nulla

85 1978 165 2036 imus
187 1982 370 2053 requietione
391 1981 525 2039 dolorum
545 1983 645 2052 (IMfl,
666 1984 710 2054 20,
732 1983 787 2054 ξι),
812 2008 823 2031 a
877 1994 1029 2050 corporet&
1045 1980 1122 2037 labis
1137 1982 1346 2053 impedimenta
1361 1983 1530 2055 patiuntur!
1548 1985 1712 2061 Meritoque

85 2068 248 2127 densabant
258 2071 350 2144 igitur
360 2072 509 2143 lacrymae,
518 2073 681 2144 parendum
689 2077 736 2129 est
745 2073 824 2129 enim
878 2067 948 2123 mibi
965 2070 1168 2141 conquerenti,
1184 2073 1326 2144 vergente
1341 2072 1398 2145 (88)
1409 2073 1536 2145 quedam
1548 2072 1611 2146 jam
1623 2076 1652 2130 in
1663 2090 1713 2131 oc·

85 2158 129 2217 tiis
145 2159 337 2232 salutaribus,
349 2161 418 2232 quie
434 2162 521 2218 debet
535 2162 646 2234 aliquid
661 2163 738 2219 inter
748 2161 824 2219 fidos
878 2172 981 2214 casum
996 2156 1053 2229 die,
1069 2159 1147 2230 quod
1163 2174 1222 2214 non
1236 2160 1386 2216 reviseres
1402 2162 1615 2235 quiescentem,
1631 2166 1712 2221 totus

87 2247 164 2305 lidos
180 2249 338 2305 interesse.
350 2250 452 2306 Fleant
467 2266 540 2324 ergo
556 2252 607 2325 qni
623 2268 707 2323 spem
722 2268 825 2308 resur·
879 2247 959 2301 omni
979 2249 1110 2310 tempore
1129 2247 1299 2304 individuus
1316 2248 1453 2317 adfuisti,
1474 2251 1513 2305 ita
1529 2254 1559 2307 ut
1578 2251 1629 2308 illo
1642 2268 1712 2323 per·

85 2337 131 2393 nis
146 2337 259 2395 habere
274 2354 333 2394 non
348 2342 486 2410 pessunt,
503 2356 592 2412 quam
605 2355 663 2396 nen
679 2343 826 2397 sententia
878 2335 965 2391 susus
981 2349 1090 2409 sopore
1105 2336 1315 2407 membrorum,
1331 2354 1398 2393 aum
1413 2354 1470 2413 ego
1478 2340 1634 2413 vigilarem
1645 2340 1709 2413 tibi,
1761 2410 1764 2415 ,

85 2424 149 2497 ipit,
162 2426 217 2482 sed
229 2427 296 2483 fidei
311 2428 507 2485 inelementia.
520 2428 824 2485 Intersitinteerri-
877 2428 907 2481 ιιι
923 2424 1041 2481 viveres
1061 2424 1142 2495 mihi,
1158 2425 1307 2482 dicerem:
1328 2426 1402 2492 Quid
1422 2432 1469 2483 est
1488 2444 1579 2500 mors,
1597 2429 1712 2487 irater?

85 2514 200 2586 rvulos,
224 2516 429 2590 idolorumque
448 2518 599 2585 cultores;
619 2523 651 2574 nt
675 2519 716 2574 illi
736 2520 824 2574 tleant
876 2514 951 2569 Nam
968 2518 1048 2570 certe
1063 2513 1184 2569 nullisa
1204 2531 1250 2571 me
1271 2517 1451 2587 separabare
1470 2518 1628 2574 momentis
1638 2536 1646 2587 ;
1671 2519 1711 2577 ita

86 2620 163 2677 quos
179 2604 208 2659 in
224 2611 399 2677 perpetuum
413 2606 584 2663 existimant
598 2608 762 2664 interiisse:
780 2608 822 2664 illi
877 2604 955 2659 enim
970 2603 1079 2675 ubique
1099 2608 1212 2674 proeslo
1232 2619 1310 2675 erus,
1327 2609 1358 2661 ut
1376 2621 1464 2678 quem
1483 2606 1512 2661 in
1531 2606 1620 2663 istius
1639 2608 1709 2665 vita

88 2692 229 2750 ‘babeant
242 2695 441 2767 laerymarum
457 2697 557 2765 terias,
570 2696 680 2753 nullam
694 2698 823 2755 tristitie
876 2708 934 2748 usu
948 2692 1060 2751 habere
1073 2692 1172 2748 nostri
1186 2693 1298 2764 oopium
1307 2694 1514 2767 nequibamus,
1525 2712 1604 2753 nune
1619 2697 1708 2754 nobis

85 2798 120 2838 tm
135 2788 366 2857 consequantur,
383 2785 558 2857 quinetiam
573 2789 675 2858 putent
688 2788 822 2860 requiem
876 2796 999 2854 semper
1008 2786 1038 2837 et
1050 2783 1159 2856 ubique
1174 2787 1284 2853 praesto
1294 2783 1342 2839 sit.
1355 2783 1506 2841 Nomtunc
1530 2785 1631 2859 utique
1647 2800 1710 2843 om-

85 2885 181 2929 crum.
197 2872 293 2928 Nobis
308 2889 380 2930 vero
400 2875 510 2946 quibus
525 2890 608 2931 mors
622 2892 681 2931 non
696 2880 820 2949 naturae,
876 2872 923 2928 nie
938 2876 1048 2942 praesto
1063 2886 1133 2928 esee
1143 2888 1201 2929 non
1211 2875 1359 2944 poterant;
1375 2890 1431 2930 nee
1445 2874 1524 2930 enim
1534 2875 1710 2947 complexio·

85 2961 362 3029 bistiusltnisesu
375 2965 823 3039 quoniaminmeliusipsanatu·
876 2976 930 3016 nes
946 2966 1068 3030 nostrae,
1086 2966 1325 3035 conspectusque
1339 2966 1368 3019 et
1388 2963 1559 3020 osculorum
1574 2978 1710 3038 corpora·

85 3055 198 3122 amiur,
216 3054 304 3109 lletus
322 3069 427 3110 omnes
441 3070 532 3110 casus
544 3056 820 3130 mortisabstergat.
874 3050 1196 3119 liumsuavitateslocis
1203 3052 1341 3109 omnibus
1348 3052 1519 3109 stemnibus
1526 3054 1710 3125 temporibus

88 3138 175 3199 Certe
195 3143 221 3198 si
244 3143 286 3199 illi
301 3143 361 3199 sibi
385 3144 482 3215 aliqua
506 3144 611 3200 solatia
634 3147 819 3216 repererunt,
875 3140 1711 3214 suppetabant.Animorumimaginessempernobiscum

85 3246 150 3311 nem
172 3247 294 3303 sensus,
319 3232 526 3306 deiectumque
556 3238 669 3290 naturae
698 3237 821 3290 mortem
874 3232 967 3297 erant,
984 3229 1072 3284 etiam
1086 3230 1203 3303 quando
1216 3245 1405 3286 ueneramus
1416 3246 1491 3286 uua:
1508 3246 1575 3303 quae
1586 3246 1709 3287 nennno

85 3320 120 3378 ιιι
134 3325 222 3391 sunt3
246 3323 468 3396 quantomagis
486 3337 553 3393 nos,
570 3322 679 3395 quibus
699 3323 821 3379 meliora
875 3318 994 3390 quidem
1009 3319 1192 3391 oeciderunt,
1210 3319 1393 3392 assiduoque
1408 3320 1553 3392 advolent,
1568 3336 1627 3394 quo
1643 3337 1707 3377 ma·
1769 3368 1776 3379 .

85 3412 319 3483 tortemproemia
330 3412 473 3467 bonorum
484 3412 627 3469 laetorum
639 3413 821 3468 conscientia
870 3407 939 3481 jore
955 3408 1116 3479 desiderio,
1133 3425 1168 3466 eo
1184 3409 1297 3483 majore
1312 3410 1406 3481 copia.

85 3497 157 3556 tturl
183 3499 299 3556 Habent
324 3501 451 3572 gentilos
472 3501 576 3558 solatia
596 3518 661 3571 sua,
683 3502 751 3575 qnia
771 3517 820 3558 re·
910 3497 955 3553 tl.
972 3498 1070 3555 Teneo
1086 3500 1176 3573 igitur
1190 3504 1227 3569 to,
1244 3500 1346 3570 irater,
1363 3515 1418 3556 nee
1434 3498 1505 3556 mibi
1519 3505 1547 3557 te
1562 3503 1612 3555 aut
1627 3517 1708 3557 mors

95 3589 238 3646 malornm
254 3590 384 3645 emnium
400 3594 525 3647 mertem
542 3591 725 3649 existimant:
747 3596 775 3648 et
790 3596 821 3649 ut
875 3589 926 3643 aut
939 3591 1056 3660 tempus
1072 3588 1189 3645 avellet.
1202 3588 1277 3661 Ipsae
1292 3588 1395 3645 dulces
1411 3589 1550 3662 lacrymae
1560 3591 1640 3659 sunt,
1650 3589 1709 3661 ipsi

85 3682 283 3747 metucarent,
293 3679 332 3734 ita
343 3680 429 3736 etiam
440 3681 575 3736 caruisse
586 3685 729 3753 seputant
741 3683 821 3739 omni
875 3678 961 3732 lietus
976 3676 1112 3749 iucundi,
1128 3678 1443 3750 quibnsrcstinguitur
1457 3677 1546 3734 ardor
1560 3678 1660 3749 enimi,
1678 3680 1708 3735 et

97 3770 126 3823 et
140 3767 245 3824 dolore
260 3784 426 3839 paenarum,
437 3785 512 3842 quae
528 3769 558 3824 in
572 3770 628 3826 hae
641 3772 701 3825 vita
711 3786 820 3844 graves
874 3766 960 3838 quasi
974 3766 1124 3822 relaxatus
1138 3769 1278 3838 evaporat
1292 3765 1426 3822 allectus.
1438 3767 1541 3840 Neque
1553 3767 1631 3824 enim
1641 3767 1707 3825 sine

85 3855 176 3914 viduas
201 3857 396 3914 sustinemus.
422 3859 487 3914 Nos
510 3874 583 3915 vero
604 3861 635 3914 ut
656 3860 820 3917 erectiores
874 3858 902 3913 te
925 3870 996 3912 esse
1017 3871 1151 3927 possum,
1173 3859 1222 3911 aut
1236 3854 1276 3911 tui
1291 3870 1349 3911 non
1369 3855 1541 3912 meminisse
1561 3871 1703 3931 unquam,

85 3948 117 4017 Lo,
133 3945 174 4002 ita
189 3945 276 4001 etiam
290 3946 483 4017 patientiores
507 3948 614 4005 solatio
637 3964 707 4006 esse
727 3949 820 4006 debe.
874 3949 923 4001 aut
934 3945 1105 4001 meminisse
1114 3944 1467 4017 sinelacrpmis.0amnri
1475 3945 1607 4018 dies,qui
1620 3946 1707 4002 inter·

85 4050 142 4092 non
158 4036 236 4091 enim
251 4037 353 4107 amitti,
370 4037 424 4092 sed
436 4037 574 4108 praemitti
584 4039 731 4110 videntur,
743 4054 820 4111 quos
874 4037 989 4105 ruptam
1007 4035 1143 4105 copulam
1161 4033 1301 4106 proditis!
1325 4034 1349 4090 0
1368 4034 1484 4091 flebiles
1504 4038 1617 4106 noctes,
1639 4051 1706 4108 quaa

85 4130 249 4196 esumptura
265 4141 356 4195 mors,
370 4126 423 4182 sed
435 4127 585 4182 aeternitas
597 4130 750 4199 receptura
761 4131 819 4183 est.
874 4126 933 4179 tam
947 4123 1057 4181 bonum
1072 4127 1241 4179 consortem
1257 4124 1375 4196 quietis,
1392 4128 1421 4179 et
1437 4123 1620 4180 individuum
1635 4124 1706 4180 mihi

85 4212 249 4270 [lessabunt
264 4230 335 4288 ergo
353 4215 505 4287 lacrymae:
522 4220 571 4272 aut
586 4217 611 4271 si
628 4232 749 4272 cessare
760 4233 819 4272 non
875 4213 1011 4269 comitem
1025 4212 1216 4284 perdidistis!
1233 4213 1312 4282 Quas
1327 4213 1456 4270 ederetis
1471 4230 1589 4282 cruces,
1602 4214 1660 4268 nisi
1672 4227 1707 4270 se

85 4304 133 4370 ιιιι,
149 4302 179 4356 in
191 4303 398 4358 communibus
417 4304 554 4361 lamentis
573 4306 650 4361 ilebo
666 4308 705 4376 te,
718 4306 818 4376 irater,
875 4301 1041 4359 offunderet
1054 4303 1151 4377 imago
1166 4304 1334 4374 praesentis,
1350 4303 1408 4358 nisi
1420 4303 1552 4359 visiones
1561 4301 1651 4358 enimi
1661 4317 1708 4358 re·
1794 4300 1799 4309 '

101 4391 203 4448 doloro
223 4393 340 4463 publico
360 4393 541 4451 domesticos
562 4394 690 4467 gemitus
721 4386 819 4450 1133
874 4395 1100 4465 praesentarent,
1121 4407 1209 4464 quem
1230 4392 1349 4463 species
1368 4392 1504 4462 corporis
1526 4389 1706 4463 denegaret!

86 4481 185 4536 ,Nam
201 4496 323 4536 cessare
338 4482 387 4553 qui
404 4484 552 4554 poterunt,
569 4499 636 4539 cum
652 4483 688 4538 ad
704 4499 821 4539 omnem
909 4480 954 4536 75.
965 4478 1104 4553 lamjam,
1116 4480 1207 4536 irater
1219 4479 1316 4535 animo
1332 4494 1397 4535 meo
1412 4478 1599 4548 charissime,
1611 4493 1706 4550 quun·

85 4570 278 4627 inoministui
290 4571 821 4643 lacrvmresubrepent,vclcumusus
834 4540 863 4605 n
874 4585 961 4642 quam
975 4573 1007 4625 tu
1022 4570 1176 4625 immaturo
1187 4568 1357 4624 decesseris
1366 4568 1446 4623 obitu
1459 4585 1466 4633 ;
1483 4569 1588 4624 beatus
1598 4570 1705 4639 tamen,

85 4659 295 4715 taordationem
306 4661 424 4729 excitat,
438 4660 484 4716 vel
500 4677 567 4715 cum
578 4660 702 4718 allectus
712 4662 820 4735 imagi·
873 4660 941 4732 quia
958 4659 1013 4714 ista
1029 4675 1088 4715 non
1103 4659 1246 4726 sustines,
1262 4672 1317 4713 nec
1332 4657 1476 4712 amissum
1492 4656 1611 4712 tratrem
1630 4671 1706 4711 moe·

85 4753 267 4819 epraesentat,
280 4750 326 4803 vel
339 4764 404 4804 cum
417 4750 583 4805 recordatio
593 4750 726 4807 dolorem
737 4766 822 4807 reno·
873 4763 940 4805 rere
955 4749 1155 4819 compelleris,
1171 4761 1257 4819 quem
1269 4747 1422 4802 absentem
1433 4745 1483 4801 diu
1495 4746 1574 4801 terro
1586 4760 1644 4801 non
1654 4738 1706 4817 po·

85 4837 183 4893 nando
193 4838 365 4909 enimdces,
378 4840 428 4911 qui
439 4839 527 4894 tantis
539 4839 647 4896 officiis
659 4842 822 4912 repraesen‘
874 4840 963 4907 teras,
984 4838 1037 4894 ssd
1058 4852 1183 4893 recursu
1204 4835 1293 4892 celeri
1317 4834 1482 4891 revisebas.
1506 4825 1604 4892 1134
1622 4834 1706 4903 Quod

87 5050 130 5107 lta
145 5066 220 5106 mss.
235 5054 263 5106 et
285 5051 366 5120 edit,
384 5052 443 5107 nisi
462 5054 542 5124 quod
563 5055 648 5111 Rom.
665 5055 735 5111 edit.
752 5056 817 5110 sola
873 5048 1579 5123 teminorumessedisputenseamplacidissimo
1590 5064 1706 5107 sommo

85 5124 111 5190 t,
126 5144 137 5168 ι
150 5125 179 5177 et
189 5137 296 5178 nomen
307 5122 385 5194 quod
397 5123 564 5180 invocatum
574 5130 634 5182 est:
654 5149 665 5173 r
679 5127 816 5200 sequenti
873 5124 1027 5180 assimilat.
1045 5124 1121 5179 ilinc
1136 5123 1268 5180 eamdem
1282 5123 1530 5194 comparationem
1543 5122 1704 5179 verisimile

86 5208 177 5249 ver-su
189 5193 291 5248 eadem
302 5195 370 5250 edit.
381 5211 448 5249 cum
459 5212 517 5262 ver.
530 5196 598 5252 odit.
611 5212 645 5252 ac
656 5213 730 5253 mss.
742 5214 814 5253 non·
873 5199 919 5251 est
942 5211 1009 5251 cum
1030 5196 1104 5251 alios
1124 5198 1270 5250 mutuatos
1286 5209 1366 5262 esse,
1383 5197 1442 5249 tum
1461 5192 1635 5250 Ciceronem
1650 5192 1702 5263 lib,

98 5286 110 5311 ι
127 5267 156 5318 et
169 5263 296 5335 juvenes
312 5267 418 5334 nostri,
432 5290 443 5314 a
456 5268 505 5323 ubi
515 5283 589 5322 mss.
600 5268 815 5340 longeplurimi
872 5266 910 5326 de
922 5267 1093 5338 Senectute,
1110 5267 1188 5322 sicut
1203 5267 1232 5320 et
1244 5266 1340 5336 prima
1354 5264 1464 5330 Quasi.
1482 5264 1603 5320 Tuscul.

85 5351 129 5405 ³,-
147 5339 177 5390 ct
199 5334 241 5389 illi
260 5338 366 5407 nostri,
386 5362 396 5386 n
422 5337 499 5393 torte
522 5339 691 5412 legendum,
709 5343 737 5395 et
762 5340 815 5396 sslii
907 5340 964 5409 (88)
978 5338 1019 5394 lta
1039 5338 1137 5394 cuncti
1156 5351 1230 5391 mss.
1247 5351 1281 5391 ac
1297 5342 1355 5391 vet.
1373 5335 1453 5405 edit,
1470 5336 1528 5390 nisi
1548 5334 1626 5407 quod
1647 5346 1701 5403 pro

85 5446 90 5461 .
871 5430 884 5461 ι
901 5412 1053 5483 vergente,
1070 5432 1082 5459 a
1100 5409 1131 5464 in
1144 5407 1321 5480 quibusdam
1338 5423 1412 5462 mss.
1428 5407 1545 5479 legitur,
1565 5428 1576 5451 ι
1593 5416 1700 5483 urgan·

85 5474 208 5543 Quidam
223 5494 309 5549 mes,
328 5503 338 5527 v
357 5479 437 5535 Ades
451 5479 539 5550 enim,
556 5484 584 5535 et
601 5480 815 5553 sempcroll'er·
869 5483 911 5547 tc;
936 5503 946 5530 v
969 5485 998 5535 at
1019 5481 1104 5536 Rom.
1121 5479 1189 5535 edit.
1207 5480 1325 5550 proprio
1348 5481 1439 5533 marte
1461 5479 1505 5531 sic
1527 5473 1700 5542 immutavit,

870 5550 1096 5633 tetensteten
1120 5551 1149 5605 in
1171 5550 1248 5605 diem
1268 5549 1394 5622 quodam
1417 5548 1513 5602 noctis
1532 5558 1659 5608 oceasu;
1672 5560 1694 5624 ,a

86 5617 465 5677 Videturdmbrosiusres
489 5622 614 5678 iceread
629 5623 815 5679 Platonislo·
867 5623 921 5677 scd
945 5623 1084 5679 audacior
1106 5625 1153 5677 est
1176 5636 1211 5679 oa
1233 5621 1387 5687 correctio,
1408 5632 1496 5691 quum
1515 5618 1546 5674 ut
1569 5630 1585 5668 a
1610 5611 1698 5670 nobie
1741 5682 1747 5691 ·

85 5705 94 5745 ι
107 5689 254 5765 Apologia
264 5691 395 5751 Socratis
406 5639 561 5767 nonqonge
572 5711 587 5748 a
598 5692 665 5763 llne,
676 5694 725 5750 ubi
737 5710 815 5751 mor·
867 5693 978 5750 admitti
994 5698 1091 5768 quent.
