3900 6128
39 273 105 344 m
735 277 864 341 LIBER
884 275 940 340 DE
960 275 1116 340 VIDUIS.

1717 285 1778 352 366

38 479 162 536 meris
180 497 187 534 :
204 478 284 536 Nam
306 495 369 553 puae
385 480 416 535 in
431 477 552 535 deliciis
575 483 631 545 est,
652 479 759 534 virens
774 458 928 534 nortnah
947 475 990 531 ria
1011 475 1050 530 ito
1072 474 1181 547 dignus
1205 474 1369 546 desiderio,
1395 477 1505 550 dignus
1526 479 1613 536 etiam
1635 480 1778 540 charitate

44 574 94 625 est
108 569 137 640 (1
156 568 231 624 lim.
247 585 276 634 r,
294 569 332 640 6).
946 564 1108 619 Dominicae
1124 565 1153 618 in
1169 564 1317 636 singuloS,
1333 565 1512 637 dignationis
1527 567 1661 641 affectus,
1677 574 1706 627 et
1721 572 1780 628 lac·

80 657 128 713 57.
151 657 276 714 Sublata
299 657 420 713 esttibi
441 672 532 712 eausa
555 656 696 726 nubendi,
722 655 816 712 habes
838 657 889 728 qui
945 656 975 708 ta
990 652 1135 715 miranda,
1157 652 1285 707 Visitare
1308 652 1414 708 viduas
1436 671 1494 711 non
1516 656 1694 732 dedignatur
1706 658 1774 732 (64),

43 762 101 818 pro
115 750 147 802 te
161 746 358 802 intercedant.
371 745 415 802 Ne
425 745 539 800 dixeris
552 761 558 800 ε
571 745 716 800 Destituta
725 761 802 800 sum.
813 745 889 811 Que-
946 743 975 796 et
989 741 1099 813 tugurii
1109 741 1177 795 vilis
1188 741 1348 811 penetralia
1358 747 1484 815 angusta
1500 747 1672 804 succedero.
1687 748 1779 816 Quasi

41 835 108 892 rela
122 841 262 908 nupturas
276 838 332 890 est,
349 834 394 889 Nc
409 834 522 889 dixeris
541 850 547 889 :
564 833 633 889 Sola
648 849 705 907 ego
727 851 804 890 sum.
819 835 889 891 Cas.
947 830 1027 885 Deus
1042 830 1175 900 imperat,
1192 829 1279 900 qrrasi
1293 830 1381 886 homo
1397 831 1524 889 visistat.

43 926 115 980 titas
130 924 324 981 solitudinem
339 924 446 997 quaerit
461 939 467 978 :
484 922 592 994 pudica
606 927 770 994 secretum,
790 925 889 996 impu.
981 918 1025 973 61.
1048 918 1164 974 Gnatiae
1185 918 1347 991 Evangelio
1368 936 1422 991 per
1436 922 1515 993 quod
1539 922 1626 980 etiam
1650 940 1706 982 nos
1727 929 1778 1000 qui

44 1015 113 1071 dica
128 1018 321 1070 conventum.
346 1012 405 1068 Sed
428 1013 581 1084 negotium
604 1011 698 1067 babes
716 1029 722 1067 τ
747 1013 840 1070 babes
860 1018 889 1070 et
946 1008 1042 1062 oculis
1058 1007 1169 1062 nostris
1185 1009 1353 1064 venientem
1367 1010 1397 1065 in
1412 1010 1491 1066 huuc
1506 1012 1648 1070 muudum
1662 1030 1722 1070 non
1735 1018 1779 1071 vi-

43 1105 294 1159 intercessorem,
323 1101 535 1157 Adversarium
556 1101 672 1157 vereris
696 1101 753 1173 (61)
779 1119 786 1158 :
811 1104 888 1175 apud
945 1097 1043 1151 dimus
1058 1095 1219 1163 Christum,
1236 1097 1372 1154 videmur
1385 1100 1424 1169 ei,
1440 1099 1511 1156 dum
1525 1099 1602 1156 lacta
1616 1101 1684 1175 ejus
1701 1103 1778 1177 legi-

45 1191 182 1266 judioem
196 1208 251 1265 pro
273 1195 301 1248 te
317 1191 462 1247 Dominus
485 1191 644 1246 intervenit
658 1191 761 1247 dicens
778 1208 784 1247 :
803 1192 888 1248 dudi·
944 1201 1022 1255 mus,
1039 1187 1201 1256 in10r08803
1218 1189 1250 1241 1¹¹
1272 1186 1350 1242 811111
1371 1187 1413 1241 illi
1429 1189 1538 1260 quibus
1559 1192 1778 1265 appropinqua·

46 1288 114 1338 cate
124 1280 258 1354 pupillo,
275 1279 480 1353 etpustihcate
498 1279 613 1334 triduam
629 1279 697 1349 (lea.
716 1298 734 1346 1,
753 1281 806 1352 Π).

80 1369 128 1426 58.
144 1370 208 1426 Sed
224 1372 253 1426 et
267 1369 475 1441 patrimonium
489 1368 536 1423 vis
552 1369 638 1424 tueri.
652 1368 750 1441 Majae
765 1371 888 1441 pudoris
944 1364 984 1419 tis
1001 1363 1068 1435 aius
1084 1364 1244 1428 oredimus,
1261 1366 1485 1439 appropinquet.

43 1462 91 1516 est
106 1460 332 1531 patrimonium,
357 1458 437 1530 quod
461 1457 567 1513 melius
592 1458 669 1530 regit
689 1458 778 1514 vidua
801 1476 887 1531 quiam
979 1454 1024 1508 63.
1042 1453 1134 1508 tides
1148 1454 1246 1526 qualia
1261 1453 1350 1509 babet
1365 1470 1475 1526 genera
1490 1458 1667 1516 sanitatum?
1681 1460 1778 1533 lmpc·

46 1553 149 1620 nupta.
166 1547 283 1604 Servus
298 1548 442 1620 peccauit.
459 1546 607 1620 Ignosce;
623 1547 729 1602 melius
749 1551 795 1602 est
810 1549 887 1603 anim
945 1546 990 1597 rat
1011 1542 1099 1612 tehri,
1124 1543 1248 1613 imperat
1262 1543 1417 1613 spiritibus
1432 1547 1603 1617 immundis,
1628 1549 1699 1605 alibi
1712 1550 1778 1621 ipse

45 1638 175 1695 alterius
190 1637 308 1709 culpam
324 1636 419 1706 feras,
435 1652 523 1708 quam
538 1638 616 1690 luam
632 1634 751 1706 prodas.
768 1636 826 1691 Sed
841 1637 888 1693 vis
944 1647 1050 1686 manus
1065 1632 1198 1703 imponit.
1215 1632 1388 1689 Nonsolum
1400 1634 1490 1705 igitur
1503 1636 1606 1707 verbo,
1622 1638 1676 1693 sed
1690 1639 1778 1694 etiam

46 1727 164 1783 nubere
179 1726 248 1798 (62).
263 1726 356 1781 licet.
375 1725 441 1780 Non
456 1724 545 1780 habet
560 1725 673 1780 crimen
689 1725 817 1796 simplex
834 1742 887 1781 vo·

945 1275 1006 1344 bat,
1022 1275 1110 1330 fidem
1122 1275 1329 1331 mutuabantur
1345 1292 1382 1332 ex
1397 1292 1448 1348 eo;
1465 1278 1503 1333 ita
1514 1279 1612 1352 nobie,
1628 1281 1697 1337 dum
1712 1297 1781 1356 ges·
1895 1305 1897 1311 ·

943 1723 1023 1775 tantu
1038 1736 1138 1794 mgros
1153 1736 1257 1776 errrure
1273 1723 1438 1778 consucvit.
1455 1723 1534 1780 Ettu
1548 1725 1720 1802 igiturquia
1731 1744 1779 1784 va·

46 1816 159 1872 lantes.
178 1815 306 1871 Quaem
331 1830 392 1870 non
406 1829 507 1886 quaero
524 1830 530 1870 :
547 1829 602 1869 eur
622 1814 765 1886 lingitur?
780 1814 810 1870 Si
832 1816 883 1870 ho·
905 1837 930 1901 Β
945 1809 998 1864 riis
1014 1809 1234 1885 mundiaestuas
1251 1811 1471 1884 cupiditatibus,
1487 1812 1535 1869 vel
1550 1814 1644 1871 torma
1659 1817 1777 1872 viriali·

51 1908 169 1962 postam
193 1906 291 1976 putas,
320 1903 412 1959 latere
438 1920 444 1957 :
471 1903 497 1958 si
523 1903 728 1977 incongruam,
751 1904 816 1959 sile.
844 1906 887 1960 Ne

51 2010 182 2050 accuses
199 1995 302 2063 Deum,
319 2009 356 2049 ne
370 2008 497 2048 accuses
507 1994 703 2065 propinquos,
719 1993 798 2065 quod
813 2011 889 2065 praa-

53 2084 128 2139 sidia
142 2082 200 2138 tibi
223 2082 338 2153 desint3
354 2083 464 2137 utinam
487 2098 546 2138 non
562 2081 640 2137 desit
652 2081 805 2139 voluntas!
826 2083 889 2140 Nee

55 2176 82 2228 te
96 2172 258 2228 consulere
281 2171 385 2227 liberis
400 2171 502 2242 dicas,
519 2171 629 2244 quibus
645 2174 767 2228 matrem
786 2173 887 2244 eripis.

88 2259 132 2316 59.
150 2260 206 2316 Est
221 2261 307 2316 etium
322 2260 401 2332 quod
425 2259 562 2316 facultate
578 2261 655 2330 licet,
678 2266 705 2317 et
731 2265 815 2317 aetate
830 2278 889 2318 non

59 2349 133 2405 licet.
149 2348 210 2404 Cur
226 2352 366 2405 maternae
382 2353 523 2420 parantur
542 2351 652 2421 nuptiae
676 2351 752 2405 inter
771 2352 888 2423 nuptias

63 2439 193 2509 tiliarum,
219 2442 247 2493 et
270 2438 443 2511 plerumque
459 2442 527 2510 post
550 2439 690 2510 nuptias?
710 2439 769 2495 Cur
791 2441 889 2496 adulta

64 2526 116 2582 hlia
130 2528 219 2584 discit
233 2529 317 2599 prius
333 2543 478 2599 sponsum
492 2529 595 2583 matris
611 2544 698 2600 quarn
717 2544 804 2585 suum
820 2545 889 2586 eru-

65 2616 201 2673 bescere?
225 2617 401 2687 Suesimus,
426 2617 538 2687 fateor,
555 2620 587 2672 ut
609 2621 724 2672 restem
739 2621 887 2691 mutasse,

68 2722 118 2762 non
132 2710 163 2762 ut
186 2707 355 2762 flammeum
370 2721 529 2761 sumeres:
554 2709 617 2761 uta
644 2707 784 2779 sepulcro
807 2724 890 2764 rece-

70 2795 163 2864 deres,
186 2812 247 2851 uon
276 2799 308 2850 ut
332 2795 491 2850 thalamum
511 2811 706 2867 praeparares.
730 2796 806 2861 Quid
831 2797 889 2852 sibi

72 2884 121 2939 pult
135 2900 210 2941 nova
235 2888 335 2956 nupta,
359 2886 427 2955 post
441 2885 593 2957 generos?
606 2885 699 2950 Quum
719 2886 891 2941 indecorum

72 2973 251 3046 cstjuniores
266 2972 377 3029 habere
392 2973 513 3042 liberos,
529 2989 617 3044 quem
633 2978 757 3046 nepotes
773 2975 830 3046 (63)
847 2974 853 3031 t

384 3062 510 3117 CAPUT
530 3062 565 3117 X.

72 3153 111 3207 td
120 3153 271 3207 Christum
283 3151 374 3221 redit,
387 3153 471 3223 cujus
481 3167 621 3206 summam
631 3152 662 3206 in
674 3153 820 3211 adeundis
835 3154 891 3209 mi-

99 3227 175 3279 seris
185 3223 369 3297 quibuslibet
379 3222 596 3294 benignitatem
606 3223 740 3293 laudans,
752 3241 815 3279 caru
831 3242 894 3280 ocu·

98 3296 134 3349 lis
152 3297 268 3350 nostris
286 3294 449 3366 Eranpelii
469 3295 616 3350 beneticio
630 3294 793 3367 suluectarn
808 3297 892 3353 dicit.

98 3366 157 3421 Sub
172 3368 236 3422 haec
260 3381 370 3430 taetras,
387 3366 493 3438 quibus
506 3366 538 3420 in
557 3367 689 3421 curando
704 3367 783 3422 idern
798 3369 894 3424 irredi-

98 3455 146 3492 rus
160 3444 265 3492 noster
276 3452 346 3492 usus
357 3438 500 3503 noscitur,
515 3439 650 3492 rationes
669 3445 792 3505 narrut;
815 3441 896 3496 ‹leiu-

98 3510 132 3563 dc
155 3510 322 3563 curationis
343 3507 490 3579 praedicat
512 3508 718 3580 celeritatem,
742 3511 896 3566 dununoalo

96 3582 238 3634 inuocare
263 3580 407 3634 medicum
431 3595 487 3634 non
504 3579 712 3651 naplipamust
729 3582 799 3636 istis
822 3583 894 3637 sub-

97 3653 187 3706 nertit
201 3651 345 3706 moralem
356 3651 393 3705 dc
406 3652 553 3706 voluntate
563 3667 647 3723 quam
663 3653 694 3706 in
709 3669 797 3708 socru
807 3654 896 3709 Petri

97 3739 273 3795 expressam
292 3723 388 3792 docet,
416 3724 615 3805 acceptionem
642 3741 648 3778 :
671 3731 823 3796 postremo
846 3725 897 3781 ubi

97 3795 232 3867 exposuit
244 3793 358 3867 qualem
371 3794 486 3849 Christi
496 3796 676 3861 ministrum,
685 3797 812 3852 ruauirne
827 3814 897 3853 raro

95 3868 264 3938 episcopum
289 3882 356 3920 esse
377 3867 491 3934 deccat,
515 3868 645 3939 ipsorum
670 3870 711 3922 uit
738 3884 805 3925 essc
824 3886 896 3943 pro-

90 3941 188 4014 prium
201 3954 262 4010 por·
275 3938 405 4009 pretium
420 3953 557 4009 surpere.

89 4032 131 4086 ou.
159 4029 222 4084 Sed
249 4027 285 4082 nd
302 4026 487 4098 propositum
511 4031 704 4101 revertamur,
729 4046 825 4103 neque
841 4047 896 4088 no·

67 4122 190 4176 atrorum
199 4117 337 4172 dolentes
349 4116 472 4172 uulnera
483 4122 679 4190 peccatorum,
692 4122 839 4176 medicum
850 4138 897 4176 re·

67 4208 233 4282 linquamus
246 4222 253 4262 ε
266 4211 294 4261 et
310 4207 380 4260 dum
394 4205 500 4260 alienis
516 4208 667 4264 medemur
680 4209 843 4281 ulceribus,
859 4213 900 4266 ul·

67 4296 450 4355 cennostraeumulemus.
469 4296 897 4371 Rogaturergohicmedicus.

945 1898 1034 1970 euJus
1054 1902 1147 1969 capta,
1173 1899 1220 1954 rol
1235 1900 1371 1971 pecunia,
1394 1917 1468 1974 roga
1483 1901 1643 1976 Christum,
1669 1905 1777 1962 adhibe

944 1988 1101 2056 medicum,
1118 1988 1238 2060 porrige
1262 1988 1290 2044 ei
1305 1989 1456 2045 dexteram
1479 1994 1573 2064 tuam,
1589 1996 1690 2066 tangat
1704 1994 1778 2050 iute-

944 2075 1024 2131 riora
1038 2080 1087 2131 tua
1103 2077 1154 2131 Dei
1170 2093 1287 2148 manus,
1304 2077 1452 2151 verbique
1469 2080 1600 2137 coelestis
1619 2083 1715 2155 gratia
1729 2083 1777 2140 in-

945 2165 1086 2220 teriorum
1107 2181 1200 2221 venus
1224 2168 1374 2221 scrutetur
1396 2168 1575 2241 animorum,
1600 2171 1699 2242 pulset
1723 2172 1776 2228 Dei

945 2255 1065 2309 dextera
1097 2258 1213 2309 secreta
1238 2255 1347 2311 cordis.
1375 2257 1450 2312 utils
1475 2257 1579 2313 oeulos
1606 2259 1667 2317 luto
1690 2260 1777 2318 llliuit

944 2344 1041 2412 (dean.
1057 2360 1098 2413 rx,
1115 2344 1141 2413 5,
1157 2343 1196 2413 l),
1210 2347 1243 2398 ut
1257 2344 1357 2400 videre
1372 2346 1498 2418 possint,
1515 2347 1695 2420 creatorque
1711 2366 1776 2406 om-

946 2433 1026 2487 nium
1042 2433 1128 2488 docet
1141 2448 1197 2489 nos
1217 2436 1328 2490 noetrae
1343 2449 1491 2492 memores
1506 2435 1615 2495 debere
1636 2452 1706 2494 esse
1721 2455 1775 2495 aa·

944 2524 1029 2591 turm,
1052 2526 1081 2577 et
1105 2522 1238 2594 corporis
1264 2538 1387 2578 eernere
1409 2525 1564 2598 vilitatem
1586 2542 1673 2584 nemo
1698 2529 1776 2586 enim

945 2610 1042 2683 magis
1067 2613 1164 2682 potest
1184 2612 1286 2668 videre
1311 2612 1425 2684 divina,
1448 2614 1508 2670 nisi
1529 2616 1580 2688 qui
1602 2616 1776 2674 humilitatis

946 2700 1129 2755 conscientia
1143 2716 1206 2756 sum
1222 2698 1279 2772 (65)
1301 2703 1397 2758 nescit
1410 2703 1513 2760 attolli.
1529 2704 1615 2761 illius
1630 2707 1779 2764 sacerdoti

946 2805 980 2844 se
995 2788 1101 2845 offerre
1126 2790 1306 2862 praecipitur,
1331 2796 1363 2847 ut
1377 2809 1478 2850 carere
1501 2795 1531 2849 in
1545 2799 1720 2868 perpetuum
1734 2796 1779 2853 le-

946 2895 1008 2950 prm
1022 2880 1118 2949 possit
1133 2880 1249 2936 exuviis
1261 2881 1343 2952 (Luc.
1358 2898 1387 2953 v,
1405 2883 1459 2954 lt).
1475 2882 1564 2941 Solus
1578 2885 1657 2941 enim
1671 2886 1779 2943 mentis

947 2971 975 3023 et
989 2968 1078 3023 animi
1101 2973 1199 3039 potest
1223 2985 1346 3025 servare
1362 2973 1545 3046 munditiam,
1569 2975 1622 3046 qui
1637 2976 1665 3031 ei
1680 2990 1780 3032 sacer-

948 3057 1006 3113 doti
1023 3073 1056 3113 se
1081 3059 1164 3113 novit
1186 3058 1310 3129 olierre,
1328 3075 1415 3132 quern
1437 3064 1644 3134 propeccatis
1667 3067 1780 3123 nostris

924 3198 933 3207 ..
948 3147 1120 3217 accepimus
1143 3147 1329 3214 advocatum,
1353 3149 1436 3204 illurn
1458 3151 1560 3223 utique
1576 3153 1624 3209 eui
1647 3153 1779 3211 dicitur:

953 3236 992 3291 Tu
999 3252 1032 3292 es
1040 3237 1182 3292 sacerdos
1192 3239 1222 3292 in
1232 3243 1377 3295 aeternum
1388 3240 1548 3295 secundum
1559 3240 1695 3298 aruinam
1708 3242 1782 3299 Mel·

949 3325 1109 3381 chisedech
1125 3325 1218 3397 (Psal.
1237 3343 1296 3398 erx,
1311 3329 1350 3398 l).

984 3415 1028 3469 63.
1045 3414 1108 3470 Nec
1124 3431 1247 3472 vereare
1270 3434 1383 3473 moram
1397 3418 1524 3492 aliquam
1539 3421 1686 3479 sanitatis.
1701 3422 1781 3479 Nes-

950 3504 989 3558 cit
1004 3504 1244 3575 impedimeutum
1259 3507 1308 3579 qui
1324 3510 1446 3563 sanatur
1458 3525 1476 3564 e
1490 3509 1619 3567 Christo.
1639 3511 1720 3585 Opus
1736 3517 1783 3569 est

949 3596 981 3648 ut
1008 3593 1172 3649 remedium
1198 3595 1361 3668 adhibeas,
1390 3599 1470 3671 quod
1496 3601 1665 3674 acceperim
1693 3602 1783 3660 simul

950 3682 1028 3738 enirn
1043 3686 1074 3738 ut
1088 3687 1269 3755 praeceptum
1284 3686 1406 3753 dederit,
1424 3704 1523 3744 caecus
1538 3690 1631 3763 videt,
1645 3691 1784 3764 paralyti-

951 3788 1005 3828 cus
1021 3772 1148 3843 ambula,
1164 3776 1262 3829 mutus
1274 3774 1412 3848 loquitur,
1425 3780 1536 3834 surdus
1547 3780 1637 3852 audit,
1650 3769 1784 3838 febriens

952 3861 1108 3931 ministrat,
1125 3863 1272 3919 lunaticus
1286 3865 1438 3923 liberatur.
1451 3868 1487 3923 Et
1497 3872 1528 3924 tu
1542 3869 1633 3943 igitur
1647 3886 1786 3943 quaecun-

951 3966 1009 4022 que
1033 3951 1172 4007 indecora
1196 3952 1324 4026 alicujus
1353 3958 1397 4012 rei
1418 3958 1575 4029 eupiditate
1598 3959 1784 4033 languescis,

953 4041 1078 4094 obsecra
1094 4040 1260 4112 Dominum,
1276 4044 1363 4100 tidem
1379 4046 1462 4102 delen
1485 4048 1551 4120 (66),
1567 4065 1622 4106 neo
1638 4050 1728 4106 ullam
1745 4051 1786 4106 ti-

953 4145 1035 4184 meas
1058 4145 1180 4186 moram.
1208 4132 1265 4187 Ubi
1288 4134 1372 4190 adest
1395 4139 1506 4209 oratio,
1531 4140 1615 4196 adest
1640 4139 1785 4211 Verbum,

955 4218 1238 4293 sugaturoupiditaS,
1251 4222 1342 4279 libido
1358 4225 1494 4282 discedit.
1506 4228 1569 4285 Nec
1584 4229 1785 4286 confessionis

954 4307 1087 4363 verearis
1103 4308 1261 4382 offensam,
1285 4313 1342 4368 imo
1358 4317 1454 4389 magis
1469 4335 1617 4389 praesume
1631 4335 1786 4393 praeroga-

67 4388 106 4444 lle
118 4390 238 4455 timeae,
259 4387 328 4458 quia
342 4400 470 4458 magnus
486 4387 534 4441 est
548 4385 709 4460 Dominus,
726 4394 755 4446 et
771 4390 900 4449 tortasse
953 4400 1042 4453 tivum
1060 4414 1065 4451 :
1083 4399 1274 4456 incontinenti
1290 4403 1369 4459 onim
1383 4421 1449 4478 quse
1465 4411 1599 4480 eorporis
1613 4413 1717 4468 morbo
1731 4430 1786 4471 an-

67 4478 98 4534 atl
108 4494 224 4552 aegram
234 4476 414 4548 dedignetur
424 4476 541 4546 venire,
554 4479 634 4533 venit
645 4480 769 4538 enimad
779 4501 835 4541 nos
847 4499 903 4550 sae,
954 4491 999 4543 tea
1016 4487 1183 4559 laborabas,
1200 4489 1318 4548 Christo
1333 4493 1459 4566 incipies
1475 4499 1653 4557 ministrare.

69 4568 148 4641 pede
159 4566 238 4623 coelo
252 4580 324 4620 :nec
338 4564 436 4619 solum
456 4563 573 4636 divites,
585 4567 639 4622 sed
650 4571 737 4626 etiarn
753 4571 941 4649 pauperesD
990 4576 1034 4632 6⁴·
1052 4577 1152 4633 Potest
1171 4580 1258 4634 elilim
1275 4581 1331 4636 hoo
1341 4582 1407 4640 1000
1417 4585 1512 4641 viduli
1528 4587 1607 4644 Petri
1617 4605 1724 4648 socrus
1740 4593 1786 4653 at-

68 4658 141 4714 oolet
156 4661 186 4713 et
197 4654 338 4712 servulos
348 4670 512 4725 pauperum
528 4656 659 4713 visitare.
677 4660 763 4718 Venit
777 4668 806 4719 ct
822 4682 901 4724 natue
955 4666 1043 4722 tactio
1058 4667 1228 4739 voluntatis,
1251 4685 1361 4743 exque
1384 4674 1443 4730 sibi
1458 4676 1537 4732 velut
1554 4693 1656 4737 semen
1679 4681 1787 4740 iuturoe

68 4744 473 4820 rogntuaadi’ctrisoorum,
493 4750 900 4827 etstanasupcrillanr,202
955 4758 1136 4829 posteritatis
1147 4765 1367 4832 assumpseret3
1386 4766 1465 4835 quod
1476 4767 1634 4842 unicuique
1649 4771 1787 4831 voluntas

67 4836 222 4909 imperarit
229 4832 321 4900 febri,
333 4839 362 4889 et
372 4836 491 4891 remisit
498 4835 622 4895 illapret
631 4841 903 4918 continuosurpons
955 4865 1010 4904 sua
1021 4847 1203 4918 posteritatis
1224 4851 1270 4904 ast
1284 4853 1396 4907 auctor.
1418 4853 1463 4909 Ex
1479 4857 1627 4917 voluntate
1642 4865 1722 4923 enim
1736 4883 1788 4924 sa-

68 4924 260 4982 miaistrabat
271 4923 334 4979 illis
344 4923 426 4993 (Luc.
443 4941 483 4995 ιν,
495 4923 551 4995 39).
563 4926 646 4984 Sicut
662 4929 772 5003 dignus
788 4949 901 4993 momo-
955 4938 1064 5010 pientia
1079 4937 1220 5007 nascitur,
1232 4952 1320 5011 quam
1331 4942 1452 5013 sapiens
1463 4944 1719 5013 inmatrimonium
1733 4959 1788 5016 ad·

97 5068 152 5138 tut)
167 5068 211 5122 lta
227 5082 302 5122 mss.
319 5082 434 5138 omnes,
450 5073 576 5142 excepto
592 5071 683 5141 Tell.,
701 5075 761 5146 qui,
779 5078 858 5134 sicut
872 5083 902 5135 et
990 5081 1046 5152 (63)
1063 5082 1149 5137 Rom.
1166 5081 1235 5136 edrt.
1247 5083 1321 5151 sola,
1342 5084 1410 5140 Tam
1422 5088 1594 5149 indecorum
1605 5103 1686 5156 cst...
1703 5118 1787 5175 quam

69 5140 182 5219 harech.
208 5144 296 5211 atque
322 5138 419 5220 liras,
441 5140 545 5197 isthmo
566 5142 688 5212 praefert
704 5162 710 5201 :
726 5147 790 5229 §jod
809 5167 901 5233 nepo·
953 5160 1086 5225 nepotes.
1104 5151 1367 5236 subaemulatio,
1393 5159 1462 5215 licet
1485 5163 1620 5239 levicula,
1646 5176 1788 5243 pervertit

69 5216 134 5264 troni
148 5210 255 5291 hahes,
272 5217 303 5265 ct
319 5216 553 5294 intercessorem
569 5214 742 5298 adversarii
760 5236 901 5304 vereris:
954 5240 1087 5310 sensum,
1113 5227 1145 5280 ut
1167 5239 1266 5296 qurvrs
1287 5228 1335 5284 vel
1361 5232 1519 5290 mediocris
1543 5236 1657 5312 ingenii
1676 5261 1729 5316 per
1753 5263 1787 5303 se

70 5283 140 5352 apud
148 5282 295 5353 pudicam,
310 5285 367 5336 etc.
381 5282 515 5339 Pessime
525 5300 596 5341 vero
607 5286 674 5343 Grll.
688 5304 723 5343 ae
735 5289 820 5347 llom.
830 5294 899 5350 edrt.
953 5295 1108 5369 intelligat.

68 5351 95 5405 iu
106 5354 183 5408 hunc
199 5353 340 5435 modum}
357 5352 421 5408 Sed
434 5358 584 5438 nepotiano
595 5357 700 5441 habes,
713 5362 901 5420 etintercos·
989 5369 1045 5440 (bl)
1060 5367 1132 5423 Cod.
1149 5367 1240 5440 tait,
1257 5370 1298 5426 Et
1313 5372 1392 5431 hacto
1409 5378 1534 5437 risitare
1555 5386 1659 5442 viduas
1679 5385 1787 5461 dipun-

68 5423 902 5506 aoremzadrersarrumrererraaprrdpudrcenrJ’rute,etc
955 5447 1013 5498 tur.

100 5496 156 5563 tii·
172 5494 295 5552 nmero
307 5498 337 5550 et
354 5495 440 5552 Rom.
449 5497 531 5568 edit,
545 5500 608 5556 Sed
621 5501 668 5584 ris
679 5502 804 5586 nubere.
817 5506 901 5565 Licet
1000 5512 1046 5584 6ῦ)
1057 5511 1133 5568 Edit.
1147 5515 1175 5568 et
1185 5517 1271 5586 pauci
1282 5534 1368 5590 mss,
1380 5518 1559 5584 lauinilitatis
1570 5530 1705 5585 conscius
1714 5543 1784 5585 suna

72 5581 122 5621 uon
135 5544 229 5623 babet
243 5566 360 5638 (Rom,
375 5583 433 5624 non
447 5568 567 5644 babeat)
582 5588 697 5631 crimea
707 5577 838 5662 simplex
853 5593 901 5638 ro·
1000 5583 1045 5657 66)
1061 5585 1135 5641 llss.
1146 5585 1267 5670 aliquot,
1280 5589 1321 5644 Ε(
1337 5597 1367 5645 tu
1381 5589 1477 5662 igitur
1488 5600 1537 5676 qni
1550 5596 1723 5659 indecore...
1735 5599 1787 5658 ab·

67 5634 171 5717 buu,
187 5653 307 5699 onmem
319 5653 378 5699 noa
393 5654 503 5718 puero,
520 5645 576 5704 ete.
593 5643 692 5705 ldlnue
707 5662 863 5714 concanae.
952 5672 1040 5718 secra
1054 5657 1157 5720 Deum.
1175 5658 1210 5717 Sa
1225 5658 1314 5718 idam
1329 5660 1443 5736 defers,
1460 5676 1517 5732 oro,

204 5813 335 5887 esaon
354 5815 436 5891 xva.
1630 5850 1651 5925 θ
