3900 6128
117 286 180 361 lie
839 291 873 362 S.
895 282 1116 360 AMBltosll.
1778 282 1846 360 416

440 490 566 554 CAPUT
585 495 632 553 l'I.
960 476 990 547 λ
1040 495 1084 551 el.
1100 494 1270 551 ascendisti
1298 494 1334 550 de
1363 493 1453 565 tonte,
1473 496 1621 550 memento
1649 492 1853 567 campelione.

119 600 266 674 Epressis
283 617 299 658 c
314 600 396 658 toute
411 600 601 675 baptismatis
625 620 715 686 quaro
732 604 830 660 nicetio
853 601 903 657 dat
920 602 951 658 i'n
1005 584 1151 640 ¹0⁰¹i⁰¹¹i⁸·
1164 583 1434 681 Etenimnn‘lmiflus
1452 583 1639 639 ¹¹⁰⁸t0PJ⁰⁸¹¹
1655 583 1688 637 (Β
1703 580 1838 657 ΜΨ·

155 676 337 745 eapiteteum
353 674 441 729 etium
456 675 561 748 pedum
586 674 656 731 lotio
667 682 734 748 post
756 674 949 749 baptismium·
1005 673 1044 728 lio
1053 673 1123 729 lavit
1133 673 1225 744 pedes
1233 670 1290 742 (30)
1298 672 1455 743 discipulis
1467 672 1543 727 suis.
1561 670 1688 738 Quando
1708 672 1789 726 venit
1801 670 1839 727 ad

155 760 256 816 tflffll'e
269 751 391 816 timim
407 746 540 817 ‘illisi-'¹0
555 747 757 802 fflmlilffl’fflt'·
1006 761 1153 817 Simonem
1167 760 1295 828 Petrum,
1307 761 1347 816 ait
1357 762 1481 818 Petrus:
1504 760 1573 818 Nou
1587 760 1675 816 laras
1698 760 1774 815 milii
1785 774 1840 833 pe-

154 850 198 906 29.
215 850 287 906 Post
301 850 366 905 haec
380 851 481 923 utique
506 852 667 907 ascendisti
693 853 728 906 ad
745 852 949 906 sacerdotem:
1006 850 1059 906 dos
1069 851 1254 905 iuoetoriiuni
1264 846 1359 917 (deaii.
1371 864 1434 918 nin,
1447 848 1493 919 ei:
1510 863 1569 905 nou
1583 848 1713 907 advertit
1727 850 1840 919 myste-

120 939 277 994 considera
292 939 362 1010 quid
376 943 510 994 seculum
534 940 582 996 sit.
599 940 703 995 Nonne
727 940 798 995 illud
815 940 895 1012 quod
910 940 951 994 ait
1006 940 1091 1008 rium,
1104 937 1410 994 etideoministerium
1426 938 1596 1005 recusavit,
1620 937 1702 1009 quod
1718 926 1842 1009 gravari*

120 1027 228 1082 David:
247 1028 330 1082 Sicut
339 1035 514 1099 unquentum
524 1030 554 1083 i'ii
561 1029 748 1100 capiteque!
757 1028 950 1084 deseeiiditiu
1005 1028 1196 1082 bumilitatem
1220 1026 1299 1081 servi
1312 1026 1445 1081 crederet
1461 1024 1529 1095 (31),
1541 1026 1570 1081 si
1583 1025 1642 1080 sibi
1659 1024 1837 1096 obsequium

118 1115 252 1180 barbam,
265 1116 388 1170 barbam
398 1116 499 1172 Auiuu
517 1115 610 1187 (Psal.
624 1131 735 1187 cxxxii,
752 1117 802 1187 (2)(
818 1117 882 1173 Hoc
904 1119 950 1172 est
1005 1106 1079 1171 333
1095 1115 1204 1170 domiui
1232 1114 1375 1185 patienter
1402 1112 1576 1168 admitteret.
1606 1112 1662 1167 Cui
1685 1112 1838 1183 respondit

118 1204 655 1277 unguentumdcquoetSalomonait:
676 1207 951 1279 Uunpiieutumexi-
1006 1204 1165 1259 Dominus:
1184 1203 1220 1258 Si
1239 1217 1295 1258 nou
1311 1199 1414 1257 lavero
1429 1199 1487 1256 tibi
1506 1201 1611 1273 pedes,
1628 1214 1687 1257 non
1707 1194 1837 1256 liabebis'

120 1292 251 1347 iiuiiituin
267 1298 312 1347 ost
328 1308 431 1348 iiomeu
448 1300 535 1361 tuum,
549 1301 708 1367 propterea
726 1293 951 1350 adolescentule
1001 1300 1118 1365 partem
1129 1308 1239 1348 inccuui
1254 1290 1365 1361 (llud).
1382 1289 1445 1354 Quo
1460 1289 1569 1358 audito,
1587 1288 1715 1344 Petrus:
1737 1288 1831 1351 Dami-

120 1381 291 1436 ditarer-unt
303 1388 341 1446 te,
353 1387 382 1435 ct
393 1387 584 1437 attraxerunt
595 1384 729 1450 totileni.
744 1401 762 1452 i,
776 1384 813 1454 ἓ).
826 1382 947 1447 Quantae
1006 1399 1052 1452 ue,
1069 1397 1125 1436 uoii
1141 1388 1252 1435 tantum
1263 1380 1368 1451 pedes,
1386 1378 1491 1450 inquit,
1508 1378 1563 1434 sed
1578 1384 1608 1433 et
1625 1392 1733 1432 marius
1747 1384 1832 1433 eten-

119 1467 205 1524 hodie
216 1473 363 1525 renovatio
373 1471 478 1527 unimae
489 1471 654 1527 dilexerunt
667 1476 703 1543 tc,
726 1471 848 1527 Domine
862 1471 947 1540 lesu,
1003 1477 1054 1542 put
1067 1470 1158 1539 (ibid.
1175 1469 1212 1539 9).
1231 1467 1395 1539 Respondit
1410 1467 1571 1521 Dominus:
1600 1464 1657 1532 Qui·
1681 1465 1763 1521 lotus
1778 1470 1831 1533 est,

119 1556 271 1613 diceutes:
287 1558 418 1613 Attralie
429 1575 485 1613 uon
494 1565 559 1632 post
575 1566 604 1615 to
619 1561 685 1630 (28),
702 1563 733 1615 iii
747 1560 866 1616 odoram
885 1576 951 1614 res·
1005 1574 1061 1614 uon
1077 1558 1192 1630 iudipet
1208 1558 1268 1613 uisi
1283 1562 1313 1611 ut
1325 1555 1419 1628 pedes
1443 1554 1539 1625 taret3
1563 1554 1619 1611 sed
1640 1561 1689 1611 est
1713 1555 1834 1611 muudus

120 1645 309 1700 timcnioruui
323 1654 436 1703 tuorum
452 1650 601 1704 currimus
615 1649 703 1719 (idid.
725 1649 762 1719 3),
781 1652 812 1704 ut
826 1648 948 1704 odorem
1005 1653 1083 1703 totus
1096 1647 1185 1715 (ibid.
1203 1646 1258 1717 10).

120 1735 349 1790 resurrectionis
364 1736 534 1793 haurirent!
1038 1736 1083 1792 (ἓ.
1096 1736 1223 1792 blundus
1236 1738 1297 1790 erat
1310 1737 1424 1803 Petrus,
1445 1733 1499 1789 sed
1519 1733 1648 1805 plantum
1668 1732 1771 1788 lavare
1785 1732 1831 1789 de·

152 1822 196 1877 30.
213 1822 308 1888 Quare
325 1824 381 1879 lioc
398 1826 447 1881 liat
462 1825 604 1899 intellige,
622 1828 691 1898 quia
713 1826 790 1882 oculi
803 1827 949 1899 sapientis
963 1853 991 1918 B
1003 1825 1108 1894 bebat,
1124 1824 1251 1879 habehat
1259 1823 1336 1878 enini
1345 1822 1432 1895 primi
1444 1820 1574 1877 hominis
1585 1822 1622 1877 de
1640 1822 1833 1879 successione

119 1909 150 1963 iu
167 1913 262 1983 eapite
277 1913 341 1984 ejus
355 1914 468 1979 (lteele.
493 1932 522 1983 n,
541 1915 595 1985 tt).
617 1916 684 1970 ldeo
708 1916 736 1969 in
754 1916 873 1970 barbam
890 1916 945 1970 de·
1002 1916 1173 1985 peccatum:
1198 1912 1317 1984 quando
1332 1928 1399 1967 euni
1414 1911 1620 1982 supplantavit
1644 1926 1785 1981 serpens,
1808 1914 1835 1967 ct

118 1999 191 2069 duit,
203 2000 296 2070 idest,
310 2003 339 2055 iu
358 2003 481 2074 gratiam
499 2002 681 2074 juveututis:
699 2004 765 2059 ideo
782 2005 810 2058 iu
826 2004 948 2059 barbam
1003 2002 1149 2074 persuasit
1166 2017 1297 2056 eri-ciem
1313 2000 1400 2071 (Gen.
1411 2018 1453 2068 iii,
1465 2001 1492 2069 5,
1513 1999 1552 2069 6).
1569 1999 1639 2054 ldeo
1654 1999 1755 2071 planta
1769 1996 1837 2071 ejus

118 2088 227 2157 Aaron,
244 2093 275 2142 ut
289 2090 343 2143 tius
359 2090 484 2145 electum
499 2107 607 2163 genus,
625 2093 818 2160 sacerdotale,
835 2093 946 2163 pretio·
1002 2091 1140 2160 abluitur,
1157 2094 1188 2146 ut
1203 2090 1387 2145 haereditaria
1404 2088 1834 2159 peccatotollantui·t32);uos·

117 2192 201 2243 sum3
218 2192 321 2232 omues
340 2180 418 2232 euim
435 2180 462 2233 iu
493 2196 616 2252 reguum
634 2181 685 2235 liei
709 2185 736 2235 et
752 2183 781 2236 in
804 2181 946 2237 sacerdo-
1001 2183 1046 2234 tra
1061 2179 1139 2235 onim
1154 2179 1272 2250 propria
1287 2193 1340 2249 per
1353 2177 1532 2248 baptismum
1547 2175 1730 2232 relaxantur.

117 2264 189 2318 tium
202 2265 259 2336 (⁶29)
274 2267 414 2339 ungimur
428 2268 522 2339 gralia
537 2268 671 2337 spirituli.
1036 2268 1081 2322 33.
1092 2268 1185 2323 Simul
1203 2282 1353 2339 cognosco
1372 2266 1545 2337 mysterium
1555 2265 1585 2320 iii
1600 2263 1668 2336 ipso
1685 2264 1833 2321 humilita-

151 2388 209 2457 (28)
229 2390 312 2444 llom.
344 2391 412 2445 odit.
430 2392 515 2460 solu,
545 2394 674 2448 Attralio
700 2400 886 2465 uospostte.
913 2394 948 2449 Et
1001 2390 1313 2463 pedeslavoi·et...Cui
1327 2390 1469 2445 Dominus
1480 2388 1658 2459 respondet:
1684 2386 1741 2456 Qui
1757 2390 1833 2447 lotus

115 2459 202 2527 iutra,
220 2460 250 2541 iii
262 2460 380 2515 iiiloreiu
390 2464 704 2529 unqueiitoiuiimQuod
719 2464 754 2519 ad
772 2465 907 2546 primum,
920 2465 948 2520 ei
1001 2466 1047 2517 est
1063 2478 1122 2517 non
1138 2463 1226 2518 bubet
1239 2466 1365 2542 necesse
1382 2463 1412 2516 ut
1426 2460 1505 2543 lavet
1518 2461 1576 2516 nisi
1596 2460 1774 2545 pedes-sed
1788 2464 1833 2517 est

117 2531 717 2673 lli'llilili‘intendant-'tii
731 2536 947 2661 ..lid-inibi}
1001 2531 1834 2676 ligiusfildas..blitilttltlziziltltattlf
1846 2646 1849 2651 .

117 2642 354 2742 niaseripturee
383 2646 520 2729 idiomata
549 2676 644 2730 eidem
673 2676 781 2731 iurent.
811 2648 946 2733 iltt'umou
1001 2691 1068 2730 euni
1079 2646 1223 2747 originale
1239 2680 1392 2746 peccatum
1407 2673 1496 2727 utitur
1511 2664 1837 2745 iliidembu'gustinus„

118 2741 215 2796 locuni
230 2742 308 2796 liuuc
323 2747 459 2812 putamus
484 2746 522 2799 ita
537 2747 656 2800 citatum
671 2747 707 2801 ab
731 2748 899 2815 duilirosio,
917 2752 948 2803 ut
1000 2762 1059 2800 uon
1075 2749 1120 2801 est
1134 2751 1233 2801 tamen
1244 2743 1472 2800 existimandum
1488 2742 1718 2799 Ambrosianum
1737 2744 1830 2801 luisse

118 2812 204 2866 simul
221 2813 256 2867 ud
272 2813 462 2895 frugi-antium
478 2817 719 2871 vestimentorum
737 2818 828 2871 iacob
841 2819 946 2873 trater·
1000 2817 1169 2886 opinionem
1180 2831 1286 2871 noxam
1295 2815 1470 2887 originalem
1480 2813 1630 2896 ejusmodi
1640 2813 1830 2896 lotioueabo·

116 2882 432 2940 cambenedictionem
447 2902 463 2939 a
479 2892 560 2957 putre
576 2886 750 2943 sullurantis
765 2889 907 2944 eluderet.
1000 2888 1064 2943 leri.
1079 2886 1152 2952 Quis
1169 2887 1247 2942 enim
1263 2887 1363 2942 credat
1379 2886 1577 2957 augustinum
1602 2902 1670 2942 suis
1685 2890 1714 2943 ct
1728 2886 1828 2943 Eccle-

152 2954 208 3023 (29)
223 2954 296 3009 llss.
311 2971 371 3010 nou
386 2957 481 3027 pauci,
498 2958 528 3012 iu
539 2974 663 3030 requam
678 2959 735 3014 Dci'
748 2964 777 3013 et
791 2975 947 3015 cernerer·
1000 2959 1055 3013 sie
1069 2958 1250 3014 adversariis
1265 2956 1443 3024 testimonia,
1464 2971 1531 3028 quie
1546 2972 1563 3010 a
1587 2957 1713 3021 veritate
1727 2972 1763 3013 ac
1776 2956 1829 3013 nei

118 3024 238 3079 dotium.
999 3029 1187 3093 abhorreant,
1203 3029 1420 3099 oppositurum,
1436 3026 1562 3081 maxime
1577 3042 1648 3083 cuni
1662 3029 1768 3085 eudem
1782 3028 1825 3083 ille

152 3094 208 3165 (30)
225 3095 333 3152 Eadem
350 3098 418 3152 edit.
437 3100 521 3154 llum.
538 3100 612 3165 sola,
635 3101 723 3156 deses
745 3100 820 3155 lui-it
840 3102 944 3173 peiles,
1000 3101 1175 3156 caeremonia
1193 3100 1222 3155 ia
1237 3098 1348 3167 Africa,
1365 3102 1396 3153 ut
1410 3096 1480 3153 alibi
1492 3097 1617 3165 dicetur,
1639 3114 1702 3155 uon
1718 3092 1825 3155 obdia:

116 3165 232 3221 sublato
248 3168 395 3235 nimirum,
414 3170 444 3223 i'ii
455 3169 631 3239 dli-unpelio.
653 3172 731 3226 lutra
742 3188 822 3239 vero,
842 3189 894 3243 pro
911 3189 946 3229 eo
963 3173 1064 3266 crat?
1078 3174 1136 3226 Aut
1150 3172 1218 3243 quis
1235 3186 1341 3225 rursus
1357 3167 1549 3224 Ambrosium
1563 3169 1615 3241 qui
1636 3170 1749 3243 ubique
1762 3168 1825 3241 bap

115 3238 195 3318 quod
210 3238 239 3291 iu
256 3239 325 3293 edil.
342 3240 480 3295 omnibus
505 3245 533 3296 et
547 3258 620 3296 mss.
647 3244 797 3297 nonnullis
821 3244 946 3299 bulietur
1000 3243 1087 3297 tisino
1111 3243 1271 3313 perlectam
1292 3240 1438 3313 justitiam
1454 3239 1771 3363 repensationemqua
1784 3243 1824 3295 at·

114 3309 313 3364 munster-ium
324 3312 485 3375 remiserit,
497 3312 775 3385 legitur-inreliquis
786 3330 859 3369 mss.
872 3331 948 3388 nire·
998 3313 1110 3381 tribuit,
1126 3316 1155 3368 et
1170 3314 1227 3368 lioc
1254 3313 1321 3382 ipso
1335 3312 1402 3367 loco
1425 3311 1489 3366 sicu
1517 3312 1547 3365 et
1569 3311 1637 3365 aliis
1652 3326 1713 3368 nou
1727 3310 1823 3382 paucis

116 3380 223 3433 toriiuu
239 3382 400 3435 reeusarit.
419 3381 512 3437 ilsud.
531 3384 603 3438 sutis
620 3387 708 3439 reete.
998 3385 1136 3456 agnoscit
1151 3385 1268 3440 Petrum
1289 3381 1384 3438 fuisse
1408 3380 1559 3449 muudum,
1576 3382 1729 3438 existimet
1752 3384 1781 3437 in
1795 3396 1823 3439 ee

150 3449 207 3519 (81)
225 3450 298 3506 llss.
325 3452 446 3525 aliquot,
471 3455 597 3529 precari
612 3456 778 3510 bumilitate
793 3472 826 3511 se
837 3472 947 3512 serius
998 3455 1143 3510 sententia
1157 3470 1227 3510 esse
1236 3454 1380 3525 potuisse,
1392 3456 1423 3507 ut
1431 3451 1557 3525 originis
1568 3452 1715 3508 maculam
1724 3452 1823 3537 peden

114 3521 224 3577 eredit.
998 3526 1117 3594 lotione,
1155 3542 1220 3580 uam
1237 3541 1296 3581 nou
1320 3524 1476 3649 ignorabat
1489 3523 1582 3577 omitti
1604 3524 1708 3580 inultis
1722 3540 1754 3579 iu
1769 3523 1822 3579 Ee-

148 3590 204 3661 (32)
222 3592 276 3648 llio
291 3594 375 3650 locus
389 3595 449 3666 juin
476 3613 491 3650 a
517 3597 607 3669 longo
632 3598 784 3670 negotium
807 3598 944 3668 plurimis
999 3597 1142 3663 clesiis,a
1165 3597 1206 3652 lui
1221 3599 1326 3651 conten
1349 3597 1433 3650 eret?
1453 3592 1512 3649 Sed
1527 3593 1600 3648 nibil
1616 3593 1666 3649 bic
1682 3609 1760 3666 opus
1782 3596 1823 3651 est

113 3660 275 3719 lacessivit.
294 3665 409 3721 Etenim
424 3669 454 3721 iii
469 3668 603 3740 mai-gine
619 3670 683 3723 cod.
701 3670 827 3723 illaroiu.
843 3669 946 3724 eudeiu
999 3668 1192 3739 conjecturis,
1209 3668 1273 3739 ipse
1293 3669 1419 3722 mentem
1435 3680 1520 3721 suein
1535 3667 1610 3719 sutis
1634 3667 1732 3737 aperit
1744 3666 1826 3721 citati·

113 3748 171 3803 qua
185 3738 285 3790 textus
309 3752 396 3792 manu
421 3742 550 3794 notatum
573 3740 644 3794 illud
670 3741 817 3795 occurrit:
834 3741 945 3795 illitum
1000 3737 1110 3809 Expos.
1123 3738 1198 3809 psul.
1210 3735 1704 3804 xcviii,uum.9,iubiiucmodnm:
1720 3758 1732 3783 ι
1747 3736 1823 3793 Unde

114 3804 188 3875 quod
204 3805 278 3859 di'eit
293 3807 324 3860 i'ii
341 3807 488 3879 baptismo
505 3812 628 3882 propria
648 3818 768 3881 peccata
789 3811 896 3878 laruiu,
916 3813 947 3866 iu
999 3825 1075 3875 reor,
1097 3810 1201 3881 iuquit,
1220 3809 1402 3880 iniquitatem
1417 3807 1546 3862 calcanei
1567 3808 1666 3878 magis
1683 3806 1824 3863 lubricum

109 3874 216 3945 pedani
235 3876 384 3933 iililutioue
398 3896 414 3933 a
431 3879 553 3934 llouiiuo
569 3882 724 3952 discipulis
735 3880 811 3936 tacta
821 3899 873 3953 ori¹
890 3886 948 3937 i'ua·
999 3880 1199 3952 delinquendi,
1210 3896 1299 3952 quam
1309 3882 1421 3934 reatum
1435 3877 1565 3947 aliquem
1578 3877 1675 3933 nostri
1689 3892 1762 3933 asse
1776 3878 1823 3935 de·

111 3943 152 4026 liu
168 3951 288 4015 peecata
307 3948 381 4003 tolli.
400 3950 466 4004 Nou
482 3951 539 4005 ulio
555 3953 641 4006 eliam
664 3953 843 4022 respiciebat
861 3899 946 4024 lingo
998 3951 1069 4005 licti.
1086 3952 1249 4022 Meritoque
1265 3950 1441 4005 Dominus...
1459 3948 1603 4017 lavemus,
1620 3948 1728 4021 inquit,
1743 3952 1771 4005 et
1785 3964 1824 4021 pe

112 4014 300 4086 Vialoscum
320 4020 442 4075 inlouu.
464 4039 516 4075 xiii
534 4023 680 4076 scriberet
694 4024 820 4093 aliquos,
839 4024 948 4080 lotione
999 4022 1063 4089 des,
1082 4027 1112 4078 ut
1127 4022 1257 4077 calcanei
1279 4021 1426 4076 lubricum
1448 4019 1601 4090 possimus
1626 4020 1757 4089 auterre,
1772 4034 1825 4093 quo

107 4086 215 4157 pedum
230 4096 383 4160 precatum
401 4093 548 4163 ori'pi‘iiala
563 4093 675 4148 diuiitti
684 4102 752 4165 post
772 4095 947 4177 baptismum
999 4093 1055 4147 lida
1071 4091 1512 4163 stutiopossitesseeirtutum3
1528 4093 1558 4145 et
1572 4106 1610 4146 ue
1625 4093 1751 4161 paterno
1762 4090 1825 4163 quis

110 4160 291 4215 asseruisse.
309 4164 346 4215 ui
360 4164 450 4216 mutto
466 4164 670 4218 vehementius
686 4165 817 4220 nonnulli
839 4183 877 4220 ex
892 4167 947 4221 lie·
998 4180 1099 4220 errore
1109 4164 1233 4230 labatur,
1250 4164 1300 4235 qui
1317 4178 1371 4217 suo
1395 4165 1514 4233 paratus
1529 4164 1576 4217 est
1598 4165 1680 4217 sture
1694 4161 1825 4233 proposi·

109 4229 262 4310 teredonis
278 4231 307 4285 in
330 4247 394 4288 eam
417 4236 603 4301 sententiani,
627 4239 658 4289 ut
683 4236 712 4289 iu
735 4237 944 4293 admonitione
997 4239 1046 4303 lo,
1062 4239 1090 4290 et
1109 4252 1168 4291 uon
1186 4240 1294 4290 metunt
1310 4233 1458 4289 lub'ricum
1473 4231 1667 4307 liiereclitatis,
1684 4234 1738 4305 qui
1753 4232 1828 4304 cupit

109 4299 252 4367 diximus,
283 4303 546 4367 excandescentes,
565 4307 602 4359 oli
632 4323 695 4360 cain
723 4309 873 4377 praecipue
906 4308 943 4362 li·
996 4306 1156 4377 vestigium
1177 4310 1277 4361 tenero
1299 4304 1426 4359 virtutis.
1454 4302 1563 4366 »Quid
1586 4306 1684 4359 autem
1707 4303 1824 4373 elarius,

108 4371 194 4426 lirum
210 4373 368 4429 Ambrosio
383 4375 601 4445 abjudicarunt.
616 4378 823 4432 Verumtamen
839 4380 898 4433 illis
910 4382 940 4435 iu
994 4393 1082 4501 paam
1092 4394 1144 4447 per
1154 4374 1510 4446 lubri'euuideliuquendi'.
1520 4372 1668 4429 lubricum
1685 4372 1825 4437 calcanei.

107 4446 236 4499 mentem
251 4461 309 4499 non
325 4445 461 4501 veniebat
485 4447 608 4501 duorum
628 4448 771 4515 lucorum,
792 4450 941 4520 inquibus
1008 4448 1151 4515 irliri'euui,
1172 4446 1370 4514 limiedi'tutie,
1395 4445 1468 4501 niliil
1482 4443 1561 4499 aliud
1585 4444 1724 4513 indicari,
1749 4450 1780 4501 ut
1795 4445 1827 4501 ed

110 4513 178 4569 liuic
193 4515 279 4585 plane
300 4518 417 4589 gemina
437 4518 523 4572 docet
534 4520 563 4573 S.
587 4520 700 4573 (laetor.
715 4522 843 4574 l‘iiinum
858 4523 909 4591 qui
925 4538 940 4575 e
955 4553 982 4616 D
995 4519 1073 4573 liuuc
1088 4519 1222 4574 euiuilcm
1239 4519 1336 4574 lorum
1351 4514 1567 4582 adnotavimus,
1582 4531 1673 4587 quani
1687 4517 1825 4587 eoncupi-

109 4583 269 4654 deperditis
285 4587 315 4641 iu
339 4588 443 4643 lsuiam
467 4591 629 4645 tlouiuient.
655 4592 763 4661 petitus
788 4592 852 4657 tuit,
879 4594 939 4647 ilu-
994 4590 1161 4645 scentiam?
1175 4606 1243 4661 quae
1258 4589 1373 4644 tametsi
1390 4602 1460 4642 vere
1475 4602 1510 4640 ec
1525 4587 1645 4657 piopria
1669 4588 1700 4643 iu
1715 4588 1824 4643 renatis

109 4654 257 4732 pustinus,
271 4658 322 4712 liti.
333 4677 361 4712 ii·
371 4659 531 4715 eontiluus
543 4662 629 4730 epist.
644 4662 742 4731 l’elug.
752 4678 816 4732 cup.
829 4661 857 4715 ll
871 4663 940 4717 citat
992 4661 1273 4731 nonsitpeccutum,
1283 4665 1380 4714 tumen
1391 4659 1459 4729 quia
1475 4673 1512 4712 ex
1531 4660 1655 4727 peccato
1671 4662 1732 4725 cst,
1748 4662 1778 4714 at
1789 4658 1826 4713 ad

108 4738 139 4777 iu
150 4724 214 4780 liaec
224 4729 311 4781 verbu
325 4746 331 4784 :
351 4754 362 4776 ι
377 4731 476 4785 liliano
488 4732 801 4802 loooineodemOpera
814 4733 939 4804 loquens
1012 4736 1145 4787 cocetum
1160 4732 1290 4799 inclinat,
1314 4731 1421 4785 dicitur
1435 4731 1588 4799 peecatum
1615 4728 1653 4783 ab
1669 4730 1825 4801 Apostolo.

109 4792 145 4847 de
160 4798 294 4864 apostolo
311 4800 413 4856 Petro:
440 4803 505 4872 lpse
521 4819 565 4871 se,
591 4804 694 4874 iuquit,
719 4803 831 4869 obtulit,
859 4805 939 4874 quod
991 4747 1206 4874 flligitiirheec
1218 4802 1411 4858 lii-eredituri'n
1427 4806 1559 4871 peecata,
1576 4798 1643 4855 sive
1657 4799 1735 4856 illud
1749 4800 1826 4873 quod

109 4867 176 4918 aulo
187 4869 304 4934 putabat
315 4886 383 4925 esse
398 4877 560 4942 peccatum,
578 4875 667 4927 lavari
685 4875 744 4928 silii
767 4891 824 4928 nou
841 4877 938 4930 solum
992 4873 1097 4927 Petrus
1108 4874 1237 4929 babebat
1242 4874 1335 4945 primi
1343 4872 1469 4927 lioiuiiu's
1479 4871 1517 4925 dc
1526 4872 1829 4944 successionepecca·

108 4934 200 5057 pedes
216 4942 245 4991 et
259 4945 344 5008 caput
359 4959 508 5011 poseous;
532 4946 610 5015 quod
635 4946 713 4999 illico
738 4946 935 5000 intellexisset
992 4945 1219 5005 tunilollcretur.
1232 4945 1262 4999 in
1273 4944 1379 5015 pedum
1390 4942 1498 4997 lotione
1507 4941 1689 5011 peculiarem
1701 4943 1828 5015 gratiani

120 5021 227 5061 avaero
242 5010 358 5078 pedum,
376 5014 426 5082 qui
451 5014 589 5081 inprime
614 5016 689 5085 lapsi
714 5019 783 5070 sunt
807 5017 935 5082 licuitne,
992 5015 1120 5069 conferri
1131 5015 1318 5070 existimabat
1336 5013 1530 5069 Ambrosius:
1548 5012 1627 5083 quod
1642 5011 1740 5085 majus
1756 5014 1829 5069 sub·

110 5077 375 5136 sordeiuotiuoxiie
387 5087 591 5141 successionis
606 5087 727 5141 aboleri.
748 5112 758 5132 ι
781 5087 936 5141 Secundus
991 5086 1352 5140 siiliuiusaiirtitiostiouis
1362 5088 1447 5139 vocnt
1457 5084 1534 5138 tldus
1544 5082 1613 5155 ejus
1630 5083 1793 5155 interpres,
1802 5084 1829 5139 si

108 5151 204 5201 autem
220 5149 314 5213 locus,
331 5155 380 5222 qui
395 5154 431 5206 uli
447 5155 550 5209 eodcin
568 5158 937 5227 Aiigustineluudiiliu·ad·
990 5161 1087 5211 lauicu
1110 5172 1169 5211 non
1194 5157 1371 5211 anilii-osius
1396 5156 1470 5225 ipsc,
1486 5155 1537 5209 lib.
1562 5172 1592 5209 iu
1608 5154 1653 5209 Ile
1678 5156 1828 5225 Sacram,

108 5234 216 5273 versus
232 5221 389 5285 lulianum,
407 5225 434 5277 iii
451 5226 577 5295 exposit.
595 5229 668 5296 psat.
686 5246 784 5293 sinui,
804 5245 883 5283 rei-s.
908 5231 934 5295 ii,
991 5244 1055 5310 cap.
1073 5228 1097 5281 t.
1113 5244 1193 5282 auin.
1210 5228 1236 5282 Ἰ.
1254 5228 1319 5282 Nou
1335 5227 1509 5298 ignoramus
1526 5225 1673 5297 quosdam
1688 5242 1707 5280 e
1722 5227 1826 5282 callio·

107 5305 188 5344 uum.
207 5292 233 5358 ti,
251 5292 296 5345 sic
312 5294 435 5349 hiitictui·
446 5315 454 5347 .·
481 5319 491 5342 ι
511 5297 573 5350 illia
598 5302 643 5351 est
666 5299 805 5368 iniquitas
823 5305 934 5366 nosti-a,
990 5299 1056 5353 licis
1072 5315 1141 5354 csse
1158 5299 1317 5368 theologis,
1333 5298 1384 5368 qui
1398 5300 1518 5367 peecata
1532 5297 1589 5351 ista
1604 5297 1761 5369 iocisqu-
1777 5314 1827 5352 nu·

107 5359 163 5414 aliu
179 5363 308 5417 calcanei
323 5367 428 5431 nostri,
444 5367 473 5418 iu
489 5383 547 5436 quo
563 5367 656 5421 Adam
678 5369 763 5423 (lente
786 5372 934 5441 serpentis
989 5370 1094 5424 turalia
1108 5370 1248 5424 nominat.
1271 5367 1467 5440 Augustinus,
1491 5367 1680 5423 hereditaria
1701 5369 1740 5423 ab
1755 5372 1830 5423 Am-

107 5437 153 5487 cst
167 5434 348 5500 vulneratus,
365 5440 394 5490 et
409 5436 567 5491 obnoxium
583 5438 783 5493 haereditatem
808 5458 935 5497 succes·
989 5440 1092 5496 brosie
1109 5441 1166 5494 diei
1182 5441 1370 5495 arbitrentur.
1396 5438 1454 5493 Sed
1471 5454 1538 5494 cum
1552 5438 1680 5494 venialia
1706 5446 1829 5509 peccata

107 5504 202 5584 sionis
223 5505 359 5561 humanae
381 5522 437 5562 suo
452 5507 574 5562 vulnero
597 5509 762 5591 dereliquit,
779 5515 810 5566 iit
833 5528 936 5567 omues
990 5511 1158 5567 nouniiuus
1175 5528 1262 5583 quam
1283 5527 1316 5565 ca
1339 5510 1417 5565 italia
1443 5510 1473 5565 iu
1495 5509 1645 5581 baptismo
1669 5510 1733 5566 elui
1752 5511 1829 5567 tides

105 5574 155 5635 illo
171 5576 292 5631 vulnere
309 5578 519 5633 claudicemus
534 5580 616 5635 Unde
629 5581 770 5635 tlouiiniis
781 5582 935 5652 ‹liscipulis
990 5583 1104 5648 doceat,
1118 5584 1238 5638 omnino
1249 5528 1386 5637 stangan
1397 5580 1439 5635 illi
1453 5581 1645 5652 expositioni,
1656 5598 1748 5653 quum
1764 5581 1830 5657 ipsc

105 5647 197 5721 pedes
207 5648 286 5714 lavit,
296 5653 327 5704 ut
341 5649 453 5704 levaiet
464 5665 577 5706 venenu
594 5653 764 5721 serpentis:
783 5656 811 5707 et
831 5654 935 5709 Petrus
990 5654 1158 5727 suppeditat
1172 5654 1203 5709 S.
1220 5654 1334 5711 doctor.

107 5719 341 5791 reprelienditur,
366 5721 445 5795 quod
461 5723 633 5791 excusabat,
658 5739 695 5780 ue
711 5723 768 5779 silii
792 5724 934 5784 Dominus
