3900 6128
105 299 188 365 11³7
685 304 993 371 EPISTOLARUM
1015 305 1185 386 cuassls
1206 308 1231 372 1.
1344 311 1352 318 ’
1754 313 1835 383 1138

102 501 155 573 qni
169 502 255 557 solus
267 503 463 576 sinepeccatc
479 505 572 560 ostde
589 522 648 578 quc
664 507 736 561 dicit
746 505 819 562 lob:
839 486 980 560 «vivitd
997 505 1134 563 evadere.
1158 507 1256 564 Servit
1279 511 1370 583 igitur
1391 516 1530 583 peccator
1553 514 1714 586 formidini,
1739 517 1834 573 servit

104 590 264 662 Dominus,
281 594 332 664 qui
347 593 392 648 sic
408 609 453 649 me
467 594 580 666 judicat
593 595 660 666 (deb
672 613 763 662 xxvn,
781 595 828 664 tl:
845 594 942 650 selum
999 596 1088 650 etium
1108 598 1270 670 cupiditati,
1291 601 1385 665 servit
1411 603 1553 674 avaritiae,
1583 605 1677 660 servit
1703 604 1830 677 libidini,

104 679 187 735 enim
197 681 246 735 ille
257 684 355 751 potest
366 683 502 754 judicure
513 683 640 755 justum,
658 685 748 755 cujus
763 685 793 738 in
811 698 941 753 conspe·
1000 685 1094 739 servit
1110 687 1240 758 mulitiae,
1256 690 1350 745 servit
1364 691 1536 762 iracundiae,
1554 695 1582 747 et
1592 693 1709 749 videtur
1724 694 1834 767 hujus·

103 772 156 824 ctu
172 770 280 824 coelum
296 788 356 827 nen
378 775 425 828 est
448 773 599 844 mnndum,
616 789 671 830 nec
695 774 847 829 stellarum
869 788 943 844 pura
1001 773 1080 828 modi
1095 775 1153 830 sibi
1169 776 1263 834 liber:
1280 780 1334 835 sed
1349 781 1445 852 magis
1459 781 1562 852 servit,
1579 798 1667 854 quum
1683 783 1710 838 si
1725 784 1782 840 sub
1793 786 1835 857 ty·

105 858 137 912 et
152 858 232 912 clara
247 859 368 916 lumina.
1001 864 1103 918 rannis
1119 866 1246 935 positus

142 946 189 1002 28.
201 946 274 1013 Quis
294 953 342 1005 est
360 951 410 1022 qui
426 949 592 1022 Sophoclea
603 951 660 1021 (30)
681 952 710 1006 in
725 952 854 1007 medinm
870 952 944 1008 serat
1035 951 1080 1006 30.
1093 951 1136 1006 llli
1146 956 1243 1010 eutem
1254 956 1341 1012 liberi
1352 961 1430 1029 sunt,
1443 960 1494 1030 qni
1504 959 1624 1032 legibus
1635 960 1747 1017 vivunt.
1770 962 1835 1018 Lex

106 1027 184 1092 937
199 1039 329 1094 carmina
344 1039 487 1096 dicentia:
513 1041 629 1113 tupiter
643 1042 715 1095 milri
737 1044 857 1112 praeest,
875 1040 942 1096 nul·
1000 1044 1097 1096 autem
1107 1057 1179 1097 vera
1194 1060 1294 1101 sermo
1318 1050 1429 1118 rectus,
1445 1047 1495 1104 lex
1518 1064 1588 1104 veru
1611 1065 1671 1105 non
1685 1050 1834 1123 insculpta

104 1124 155 1180 lus
164 1127 262 1181 autem
272 1127 449 1185 hominum?
463 1128 576 1195 Quanto
587 1131 736 1201 antiquior
746 1130 813 1199 tob,
833 1133 943 1202 quanto
1000 1128 1120 1200 tabulis,
1141 1148 1197 1189 neo
1216 1149 1276 1190 aere
1302 1136 1409 1207 incisa,
1430 1138 1485 1193 sed
1504 1137 1653 1209 impressa
1672 1140 1833 1210 mentibus,

104 1218 255 1271 vetustior
276 1218 394 1273 Duvid?
417 1220 591 1291 Agnoscunt
613 1235 686 1291 erge
711 1220 747 1274 de
771 1220 884 1274 nostris
908 1234 942 1275 se
1001 1220 1088 1291 atque
1103 1220 1191 1276 inflxu
1204 1223 1366 1295 sensibus;
1383 1227 1501 1298 quando
1517 1228 1638 1298 sapiens
1654 1243 1713 1283 non
1728 1228 1836 1284 suble-

103 1304 218 1361 bubere
233 1322 419 1378 quecunque
435 1309 642 1378 praestantiora
657 1307 749 1362 locuti
763 1310 843 1363 sunt,
1001 1323 1049 1379 ge,
1066 1309 1120 1364 sed
1135 1311 1200 1380 ipse
1215 1312 1273 1367 sibi
1288 1312 1338 1367 lex
1353 1317 1408 1385 est,
1431 1331 1507 1387 opus
1531 1316 1609 1387 legis
1625 1317 1656 1371 in
1671 1318 1763 1373 cordo
1777 1332 1835 1373 suo

141 1392 188 1450 29.
200 1394 274 1460 Quis
288 1395 380 1468 igitur
394 1398 526 1468 sapiens,
543 1397 602 1452 nisi
617 1397 669 1469 qui
693 1397 730 1451 ad
754 1398 821 1466 ipsa
835 1411 944 1468 perve-
1000 1398 1157 1453 continens
1184 1399 1277 1470 (llum.
1294 1418 1324 1471 ιι,
1341 1403 1385 1472 ιι,
1402 1405 1456 1474 15),
1480 1406 1605 1460 naturali
1627 1405 1686 1461 sibi
1709 1406 1786 1478 stylo
1808 1408 1837 1462 et

104 1484 145 1539 rit
155 1484 319 1540 divinitatis
337 1489 463 1554 secretu,
481 1491 510 1541 et
524 1485 711 1541 manifestata
726 1485 786 1541 sibi
804 1486 944 1558 cognovit
999 1486 1127 1556 quodam
1145 1487 1339 1559 inscriptione
1367 1492 1535 1549 formatum.
1556 1494 1720 1551 Tantumne
1745 1495 1837 1568 igitur

106 1573 225 1630 occultu
240 1573 419 1644 supientiae?
434 1574 523 1630 Solus
540 1576 632 1647 igitur
646 1574 777 1647 sepiens,
803 1575 853 1646 qui
868 1575 944 1631 duee
1000 1576 1142 1631 ceacitutis
1157 1580 1213 1646 est,
1235 1581 1340 1634 utnon
1363 1581 1519 1637 videamus
1541 1583 1716 1638 manifestas
1735 1599 1836 1640 rerum

105 1662 171 1718 Deo
191 1679 266 1718 usus
282 1667 328 1719 est
342 1664 379 1718 ad
404 1665 613 1736 cognoscenda
628 1663 762 1719 veritatis
779 1663 898 1733 cubiliu,
916 1667 945 1719 et
999 1664 1214 1734 expressiones
1225 1668 1254 1720 et
1268 1667 1411 1722 virtutum
1426 1669 1598 1740 imagines?
1613 1670 1649 1725 Et
1659 1663 1733 1728 938
1747 1688 1836 1744 quum

104 1752 243 1807 mortalis
258 1752 346 1808 homo
357 1753 531 1808 immortalis
547 1753 599 1808 Dei
625 1752 724 1808 haeres
738 1755 767 1807 et
782 1768 945 1808 successor
999 1751 1163 1824 indignum,
1181 1756 1213 1808 ιιι
1227 1755 1327 1825 populi
1342 1756 1452 1830 integri
1477 1758 1617 1813 obediant
1640 1759 1778 1815 humanis
1791 1760 1836 1817 lo·

105 1843 155 1896 est
176 1840 273 1896 iactus
301 1857 354 1912 per
378 1843 513 1914 gratiam,
539 1844 568 1898 et
591 1842 709 1913 quidum
735 1840 942 1913 jucunditatis,
956 1864 985 1928 Β
999 1840 1099 1912 gibus,
1112 1842 1241 1912 quosint
1262 1842 1406 1899 libertatis
1419 1845 1597 1917 participes:
1614 1847 1766 1918 sapientes
1781 1865 1836 1906 au-

106 1931 268 2001 perticeps,
286 1931 364 1986 sicut
379 1933 522 2002 scriptum
538 1934 603 1987 est:
623 1951 633 1980 ι
651 1932 811 2001 Propterea
822 1930 944 1985 unxitte
1000 1932 1057 1984 tem
1071 1945 1173 1985 veram
1188 1931 1287 2003 legem
1303 1935 1416 1988 nuturee
1431 1950 1608 2005 expressam
1622 1936 1660 1991 ud
1676 1936 1836 2010 imaginem
1911 1922 1917 1933 ⁸

106 2021 202 2088 Deus,
215 2020 295 2076 Deus
312 2025 381 2076 tuus
392 2020 458 2076 cleo
473 2020 583 2076 laetiiiae
598 2036 660 2091 pree
678 2020 870 2076 consortibus
885 2020 944 2075 tuis
999 2017 1062 2087 Dei,
1078 2034 1239 2091 verumque
1261 2021 1406 2078 rationem
1420 2023 1595 2095 signiferam
1617 2025 1766 2081 libertatis
1781 2042 1836 2083 ne·

105 2107 205 2179 (Psal.
222 2126 301 2179 xciv,
318 2110 357 2180 8).
374 2130 388 2160 a
999 2107 1114 2179 gligant
1129 2110 1157 2163 et
1180 2108 1405 2181 derelinquant3
1431 2127 1498 2166 cum
1513 2112 1543 2167 in
1558 2128 1592 2167 eu
1616 2115 1696 2168 tenta
1710 2114 1834 2171 libertas

143 2199 190 2254 00.
203 2198 235 2253 Si
251 2200 320 2271 quis
338 2199 430 2271 igitur
448 2199 571 2269 propius
591 2214 625 2253 eu
645 2199 831 2270 introspiciat
845 2213 944 2253 rerum
999 2197 1047 2263 sit,
1064 2198 1096 2250 ut
1110 2196 1226 2266 parvuli
1249 2199 1365 2254 servire
1389 2199 1470 2254 vitiis
1493 2200 1676 2270 nesciamus,
1692 2201 1781 2257 alieni
1796 2203 1833 2258 ub

106 2289 239 2362 negotiu,
252 2291 415 2362 cognoscet
423 2290 531 2360 quantu
549 2288 675 2358 sapienti
694 2287 865 2360 adjumenta
875 2286 943 2357 (el),
999 2284 1052 2353 ira,
1069 2288 1208 2341 exsortes
1223 2286 1365 2355 avaritiae,
1381 2287 1479 2360 ignari
1493 2287 1646 2344 libidinis!
1664 2289 1757 2356 Quam
1776 2291 1833 2347 mi-

106 2382 137 2437 et
151 2380 261 2450 quanta
276 2379 305 2432 in
330 2378 405 2448 ipsis
428 2377 578 2448 insipienti
604 2375 734 2448 relrugia
757 2377 838 2446 sint;
864 2376 943 2448 quod
999 2374 1835 2450 serumigitur,utquinaseimurinlibertate,moriumur

106 2469 181 2524 huic
195 2466 365 2539 adjumento
380 2466 512 2536 libertas,
531 2466 573 2521 illi
588 2466 797 2536 impedimento
813 2466 943 2521 servitus
998 2462 1029 2516 in
1044 2461 1207 2519 servitute!

106 2558 158 2613 sit.
176 2556 308 2629 Insurgit
323 2556 400 2610 enim
424 2556 545 2626 sapiens
569 2555 655 2628 quusi
677 2556 773 2610 victor
788 2554 943 2610 debellatis
1033 2549 1079 2606 33.
1098 2549 1156 2606 Sed
1173 2552 1229 2607 boc
1244 2552 1276 2607 ιιι
1298 2552 1415 2609 levitate
1435 2555 1535 2626 animi,
1561 2557 1649 2628 utque
1664 2556 1832 2614 infirmitate

106 2664 124 2704 u
154 2662 190 2702 se
217 2662 252 2701 ac
277 2645 466 2715 triumphatis
499 2644 633 2713 libidine,
663 2644 778 2713 timore,
814 2643 943 2716 ignavia,
999 2640 1215 2712 morum3qnia
1231 2656 1319 2697 curus
1334 2642 1437 2698 inunes
1452 2643 1612 2715 volvimus,
1628 2648 1658 2701 et
1675 2661 1833 2717 operamur

106 2734 321 2802 moestitudine,
339 2734 516 2804 caeterisque
532 2733 632 2803 vitiis3
659 2732 753 2788 donec
768 2748 803 2787 ea
818 2732 854 2787 de
869 2748 956 2802 pos·¹
999 2744 1184 2799 supervacua
1197 2744 1202 2784 :
1216 2730 1359 2800 sapientis
1368 2735 1467 2788 autem
1476 2748 1536 2799 cor,
1545 2737 1703 2807 actumque
1712 2738 1740 2791 et
1756 2752 1832 2807 opus

107 2825 250 2882 sessione
261 2839 325 2879 suae
335 2823 443 2878 mentis
460 2822 601 2892 eliminet,
620 2821 944 2878 etomnibusterminis
999 2817 1161 2873 radicatum
1178 2833 1248 2875 esse
1266 2819 1353 2875 decet
1370 2823 1458 2893 utque
1474 2823 1634 2879 immobile.
1652 2824 1716 2880 Hoc
1732 2824 1833 2882 docuit

106 2915 281 2987 tinibusque
295 2912 360 2969 suis
382 2911 537 2983 propulset
559 2915 646 2982 atque
661 2912 778 2965 arceat:
805 2909 945 2982 quoniam
999 2907 1130 2978 Moyses,
1142 2908 1259 2978 quande
1273 2924 1378 2966 manus
1399 2911 1426 2966 ei
1437 2912 1593 2983 graviores
1611 2912 1731 2983 flebant,
1746 2914 1786 2968 ita
1799 2916 1833 2969 ut

106 3002 385 3061 dnxcautiornovit
399 3016 546 3056 excursus
570 3015 675 3055 cavere
695 2998 943 3067 latrocinantium,
998 2996 1049 3049 vix
1068 2996 1230 3052 sustineret
1249 3013 1301 3053 eus
1328 2997 1419 3054 iesus
1439 3000 1522 3056 Nave
1550 3000 1660 3072 (and.
1681 3018 1754 3073 xvir,
1775 3002 1831 3073 ιι).

108 3097 139 3151 et
161 3093 298 3165 quaedum
321 3090 397 3145 ιιιιιιι
421 3090 492 3145 belli
506 3089 575 3159 (30),
595 3104 662 3159 quae
686 3088 869 3160 iniquissimi
883 3087 945 3141 ani·
999 3084 1419 3158 ideoquevincebatpopulus,
1432 3089 1620 3160 quandonon
1632 3090 1833 3160 perfunctoria

107 3200 168 3240 mae
182 3184 293 3238 nostrae
306 3180 471 3235 adversarii
485 3179 589 3252 ignitis
608 3193 689 3249 soepe
700 3179 865 3248 pertentant
879 3176 944 3246 spi·
958 3173 1179 3287 c[gerebantur
1189 3189 1288 3246 opera,
1300 3176 1450 3247 sedplenu
1460 3177 1831 3260 ponderisatqnevirtutis,

106 3271 280 3341 culis(33);
303 3272 373 3325 sunt
396 3268 475 3323 enim
499 3268 587 3323 nobis
608 3268 745 3339 quaedum
769 3269 798 3323 et
822 3267 852 3320 in
871 3279 943 3336 pace
998 3277 1058 3324 non
1086 3263 1217 3318 nutantis
1236 3264 1337 3334 animi,
1364 3280 1420 3320 nec
1447 3265 1602 3323 titubuntis
1630 3265 1749 3338 affectu,
1777 3267 1861 3322 sed‘

106 3361 224 3435 praelia,
240 3363 269 3415 et
289 3360 320 3413 in
340 3358 420 3413 bello
442 3373 510 3428 pux.
535 3357 620 3412 Unde
636 3359 665 3412 et
686 3355 735 3411 ille
750 3355 808 3410 uit:
827 3377 838 3406 ι
856 3353 943 3409 Foris
998 3350 1128 3407 fundatae
1143 3351 1251 3407 mentis
1274 3352 1443 3409 stabilitate.
1461 3353 1541 3425 Ergo
1563 3355 1686 3426 sapiens
1701 3356 1833 3412 extendit

105 3467 231 3524 pugnes,
247 3449 327 3504 intus
342 3448 465 3503 timores
480 3446 522 3517 (Il
537 3446 605 3501 Cor.
618 3462 668 3515 vn,
687 3445 725 3516 5).
747 3465 758 3495 ι
776 3442 836 3499 Sed
850 3442 880 3498 in
895 3442 943 3497 his
998 3454 1192 3511 munussuuS,
1204 3441 1313 3498 stultus
1328 3444 1586 3517 autemcontruhit,
1601 3444 1831 3517 sieutscriptum
1879 3474 1883 3478 ·

108 3540 251 3598 omnibns
264 3553 443 3610 superamus
457 3539 578 3607 propter
601 3551 678 3605 eum,
695 3534 747 3606 qni
770 3533 873 3589 dilexit
887 3546 945 3587 nos
998 3532 1063 3586 est:
1082 3529 1181 3595 ‹Quiu
1198 3532 1306 3586 stultus
1325 3533 1499 3603 complexus
1522 3537 1569 3589 est
1582 3550 1688 3590 manus
1703 3549 1786 3604 suas,
1803 3536 1833 3589 et

106 3631 139 3702 (1
151 3630 236 3685 Ιιοιιι.
254 3644 316 3697 vui,
337 3626 393 3697 st).
419 3625 495 3680 Dicit
510 3625 579 3696 quia
600 3639 697 3696 neque
711 3622 873 3695 angustiis,
890 3635 944 3676 ne·
997 3619 1547 3695 voravitviscerasua(Eccles.1v,5),
1561 3646 1572 3672 a
1589 3623 1718 3679 carnellu
1733 3622 1831 3695 magis

108 3734 170 3792 que
183 3715 454 3790 persecutionibus,
470 3713 664 3786 nequeiame,
681 3712 825 3784 periculo,
851 3713 944 3766 morte
998 3708 1135 3781 cogitans
1151 3724 1239 3780 quam
1262 3708 1416 3779 spiritalis.
1439 3712 1477 3765 At
1495 3726 1555 3766 non
1578 3710 1637 3766 filiu
1659 3711 1746 3784 ludu,
1763 3727 1830 3784 quae

108 3811 240 3865 gen-010,
254 3807 321 3877 (34),
998 3797 1170 3868 expandens
1182 3813 1297 3869 munus,
1311 3798 1489 3855 clamavitad
1502 3800 1673 3856 Dominum:
1688 3821 1700 3850 ι
1713 3799 1830 3856 Tuscis

146 3897 193 3954 et.
206 3895 262 3962 Qui
279 3911 350 3950 vero
363 3894 428 3949 lraec
445 3894 537 3963 timet,
555 3893 605 3964 qui
621 3894 746 3948 mortem
760 3888 942 3946 reformidat.
999 3886 1184 3960 quialulsum
1195 3886 1395 3942 testimonium
1410 3888 1557 3945 adversus
1568 3904 1615 3944 me
1631 3889 1732 3945 dicunt
1743 3887 1830 3958 (Dan.

109 3986 262 4061 quomodo
273 4000 332 4040 non
344 3984 475 4039 servus?
489 3982 588 4037 Servit
603 3980 747 4053 proiecto,
759 3982 787 4034 et
804 3978 943 4033 miserum
998 3991 1061 4046 ιιιιι,
1078 3975 1134 4047 43).
1159 3974 1266 4032 Melius
1284 3977 1331 4032 est
1345 3976 1485 4033 arbitrata
1504 3994 1564 4033 non
1581 3993 1717 4049 peccare,
1734 3978 1788 4034 sed
1803 3980 1832 4031 et

110 4077 232 4150 quidem
261 4075 454 4138 servitutem
478 4072 551 4126 nibil
580 4071 658 4127 enim
681 4070 726 4125 sic
752 4067 879 4123 animam
908 4063 944 4118 ud
999 4064 1130 4119 incidere
1145 4063 1176 4119 in
1192 4063 1355 4120 calumnias
1378 4068 1594 4137 accusantium,
1621 4081 1830 4138 quampccca-

110 4181 230 4223 omnem
246 4165 418 4219 servitutem
433 4161 544 4233 dejicit,
562 4160 708 4232 quomodo
725 4156 852 4214 formido
867 4169 945 4209 mor·
998 4155 1061 4209 tum
1071 4153 1172 4208 subire
1183 4152 1430 4224 subimpunitutis
1440 4155 1596 4212 velamine.
1610 4155 1652 4210 Ea
1669 4170 1742 4228 ergo
1758 4169 1832 4209 con-

109 4256 162 4311 tis.
191 4253 345 4319 Quomodo
375 4252 453 4306 enim
482 4267 515 4306 se
542 4252 637 4321 erigat
665 4248 793 4320 abjectis
819 4248 847 4301 et
875 4242 945 4298 vilis
999 4242 1377 4313 temptumortisservavit
1397 4244 1604 4299 innocentiam.
1630 4243 1688 4298 Sed
1702 4258 1757 4298 nec
1772 4241 1832 4295 tiliu

111 4360 224 4400 sensus
240 4345 326 4414 atque
342 4340 495 4414 ignobilis,
513 4341 669 4395 demersus
684 4339 715 4393 in
731 4350 846 4393 omnem
861 4333 945 4388 intir-
1000 4331 1115 4402 lephle,
1128 4347 1194 4402 quae
1206 4334 1305 4386 votum
1316 4333 1409 4402 patris
1425 4333 1461 4386 de
1476 4331 1674 4387 immolatione
1692 4345 1744 4384 sna
1760 4344 1832 4399 pro·

112 4430 480 4503 mitatisvoruginemvitae
491 4424 945 4501 hujuscupiditutetvidequum
999 4421 1074 4491 prio·
1088 4421 1175 4491 atque
1196 4419 1358 4475 hortatorio
1382 4420 1508 4474 firmavit
1521 4433 1649 4475 assensu
1665 4417 1772 4487 (dedic.
1790 4433 1830 4487 ιι,

111 4537 242 4579 servus:
261 4543 272 4567 ι
290 4519 480 4575 Αιιεοοιιιιιιιιι
496 4534 552 4588 me,
569 4517 697 4590 inquit»
714 4518 742 4571 et
752 4530 803 4570 ero
820 4526 944 4586 gemens
999 4507 1055 4578 36),

112 4615 142 4668 οι
158 4614 291 4666 tremens
306 4623 398 4678 super
414 4610 543 4676 terrum3
560 4610 587 4662 et
603 4607 668 4676 erit,
685 4604 784 4661 omnis
799 4603 849 4675 qui
863 4574 988 4657 inve-ll
1036 4596 1081 4653 30.
1097 4597 1164 4652 Non
1179 4597 1257 4652 enim
1281 4613 1337 4669 ogo
1360 4597 1395 4651 de
1419 4598 1587 4667 contemptu
1610 4597 1714 4651 mortis
1738 4595 1833 4650 libros

112 4700 189 4755 norit
204 4714 262 4768 me,
278 4698 393 4754 cecidet
409 4712 455 4751 me
471 4695 558 4765 (Gen.
575 4713 614 4766 iv,
632 4694 686 4764 lt).
706 4714 720 4743 ι
736 4695 838 4765 ltaque
859 4691 946 4764 quasi
1001 4686 1246 4760 philosophorum
1257 4684 1833 4757 depromo,autgymnosopbistuelndo·

112 4801 222 4844 servus
233 4786 354 4859 signum
364 4784 487 4855 accepit,
498 4800 552 4839 nec
564 4784 609 4838 sic
625 4786 722 4838 tamen
739 4796 843 4837 necem
854 4779 948 4851 potuit
1002 4791 1077 4847 rum,
1095 4790 1219 4848 quorum
1234 4789 1296 4846 pree
1312 4774 1429 4829 caeteris
1446 4774 1547 4829 (tulum
1559 4774 1696 4830 luudatur
1711 4789 1835 4846 respon·

148 4928 208 5001 (00)
219 4929 283 4983 Hoc
298 4927 456 4998 Sophoclei
470 4942 578 4982 versus
590 4925 758 4997 exemplum
774 4939 812 4979 ex
824 4922 947 4978 Philone
1005 4920 1183 4989 scriptorum
1205 4917 1335 4972 emnium
1363 4916 1614 4989 antiquissimum,
1638 4919 1837 4990 posteriorem

113 5019 180 5058 cum
197 5001 264 5055 uliis
280 5000 415 5070 plurimis
439 5002 589 5052 mutuatus
610 4997 727 5052 videtur
747 4994 946 5060 ambrosius3
1004 4991 1085 5056 dicit,
1103 4993 1133 5044 ut
1148 4989 1231 5043 illum
1244 5003 1283 5043 ex
1296 4988 1352 5043 hoc
1367 4989 1521 5060 accepisse
1537 4991 1683 5046 ostendat.

112 5078 142 5128 at
155 5073 233 5127 inter
249 5074 404 5142 utrumque
421 5070 491 5125 illud
507 5070 636 5128 occurrit
659 5066 851 5135 discriminis,
868 5065 948 5137 quod
1038 5061 1082 5131 (31
1112 5060 1200 5114 Peuci
1214 5075 1299 5128 mss,
1311 5080 1322 5109 ι
1336 5061 1607 5142 quantusapientiae
1622 5062 1803 5134 adjumenta.
1822 5081 1833 5108 ι

114 5144 240 5201 ludaeos
256 5142 305 5196 ille
320 5142 444 5212 prolana
470 5140 605 5209 exemplu
629 5155 700 5211 puro
726 5140 947 5206 commemoret,
1040 5133 1084 5200 (00
1111 5131 1324 5203 Strutugemalu
1349 5131 1491 5204 intellige,
1508 5149 1576 5205 quae
1599 5132 1676 5189 inrtu
1697 5132 1766 5188 belli
1781 5145 1836 5185 vo·

113 5230 204 5288 quum
219 5228 325 5282 secru3
341 5217 369 5267 et
383 5213 485 5266 eadem
501 5212 550 5266 illu
565 5215 701 5283 tunquam
717 5209 753 5263 ad
768 5223 869 5263 veram
886 5208 949 5260 vir·
1005 5202 1222 5272 citat,imitutns
1237 5201 1410 5257 Sallustium
1423 5208 1510 5275 atque
1530 5204 1686 5276 Virgilium
1700 5201 1836 5275 pluribus

114 5290 207 5342 tutem
219 5285 394 5355 pertinentis
413 5283 608 5352 luudetutque
625 5281 800 5352 amplilleet:
818 5279 949 5333 rtmbro-
1004 5275 1090 5332 locis.

114 5358 182 5412 sius
193 5362 288 5411 eutem
302 5371 368 5410 cum
380 5356 408 5408 in
418 5353 723 5424 proianiereiercndis
733 5351 822 5406 multo
852 5351 950 5405 arcior
1040 5345 1098 5416 (83)
1113 5343 1202 5399 Pauci
1217 5359 1303 5413 mss,
1322 5366 1334 5395 ι
1351 5360 1470 5417 semper
1484 5348 1596 5402 tentant
1611 5344 1745 5417 spiculis.
1770 5361 1781 5390 ι
1807 5372 1811 5378 ·

114 5430 165 5497 sit,
176 5431 238 5483 tum
250 5426 394 5482 etiumillu
413 5440 532 5495 semper
551 5425 704 5494 deprimat,
721 5427 753 5477 ut
768 5424 812 5477 eis
828 5367 949 5476 fudeeo-
1042 5417 1099 5489 (34)
1116 5415 1204 5498 lidit,
1232 5436 1244 5465 ι
1261 5416 1343 5499 dicit¹
1355 5418 1423 5487 quia
1438 5418 1548 5489 (Rom,
1575 5418 1632 5472 hoc
1646 5417 1726 5487 quin)
1741 5426 1839 5484 neque

114 5516 181 5556 rum
210 5501 260 5553 out
289 5497 523 5553 Christianorum
548 5495 623 5549 luctu
645 5496 759 5549 dictave
782 5495 949 5563 anteponat.
1006 5491 1156 5561 angustus
1171 5502 1267 5558 neque
1283 5488 1449 5556 periculo...
1467 5489 1569 5544 mortis
1587 5511 1597 5534 n
1615 5501 1689 5540 mss.
1705 5497 1840 5538 verono-

116 5571 159 5626 lta
174 5569 312 5625 hocloco
337 5568 525 5639 Sophoclem,
549 5582 637 5636 quem
660 5564 825 5637 olympiade
840 5566 952 5618 tantum
1006 5559 1124 5616 hiscum
1139 5558 1250 5613 iaciunt
1265 5563 1388 5630 excepto
1405 5560 1511 5632 Bog'er,
1528 5559 1578 5631 qui
1592 5553 1840 5629 suitmgaturedi·

115 5643 153 5698 00
167 5641 284 5697 vixisse
300 5642 426 5711 constat,
442 5637 610 5706 beatoiob,
629 5652 717 5711 quem
734 5635 817 5692 molti
828 5636 953 5691 censent
1007 5630 1150 5689 tionibus.
