3900 6128
107 291 176 394 ree
663 279 666 285 ·
811 286 867 355 oe
889 286 986 362 rien
1007 289 1143 354 nmv.
1782 285 1847 355 rna

113 492 185 548 rim:
205 491 262 548 sed
271 491 378 549 Filium
392 496 475 549 tuum
489 495 634 550 minorem
657 510 716 550 non
725 493 822 549 ausim
837 494 947 549 dicero.
964 483 989 545 Α
1008 492 1064 561 ll).
1078 515 1089 540 ιι
1104 491 1184 565 Ergo
1192 491 1479 564 signumdivinitatis
1487 492 1589 549 videre
1598 508 1656 550 non
1665 508 1839 565 possumus,

108 581 183 635 Nam
199 597 269 636 oum
285 583 367 638 illum
384 583 573 654 splendorem
598 584 712 656 gloriae,
730 589 758 639 et
788 584 949 656 imaginem
1007 598 1177 636 mensuram
1194 582 1447 654 quaerimusiVae
1463 583 1665 654 miseremihi,
1676 583 1763 654 impie
1779 582 1840 637 dis-

108 669 290 726 substantiae
305 675 362 727 tuae
380 672 503 744 legerim
534 672 641 741 (Habr.
671 690 689 741 ι,
707 672 753 742 3),
781 687 889 726 uereor
913 686 950 724 ne
1009 673 1108 726 outare
1138 671 1396 742 audcmus,quem
1425 672 1636 745 dignerogere
1664 671 1840 743 nonpossi-

109 760 260 814 minorem
276 760 434 833 imaginem
450 765 508 817 luae
517 763 642 817 dicendo
654 762 840 825 substantiae,
853 761 949 815 mino·
1007 776 1073 815 mus
1084 761 1115 815 l·

109 864 172 904 rem
191 849 391 904 substantiam
410 853 489 904 tuam
507 851 605 906 dicere
617 851 729 915 videar,
746 850 834 922 cujus
851 850 949 921 imago
1041 848 1103 919 233,
1121 848 1254 904 Viderint
1268 849 1431 920 tamen(60)
1448 849 1518 922 quid
1530 849 1637 905 iaciant
1652 849 1770 906 Ariani:
1783 866 1840 924 ego

110 938 147 993 sit
162 937 271 1006 Filius,
290 955 357 994 cum
372 940 523 1009 plenitudo
541 943 597 994 tuae
614 940 775 994 divinitatis
806 939 902 993 omnis
919 939 950 992 in
1006 940 1043 1008 te,
1061 938 1156 1007 Pater,
1176 939 1201 993 si
1226 939 1370 1011 majorem
1393 940 1531 994 omnihus
1554 940 1668 1011 dixero,
1694 939 1841 1011 injuriose

109 1025 185 1082 Filio
203 1027 251 1082 sit.
269 1028 448 1084 Immensum
470 1033 497 1083 te
520 1027 685 1100 Filiumque
708 1031 833 1083 tuomet
855 1027 949 1098 Spiri-
1005 1029 1033 1082 te
1049 1027 1107 1081 tuis
1120 1028 1260 1098 operibus
1286 1030 1473 1100 comparavi:
1491 1029 1517 1084 si
1540 1028 1683 1100 maiorem
1707 1027 1793 1098 Filio,
1809 1032 1842 1083 ut

108 1119 334 1188 tumsanetum,
364 1118 664 1189 incircumscriptum,
693 1117 947 1185 inaestimabilem,
1005 1115 1095 1170 Arius
1111 1117 1230 1186 asserit,
1246 1118 1336 1188 impie
1349 1117 1492 1190 judicavi.
1511 1118 1552 1172 De
1568 1121 1595 1172 te
1623 1118 1705 1189 prior
1720 1117 1776 1173 erit
1790 1119 1841 1173 ille

111 1205 341 1261 inenarrabilem
363 1206 423 1280 legi
450 1207 631 1278 frequenter,
657 1207 746 1262 credo
762 1207 898 1261 libenter.
914 1205 950 1260 Et
1006 1206 1161 1275 sententia,
1180 1222 1247 1260 nam
1263 1224 1360 1279 neque
1376 1207 1434 1262 ulla
1449 1208 1513 1262 fieri
1529 1210 1627 1278 potest
1642 1207 1701 1262 nisi
1716 1221 1842 1262 excom·

111 1295 176 1350 ideo
193 1296 342 1351 aestimare
358 1311 416 1350 non
431 1312 564 1366 possum,
583 1300 613 1351 ut
637 1295 805 1351 examinare
821 1294 947 1366 possim.
1004 1295 1155 1365 paratione
1171 1296 1315 1366 praelati0,
1332 1312 1428 1368 neque
1444 1297 1578 1368 praeferri
1593 1296 1763 1368 quisquam,
1780 1296 1840 1351 nisi

146 1385 210 1440 229.
222 1383 294 1439 Esto
306 1388 413 1453 tamen,
431 1386 536 1456 spiritu
552 1401 686 1457 ausuque
711 1385 868 1439 temerario
883 1400 947 1438 me·
1005 1383 1042 1438 de
1057 1399 1115 1454 que
1131 1385 1217 1454 prius
1233 1384 1323 1440 fuerit
1333 1385 1508 1457 judicatum.

112 1473 162 1529 tiri
177 1476 206 1528 te
221 1474 329 1544 velim3
346 1474 434 1543 unde,
451 1491 564 1546 quaeso,
582 1479 610 1530 te
625 1475 751 1529 metiari
772 1473 949 1528 Feniculum
1040 1472 1102 1527 eal.
1113 1472 1219 1528 iurare
1230 1474 1317 1529 nobis
1334 1490 1388 1546 per
1404 1476 1512 1531 coelum
1522 1491 1581 1531 non
1595 1475 1665 1529 licet
1679 1473 1799 1546 (attacti.
1810 1491 1840 1544 v,

115 1563 363 1637 agrimensorium
372 1564 446 1618 vidit
462 1564 604 1634 propheta
629 1564 754 1635 (Enoria.
769 1580 817 1631 xn,
834 1562 872 1631 3),
890 1578 949 1633 quo
1005 1560 1061 1631 ut),
1074 1561 1211 1633 judicare
1222 1562 1258 1618 de
1275 1564 1336 1619 Deo
1366 1563 1421 1634 (dl)
1445 1565 1529 1619 licet:
1547 1564 1601 1619 sed
1617 1563 1692 1618 Filio
1717 1567 1767 1619 luo
1782 1563 1841 1619 soli

113 1652 289 1708 metiebatur
303 1653 430 1725 angelus
446 1652 622 1707 ierusalem.
651 1652 825 1707 Metiebntur
852 1656 949 1705 tamen
1002 1649 1150 1723 judicium
1164 1652 1200 1705 de
1216 1652 1354 1707 omnibus
1371 1653 1512 1708 detulisti.

110 1741 249 1814 angelus,
268 1758 326 1797 non
343 1743 450 1797 Arius:
478 1742 654 1797 metiebatur
682 1741 859 1804 ierusalem,
891 1756 949 1795 non
1041 1740 1103 1794 235.
1115 1740 1246 1795 loannes
1257 1743 1502 1797 carnemDomini
1517 1740 1666 1813 baptizare
1682 1742 1840 1814 metuebat,

113 1830 217 1885 Deum.
236 1829 271 1884 Et
301 1829 499 1886 lortassenec
530 1831 697 1886 ierusalem
712 1831 808 1886 metiri
838 1833 951 1901 poteret
967 1828 1456 1927 Bloannesprohihebatdieens:
1476 1831 1843 1905 «Egoetedebeobep-

110 1919 258 1992 engelus3
274 1920 321 1973 vir
335 1921 413 1975 enim
428 1923 499 1975 eret.
517 1920 651 1992 Denique
671 1920 716 1975 sie
733 1919 846 1974 habes:
881 1940 891 1968 ιι
911 1917 948 1972 Et
1005 1919 1098 1987 linari,
1115 1920 1144 1973 et
1159 1922 1191 1973 tu
1203 1920 1291 1974 venis
1307 1919 1344 1974 ad
1359 1936 1405 1975 me
1421 1920 1541 1988 (Metili.
1554 1938 1596 1991 ιιι,
1624 1919 1691 1992 lut
1708 1945 1719 1970 ι
1739 1925 1768 1977 et
1782 1936 1840 1994 ego

112 2009 242 2064 allevavi
260 2009 392 2079 occuloS,
409 2013 437 2064 et
457 2010 534 2064 vidi:
559 2009 744 2078 stanneum,
764 2012 793 2064 et
817 2010 847 2063 in
863 2023 951 2062 manu
1005 2006 1157 2062 Christum
1170 2007 1285 2080 judicio
1299 2024 1365 2064 meo
1381 2009 1531 2065 subdam?

113 2097 181 2169 ejus
198 2097 351 2153 funiculus
367 2098 603 2170 agrimensorius
628 2097 741 2167 (inid).
770 2121 781 2146 ι
809 2096 861 2151 Vir
877 2098 949 2168 erat,
1040 2095 1102 2151 ⁶235.
1120 2096 1243 2169 Moyses
1254 2096 1442 2168 excusatldt)
1453 2099 1663 2168 sacerdotium,
1675 2099 1844 2155 Petrusim·
1879 2172 1880 2176 ἵ

114 2188 181 2259 quia
196 2189 287 2258 typus
303 2187 485 2258 suscipiendi
502 2186 639 2257 corporis
668 2186 881 2241 declarabatur.
899 2187 952 2241 Vir
1005 2189 1139 2257 peratum
1157 2185 1187 2239 in
1203 2186 1369 2240 ministerio
1385 2187 1513 2241 declinat
1528 2187 1724 2259 obsequium:
1750 2189 1841 2244 erius

109 2278 168 2331 erat
184 2275 248 2344 ille,
266 2275 302 2331 de
320 2292 377 2348 quo
393 2280 440 2331 est
455 2277 596 2349 dignum:
616 2297 627 2324 ι
645 2278 718 2331 Post
734 2292 779 2330 me
795 2275 876 2330 uenit
893 2276 948 2347 vir,
1005 2276 1156 2330 serutatur
1170 2275 1258 2329 etiam
1273 2275 1330 2328 alta
1346 2274 1423 2329 Dei?
1437 2275 1495 2331 Sed
1518 2292 1577 2331 non
1594 2276 1683 2331 Arius
1712 2275 1840 2349 Spiritus

112 2363 198 2437 cujus
214 2381 274 2421 non
289 2381 356 2420 sum
374 2365 484 2438 dignus
500 2366 618 2421 solvere
641 2366 800 2437 corrigiam
829 2365 945 2419 calcea·
1005 2366 1145 2419 sanctus:
1162 2364 1216 2419 sed
1232 2363 1302 2418 Ario
1318 2364 1346 2418 et
1361 2364 1531 2420 hominibus
1547 2365 1739 2421 dictumest:
1758 2388 1770 2415 ι
1791 2366 1841 2422 ΑΙ-

109 2453 195 2510 menti
212 2452 285 2526 ejus
301 2454 396 2525 (dean.
417 2472 436 2524 1,
456 2453 512 2525 Ἠ).
537 2477 548 2502 ιι
568 2454 646 2526 Ergo
673 2453 810 2509 Christus
836 2454 865 2509 in
880 2457 949 2525 typo
1004 2453 1079 2508 tiore
1096 2456 1123 2507 te
1139 2468 1175 2507 ne
1191 2453 1349 2524 quaesieris
1365 2453 1472 2521 (Ennii.
1490 2471 1530 2525 ιιι,
1547 2453 1603 2518 ⁶32).
1622 2477 1632 2503 ι

110 2542 280 2599 ierusalem
297 2544 425 2612 metitur,
444 2542 533 2598 Arius
550 2544 643 2598 Deum
659 2543 725 2613 (58).
1040 2540 1102 2597 ῦ236.
1120 2541 1242 2613 Moyses
1266 2541 1379 2597 vultum
1403 2542 1519 2598 Domini
1543 2543 1718 2614 prohibetur
1739 2543 1841 2601 videre

148 2632 209 2687 280.
221 2632 257 2687 Et
267 2632 391 2688 Satanas
406 2633 599 2704 transfigurat
614 2649 648 2687 ee
664 2633 695 2686 in
718 2632 856 2705 angelum
873 2631 949 2686 lucis
1006 2630 1114 2702 (Exod.
1125 2648 1231 2700 ιιιιιιιιι,
1250 2630 1313 2702 atu:
1331 2631 1421 2687 Arius
1436 2633 1543 2687 meruit
1556 2632 1657 2688 videre
1679 2637 1838 2690 secretum.

115 2721 151 2792 (ll
162 2721 232 2777 Gor.
246 2740 288 2791 xi,
306 2721 369 2792 ll)3
385 2722 456 2793 quid
470 2722 577 2776 mirum
592 2723 619 2776 si
635 2721 725 2776 Arius
750 2737 838 2776 suum
853 2721 949 2775 imila—
1005 2721 1126 2792 Moyses
1143 2723 1171 2776 et
1187 2721 1285 2776 Aaron
1300 2721 1329 2774 in
1345 2721 1552 2777 sacerdotibus
1568 2721 1646 2793 ejus,
1658 2723 1779 2795 Moyses
1790 2724 1841 2795 qui

120 2813 159 2866 lur
171 2814 335 2882 auctorem,
352 2814 383 2866 ut
399 2814 522 2882 usurpet
538 2810 662 2865 illicita?
692 2809 775 2864 Licet
802 2811 949 2882 quodpa-
1006 2826 1074 2866 eum
1089 2811 1392 2882 Dominoepparetin
1408 2810 1523 2883 glorie3
1550 2810 1670 2883 Moyses
1685 2828 1759 2885 erge
1789 2812 1845 2879 ille,

117 2901 247 2957 lersuus
263 2901 401 2956 diabolus
416 2900 678 2971 persemetipsum
693 2915 752 2955 non
769 2899 848 2970 lecit,
874 2901 948 2956 into·
1004 2900 1384 2971 posterioretanlummodo
1414 2900 1466 2955 Dei
1480 2901 1511 2955 in
1539 2901 1716 2973 typovidit:
1746 2901 1838 2958 Arius

120 2982 279 3046 lembiliore
308 2982 383 3046 594
411 2991 467 3046 iste
500 2989 660 3061 sacrilegio
695 2989 863 3044 divinorum
892 2990 938 3044 sib
1004 2991 1097 3045 totum
1114 2990 1207 3044 Deum
1222 2989 1297 3044 facie
1312 2989 1348 3043 ad
1364 2989 1470 3044 faciem
1495 2990 1727 3061 comprehendit.
1748 3013 1759 3040 ι
1779 2990 1839 3047 Sed

123 3079 264 3135 erientiam
293 3083 488 3150 secretorum,
519 3083 548 3134 et
576 3094 715 3149 supernae
745 3078 948 3151 generationis
1004 3094 1102 3150 nemo,
1119 3079 1223 3151 inquit,
1240 3078 1575 3150 viderepotestleciom
1590 3096 1694 3152 meam,
1713 3082 1742 3136 et
1765 3081 1839 3136 vivit

123 3183 213 3224 urana
229 3172 401 3240 presumat;
418 3168 554 3224 diabolus
569 3168 759 3223 enimverum
774 3167 827 3222 Dei
839 3167 944 3223 Filium
1003 3168 1112 3239 (Exed.
1130 3185 1234 3238 xxxin,
1252 3167 1308 3240 20).
1328 3191 1338 3217 ιι
1803 3233 1804 3236 ¹

124 3254 263 3329 tuebatur,
279 3259 370 3314 Arius
386 3261 484 3331 negat.
963 3220 990 3291 0
1039 3257 1101 3313 23'1.
1132 3256 1243 3313 Paulus
1267 3258 1354 3312 etiam
1369 3258 1405 3312 de
1432 3257 1626 3314 interioribus
1643 3257 1733 3314 dicit:
1765 3258 1839 3314 «Ex

150 3347 206 3404 231.
219 3346 776 3421 Siergomelirile‚omnipotensPater‚
786 3362 947 3418 nonquaeo,
1003 3351 1085 3419 parte
1100 3347 1313 3419 cognoscimus
1328 3350 1360 3402 ut
1374 3363 1412 3403 ex
1426 3351 1508 3419 parte
1524 3348 1610 3403 etiam
1626 3348 1837 3420 prophetemus

124 3449 269 3506 possumne
280 3438 346 3493 sine
364 3437 523 3510 sacrilegio
539 3436 575 3492 de
599 3440 658 3492 ture
673 3436 876 3510 generationis
900 3436 944 3491 di·
1002 3435 1033 3508 (I
1042 3436 1110 3492 Gor.
1122 3454 1184 3507 xnr,
1196 3435 1234 3507 9).
1250 3461 1261 3485 ιι
1278 3437 1368 3492 Arius
1383 3437 1469 3493 dicit:
1487 3437 1531 3493 Ex
1541 3440 1601 3493 toto
1610 3438 1713 3503 Deum,
1730 3452 1789 3493 non
1799 3453 1844 3505 cx,

125 3531 224 3595 epulare
242 3528 384 3583 secreto?
412 3527 581 3582 Possumne
597 3525 696 3580 dicere
721 3524 800 3597 quod
830 3524 943 3596 aliquid
1001 3528 1084 3597 parte
1100 3525 1238 3599 cognovi.
1255 3526 1381 3582 Inferior
1396 3542 1469 3600 ergo
1485 3527 1605 3598 Paulus,
1622 3543 1709 3599 quam
1725 3526 1836 3599 Arius3

125 3610 218 3673 intorte
228 3620 258 3673 et
269 3616 375 3671 Filium
390 3619 471 3672 tuum
485 3616 553 3686 plus
568 3615 705 3670 minusve
722 3615 782 3686 sit3
799 3615 944 3685 cumipse
1001 3617 1029 3669 et
1038 3631 1092 3669 ves
1104 3614 1258 3670 electionis
1267 3630 1305 3670 ex
1318 3618 1399 3686 parte
1411 3617 1477 3687 scit,
1494 3633 1548 3672 vas
1558 3617 1733 3688 perditionis
1743 3619 1836 3672 totum

126 3707 208 3774 quiex
222 3710 251 3763 te
268 3709 425 3776 natusest,
442 3706 566 3760 dixerit:
584 3704 687 3759 Omnia
703 3719 770 3775 quae
786 3704 874 3758 Pater
894 3703 945 3757 lin·
1001 3702 1074 3758 scil:
1091 3702 1170 3774 Seio,
1186 3703 1292 3774 inquit,
1309 3704 1469 3775 hominem,
1487 3705 1551 3760 sive
1568 3705 1596 3760 in
1614 3721 1748 3776 corpore,
1761 3698 1835 3762 595

125 3788 159 3848 te
170 3811 233 3850 mee
249 3800 320 3851 sunt
346 3795 442 3860 (doen.
467 3812 527 3865 xvi,
546 3794 613 3864 13)‘?
638 3816 648 3842 ι
674 3792 746 3858 Quis
763 3809 809 3848 me
831 3793 944 3848 eonsti—
1000 3791 1065 3847 sive
1082 3794 1165 3847 extra
1181 3808 1289 3864 corpus
1305 3793 1418 3863 nescio,
1435 3794 1515 3848 Deus
1532 3795 1598 3862 scit,
1615 3795 1753 3866 quoniam
1765 3810 1835 3866 rap-

124 3881 527 3956 tuiljudioemautdivisorem
540 3883 679 3938 derebus
702 3883 862 3937 humanis?
879 3882 943 3938 Hoc
999 3883 1048 3935 tus
1064 3884 1110 3935 est
1124 3881 1153 3935 in
1169 3882 1349 3952 paradisum,
1367 3885 1395 3937 et
1424 3883 1535 3939 audivit
1558 3883 1651 3938 verba
1674 3882 1834 3939 ineffabilia

124 3966 197 4029 lilius
213 3974 295 4044 dicit,
312 3977 340 4028 et
355 3990 411 4028 nos
427 3973 504 4028 inter
520 3973 635 4027 Patrem
651 3976 680 4027 et
694 3970 801 4026 Filium
817 3972 943 4026 divisio·
998 3968 1043 4042 (II
1057 3969 1186 4038 Commi,
1202 3971 1229 4040 3,
1246 3970 1284 4040 l).
1301 3971 1412 4027 Paulus
1428 3977 1529 4042 raptus
1544 3988 1640 4044 usque
1655 3973 1691 4027 ad
1716 3973 1834 4028 tertium

125 4073 173 4117 uem
188 4063 277 4119 nohis
293 4064 322 4118 et
335 4062 481 4135 judicium
505 4062 715 4116 vindicamus?
740 4062 821 4116 Bona
847 4062 941 4131 pietas
999 4060 1116 4128 eoelum,
1134 4075 1167 4114 se
1183 4059 1280 4129 ipsum
1296 4061 1440 4116 nescivit:
1459 4061 1548 4115 Arius
1564 4062 1594 4115 in
1603 4065 1735 4117 stercore
1750 4062 1833 4117 volu-

121 4150 230 4208 trhitros
246 4152 357 4224 refugit
373 4152 459 4206 eliam
476 4153 506 4205 in
522 4151 669 4206 divisione
679 4150 858 4221 patrimonii.
878 4151 941 4205 Nos
996 4150 1075 4203 latus
1090 4149 1183 4204 Deum
1198 4149 1295 4204 scivit.
1312 4150 1422 4206 Paulus
1438 4151 1509 4206 dicit
1525 4150 1560 4206 de
1572 4167 1605 4206 se
1621 4152 1707 4222 ipse:
1726 4173 1737 4198 ιι
1751 4151 1831 4206 Deus

120 4251 176 4312 ergo
189 4242 304 4297 erimus
320 4241 432 4309 arbitri,
450 4243 480 4294 ut
496 4240 572 4294 inter
587 4244 615 4295 te
631 4243 660 4294 et
675 4239 780 4293 Filium
798 4242 878 4293 tuum
895 4239 941 4293 in·
997 4239 1062 4303 soil,
1083 4261 1093 4285 ι
1112 4238 1202 4292 Arius
1217 4239 1253 4293 dc
1270 4239 1331 4294 Deo
1346 4240 1433 4294 dicit:
1452 4240 1515 4312 Ego
1531 4241 1611 4294 novi.

65 4286 73 4387 l
120 4334 209 4386 mata
224 4329 413 4401 majestatem
431 4328 607 4384 substantiae
622 4329 679 4399 (59)
695 4328 887 4382 dividamus?
1031 4325 1092 4382 238.
1110 4326 1168 4382 Sed
1195 4343 1254 4382 non
1284 4330 1370 4383 Aries
1399 4333 1501 4400 raptus
1530 4331 1560 4384 in
1582 4331 1699 4399 coelum,
1729 4345 1830 4400 quam·

65 4402 69 4443 '
143 4417 224 4476 232«
246 4419 413 4486 Generatio,
434 4419 539 4490 inquit,
561 4419 626 4473 haec
643 4418 795 4490 generatio
813 4433 940 4489 nequam
994 4416 1041 4470 uis
1075 4432 1143 4471 eum
1176 4419 1298 4472 secutus
1337 4419 1375 4472 sil
1404 4419 1455 4488 qui
1480 4417 1640 4489 jectalione
1670 4418 1830 4473 damnabili

117 4509 602 4582 est:signumquaerit,ctsignum
623 4523 681 4562 non
692 4506 809 4562 dabitur
828 4507 865 4575 ei,
881 4507 940 4561 nisi
995 4504 1094 4560 divina
1124 4509 1328 4577 praesumeret,
1359 4506 1482 4560 dicens:
1510 4529 1521 4553 ιι
1555 4507 1662 4562 Ponam
1689 4505 1840 4573 thronum

117 4596 325 4669 signumlonae
356 4597 508 4669 prophatae
533 4598 614 4667 (Luc.
644 4594 785 4666 arum.»
813 4586 1091 4668 SignumDmeum
1116 4610 1208 4665 super
1227 4595 1333 4662 nubes,
1356 4597 1384 4648 et
1401 4610 1452 4649 ero
1473 4595 1579 4649 similis
1595 4594 1741 4650 altissimo
1756 4595 1826 4665 (Isa.

116 4685 203 4759 ulique
234 4687 321 4742 datur
350 4702 409 4741 non
438 4686 611 4754 divinitatis,
630 4685 683 4741 sed
714 4685 936 4741 incarnationis,
992 4700 1053 4750 xiv,
1071 4683 1125 4754 ll),
1144 4707 1155 4732 ιι
1173 4683 1342 4738 sicutenim
1358 4682 1406 4736 ille
1422 4682 1514 4738 dixit:
1533 4704 1544 4733 ι
1563 4684 1620 4738 Ero
1637 4684 1743 4739 similis
1775 4685 1827 4740 ΑΙ-

116 4769 235 4848 Ilenique
252 4776 288 4832 de
305 4776 506 4831 incarnatione
522 4776 657 4830 dicturus
682 4775 739 4829 ait:
761 4797 772 4822 ι
797 4775 868 4830 Pete
884 4775 935 4829 tibi
993 4772 1130 4827 lissima:
1161 4773 1250 4826 sicet
1279 4770 1368 4825 Arius
1384 4770 1561 4827 altissimum
1589 4773 1640 4827 Dei
1657 4772 1764 4829 Filium
1779 4777 1827 4831 sui

115 4862 304 4937 tignumUsa.
317 4882 367 4933 vn,
381 4863 435 4934 ll).
451 4889 461 4912 ιι
481 4865 516 4920 Et
532 4880 598 4919 cum
615 4864 663 4919 ille
684 4864 825 4919 dixisset:
845 4886 856 4910 ι
870 4864 937 4918 Νοιι
992 4861 1119 4917 similem
1134 4861 1196 4915 vult
1211 4860 1324 4915 videri:
1343 4875 1430 4930 quem
1445 4877 1504 4916 non
1520 4862 1549 4916 in
1566 4863 1730 4918 divinitatis
1741 4868 1826 4921 eeter-

113 4956 209 5024 utem,
219 4954 445 5027 nequetentabo
458 4953 710 5021 Dominumllbid.
722 4951 778 5022 1⁶2),
794 4975 804 5001 ιι
817 4968 937 5023 respon·
989 4966 1037 5006 nae
1053 4949 1391 5022 maJestnteveneretun
1407 4950 1461 5005 sed
1477 4966 1514 5006 ex
1543 4952 1642 5008 carnis
1658 4953 1825 5011 infirmitate

114 5054 171 5099 tum
193 5047 256 5100 est:
291 5067 302 5091 ι
330 5042 407 5098 Ecce
433 5043 519 5114 virgo
545 5043 575 5096 in
598 5046 681 5097 utero
697 5042 822 5113 accipiet
846 5040 935 5111 (ibid.
989 5040 1117 5097 metitur.

140 5184 192 5254 (58)
216 5185 281 5241 Vct.
315 5184 477 5250 edit.,Non
506 5184 601 5239 Arius
624 5184 734 5249 Deum,·
766 5184 936 5239 Romnum
988 5183 1072 5255 prius
1089 5182 1257 5252 eritnetc.

110 5269 176 5313 nes.
191 5257 303 5328 aliquot
319 5255 440 5311 sustulit
455 5256 652 5337 negationem,
683 5256 806 5326 quodet
835 5256 935 5326 sequi·
1024 5253 1289 5323 (dl)0mnesedit.,
1311 5276 1321 5300 ιι
1344 5252 1479 5324 judicare
1500 5256 1536 5312 de
1547 5257 1597 5312 Dei
1618 5258 1728 5327 Filia„
1746 5272 1821 5313 mss.
1933 5276 1943 5293 ·

108 5342 177 5384 mur.
190 5327 332 5384 Nonnulli
348 5331 444 5382 tumen
459 5326 506 5380 alii
523 5344 597 5382 mss.
609 5329 797 5399 negationem
814 5325 933 5393 habent,
989 5330 1091 5381 contra
1107 5341 1197 5396 prope
1212 5325 1248 5378 ad
1264 5341 1364 5394 uuum,
1385 5349 1395 5374 ι
1411 5327 1546 5398 judicare
1563 5330 1598 5384 de
1615 5330 1686 5384 Deo.
1707 5351 1717 5377 ι

108 5399 157 5455 scd
183 5416 288 5456 vocem
318 5399 410 5453 Deum
443 5415 502 5454 non
530 5403 713 5472 agnoscunt,
750 5398 829 5452 haud
858 5398 934 5453 malo
1024 5397 1081 5466 (62)
1092 5397 1155 5451 Vel.
1169 5397 1249 5463 edil..
1265 5420 1275 5444 ιι
1297 5396 1416 5469 Moyses
1444 5404 1578 5469 excusat,
1598 5425 1608 5448 ιι
1638 5401 1722 5456 llom.
1739 5399 1819 5463 edit,

106 5485 204 5528 sensu.
991 5491 1002 5516 ιι
1019 5484 1052 5523 se
1067 5472 1200 5530 excusat,
1221 5468 1336 5538 Petrus,
1357 5491 1367 5519 ι
1386 5474 1454 5540 ete,
1471 5488 1544 5525 mss.
1560 5476 1658 5525 antem
1674 5468 1818 5538 nonnulli,

135 5543 191 5613 (59)
208 5542 282 5599 llss.
299 5541 420 5615 aliquot,
439 5566 450 5588 ιι
468 5543 606 5598 inercatae
617 5541 781 5614 mnjeslelis
793 5540 934 5595 substan·
990 5539 1139 5612 «Moyses
1170 5544 1343 5595 secxcusat
1371 5543 1548 5596 sacerdotio.
1573 5543 1689 5609 l'ctrus,
1707 5561 1720 5588 ι
1751 5543 1819 5606 etc,
1922 5596 1926 5602 ,

103 5614 179 5671 liam
198 5635 210 5665 ι
987 5610 1088 5682 plures
1104 5611 1281 5681 nopotlores
1297 5616 1327 5666 ul
1343 5629 1398 5667 nos
1414 5613 1444 5668 in
1460 5617 1548 5669 textu.
1576 5612 1654 5665 inira
1683 5624 1754 5663 vero
1770 5609 1821 5663 ubi

131 5686 240 5757 (wilte
261 5686 348 5743 Rom.
368 5702 435 5742 cum
455 5688 537 5770 parto
562 5701 655 5755 mss.;
672 5688 729 5753 vet,
747 5683 928 5739 automedit.
988 5683 1331 5753 omnesedit.noplures
1348 5699 1421 5739 mss.
1440 5684 1580 5741 exhibent
1598 5704 1608 5728 ιι
1626 5681 1655 5737 in
1684 5680 1821 5735 ministe-

99 5756 330 5817 aumeliiscod.
360 5758 522 5832 scr·ipt1s‚«
553 5758 661 5815 Videre
682 5760 825 5828 lanian...,
851 5757 886 5811 de
903 5756 930 5812 te
987 5754 1042 5829 rio,
1061 5754 1542 5832 iquidemaliioodpraeierunl,
1561 5752 1819 5826 ammalario.»
