3900 6128
105 322 166 387 ma
683 316 991 388 smsromsuu
1012 316 1182 384 cmssrs
1203 319 1228 382 1.
1300 256 1307 271 ⁸
1527 260 1530 269 ’
1765 318 1857 395 m«
1910 348 1918 359 .

105 502 172 573 est3
187 499 315 573 ideoque
330 499 503 573 hujusmodi
517 499 667 558 hominem
686 517 704 557 a
722 501 873 558 consortio
889 516 940 557 sa·
951 533 977 597 A
996 499 1153 558 Dominum
1167 499 1288 573 bonum,
1305 500 1461 560 Dominum
1481 503 1655 578 sapientem,
1671 503 1828 564 Dominum
1936 556 1939 565 .

105 589 260 647 cardetum
275 605 385 646 censeo
400 605 471 646 esse
485 590 624 646 alienum.
644 614 655 639 ι
997 589 1210 661 sempiternum
1225 589 1291 661 (81),
1308 587 1416 646 hnnca'
1425 595 1503 649 coetu
1518 592 1705 664 sacerdotali,
1720 597 1750 650 et
1762 609 1828 652 mea

140 678 293 734 Palladius
307 679 381 734 dixit
401 695 408 734 ε
427 702 439 728 α
456 679 596 750 Coepistis
611 679 724 750 ludere,
745 677 846 734 ludite.
872 678 941 734 Sine
996 679 1142 735 sententia
1157 681 1186 735 et
1201 680 1332 735 omnium
1347 681 1560 739 catholicorum
1570 683 1685 756 judicio
1700 683 1829 741 arbitror

105 768 234 824 concilio
250 767 385 823 orientali
399 767 486 823 vobis
500 784 560 822 non
575 767 802 838 respondemus.
821 787 833 816 ι
992 766 1061 839 jure
1077 783 1147 824 esse
1163 769 1341 825 damnatum.
1361 793 1372 818 ι

141 857 187 911 55.
212 857 357 912 Anemius
381 855 438 928 (18)
462 856 623 927 episcopus
647 856 820 911 Sirmiensis
843 855 939 912 dixit:
1031 854 1076 911 58.
1101 855 1229 912 Sabinus
1251 856 1312 928 (85)
1336 859 1498 931 episcopus
1519 861 1708 918 Placentinus
1730 863 1828 921 dixit:

106 943 311 1017 ·Quieunque
341 945 476 1000 haereses
505 944 632 1000 Arianos
661 960 720 999 non
750 944 939 1014 condemnat,
999 965 1011 992 u
1027 941 1171 1009 Quoniam
1190 945 1306 1001 cunetis
1325 948 1503 1018 patefactum
1518 953 1573 1023 est,
1589 951 1761 1023 Palladium,
1778 953 1830 1025 qui

104 1034 236 1089 Arianus
252 1034 290 1088 sit
304 1049 431 1090 necesse
448 1037 503 1089 est.
521 1033 607 1089 Hunc
618 1033 843 1106 igituraliennm
854 1033 941 1088 etiam
996 1032 1115 1088 Arianae
1129 1033 1261 1104 perfidiae
1276 1039 1439 1092 auctorest
1453 1037 1519 1111 (88),
1535 1040 1622 1095 etiam
1641 1039 1708 1112 ejus
1722 1039 1829 1113 impia·

104 1114 207 1178 2801
227 1124 329 1178 nostra
344 1123 562 1192 communione,
579 1125 608 1177 et
617 1122 794 1178 sacerdotali
807 1124 885 1178 coetu
895 1123 943 1179 de-
996 1122 1085 1175 tatem
1108 1124 1219 1194 tenere,
1238 1139 1305 1196 quae
1320 1126 1422 1181 contra
1438 1128 1609 1200 evangelica
1625 1132 1654 1185 et
1666 1129 1830 1201 apostolica

103 1227 166 1267 nuo
181 1211 328 1282 privatum
344 1226 413 1267 esse
429 1227 598 1267 censemus,
617 1234 629 1260 ιι
996 1207 1129 1265 instituta
1153 1212 1243 1282 venii,
1264 1211 1347 1283 justu
1368 1214 1399 1268 in
1422 1231 1489 1271 eum
1512 1217 1603 1272 totius
1617 1217 1736 1273 concilii
1750 1218 1830 1274 illata

139 1299 333 1356 Constantius
363 1297 436 1373 (19)
465 1300 625 1372 episcopus
649 1301 815 1356 Amusicus
843 1300 939 1357 dixit:
996 1299 1142 1355 sententia
1157 1302 1212 1371 est,
1229 1301 1281 1374 qui
1294 1317 1367 1358 meae
1383 1302 1452 1360 licet
1465 1304 1832 1376 parvitatissententiasa·

106 1411 118 1437 ι
135 1388 301 1444 Palladium
315 1389 380 1444 Arii
394 1388 583 1461 discipulum,
600 1389 687 1462 enjus
700 1389 865 1461 impietates
878 1388 942 1462 jam
997 1387 1128 1444 cerdotio
1143 1389 1240 1445 denuo
1254 1391 1398 1464 privatus,
1416 1408 1454 1449 ex
1470 1393 1528 1450 boc
1542 1397 1737 1453 sacrosancto
1752 1397 1831 1453 oratu

105 1477 179 1534 olim
193 1477 337 1533 damnatae
353 1480 423 1533 sunt
436 1493 452 1531 a
466 1477 607 1534 Patribus
626 1479 739 1535 nostris
760 1477 791 1533 in
816 1477 942 1535 concilio
994 1473 1063 1548 jure
1077 1476 1214 1548 pellatur.
1233 1502 1244 1528 ι

105 1566 242 1638 Nicaeae,
258 1568 288 1621 et
301 1581 380 1623 nnnc
395 1566 483 1622 bodie
497 1565 640 1638 probata,
658 1582 726 1622 cum
745 1581 943 1623 recenseren-
1033 1563 1117 1620 Felix
1141 1569 1170 1622 et
1192 1567 1351 1625 Numidins
1377 1569 1468 1643 legati
1494 1570 1636 1629 Afrorum
1658 1573 1798 1632 dixerunt
1821 1589 1829 1633 :

102 1657 165 1727 tnr,
186 1670 205 1709 a
225 1654 357 1710 Palladio
378 1654 527 1726 singulae3
547 1653 617 1727 quia
641 1671 701 1712 non
724 1654 870 1712 contusus
884 1655 942 1728 (88)
1000 1675 1011 1700 u
1030 1652 1148 1710 Arianae
1163 1655 1290 1712 boeresis
1304 1661 1395 1714 sectae
1409 1659 1440 1713 in
1454 1675 1513 1731 qua
1527 1661 1558 1715 in
1576 1660 1761 1734 Aquileiensi
1777 1679 1830 1736 sy·

102 1746 153 1800 est
172 1743 243 1800 dum
266 1743 320 1799 Dei
343 1741 450 1798 Filium
473 1759 490 1798 ιι
515 1743 576 1801 Deo
600 1744 685 1800 Patre
708 1759 778 1801 esse
801 1745 940 1816 alienum,
997 1741 1075 1798 nodo
1098 1743 1248 1800 Palladius
1263 1745 1430 1803 declaratus
1444 1750 1491 1803 est
1507 1747 1574 1820 (87),
1590 1749 1754 1808 anathema.
1771 1750 1831 1810 Sed

103 1848 176 1889 cnm
190 1835 355 1888 creaturam
379 1832 536 1888 cantitetur
552 1847 559 1889 :
585 1849 652 1888 cum
673 1833 864 1906 temporalem
879 1848 942 1889 cce·
997 1831 1026 1886 et
1041 1846 1094 1887 eos
1109 1831 1160 1904 qui
1176 1836 1278 1889 contra
1293 1835 1447 1892 veritatem
1461 1835 1593 1894 Nicaenae
1610 1839 1717 1911 synodi
1739 1856 1830 1915 repu-

102 1921 191 1994 pisse
206 1921 287 1991 dicit,
304 1920 461 1977 Dominum
480 1936 584 1977 verum
606 1925 705 1996 negat,
730 1923 761 1978 in
785 1922 943 1996 sempiter·
956 1907 981 1972 Β
996 1923 1123 1993 grantes
1137 1923 1217 1991 sunt,
1234 1921 1477 1982 condemnamus.
1496 1945 1507 1976 ι

102 2026 179 2068 ιιιιιιι
195 2025 306 2067 censeo
321 2025 391 2065 esse
407 2008 615 2066 damnandnm.
634 2033 646 2062 ι
1033 2006 1078 2064 59.
1095 2008 1248 2065 Limenius
1264 2009 1321 2082 (88)
1336 2010 1497 2083 episcopus
1511 2011 1713 2074 Vercellensis
1734 2017 1828 2077 dixit:

140 2099 189 2156 56.
205 2099 311 2155 iustus
327 2097 384 2171 (81)
399 2098 559 2171 episcopus
575 2099 665 2156 dixit:
683 2099 880 2172 «Palladium,
892 2099 944 2173 qui
1000 2121 1011 2148 ι
1029 2097 1169 2154 Arionem
1183 2098 1348 2155 doctrinam
1362 2114 1443 2171 saepe
1464 2115 1533 2157 esse
1558 2102 1724 2162 damnatam
1737 2109 1830 2164 mani·

102 2188 312 2261 blasphemias
327 2187 390 2243 Arii
405 2188 545 2244 damnare
560 2188 663 2260 noluit,
674 2190 728 2245 sed
743 2189 831 2246 etiam
845 2190 943 2262 magis
998 2186 1108 2243 testum
1122 2189 1188 2259 est,
1203 2189 1232 2243 et
1242 2186 1308 2244 ideo
1324 2187 1472 2244 Palladius
1488 2194 1651 2250 conventus
1667 2193 1697 2249 in
1711 2195 1767 2252 hac
1782 2211 1830 2252 aa·

104 2277 164 2334 has
181 2277 316 2334 confiteri
329 2276 456 2347 videtur,
473 2291 584 2334 censeo
608 2277 733 2333 ulterius
758 2279 943 2335 sacerdotem
986 2292 1049 2355 'cra
1073 2276 1189 2348 synodo
1213 2275 1409 2348 Aquileiensi,
1432 2277 1501 2349 qnia
1520 2279 1614 2336 noluit
1628 2296 1662 2337 se
1677 2283 1830 2358 corrigere

104 2366 169 2422 dici
184 2382 242 2422 non
258 2380 360 2438 posse,
376 2380 431 2422 nec
446 2365 523 2421 inter
538 2365 697 2439 episcopos
714 2366 857 2439 deputari.
876 2390 887 2416 ι
1000 2365 1046 2422 vel
1070 2366 1227 2422 emendare
1244 2382 1251 2421 ε
1276 2364 1331 2420 sed
1349 2366 1446 2437 megia
1460 2366 1596 2437 probavit
1610 2371 1831 2442 reprehensibi-

147 2455 289 2513 [iventins
304 2453 361 2526 (81)
378 2453 538 2526 episcopus
553 2454 732 2512 liciniensis
743 2456 837 2512 dixit:
854 2456 944 2517 ‹Pel-
999 2454 1068 2526 lem,
1079 2457 1108 2511 et
1116 2470 1149 2510 se
1158 2454 1277 2510 oletavit
1285 2454 1407 2526 perfidia
1418 2453 1485 2526 (89),
1496 2471 1583 2527 quam
1592 2473 1626 2514 se
1636 2459 1753 2531 publice
1764 2477 1832 2518 con·

105 2544 231 2615 lodium,
248 2544 298 2615 qui
313 2542 490 2614 impietatem
506 2542 571 2598 Arii
586 2543 725 2599 damnare
747 2544 841 2600 noluit
862 2544 945 2601 arbi·
1000 2542 1103 2599 lessus
1119 2546 1165 2599 est
1177 2546 1288 2614 tenere,
1304 2542 1384 2598 hano
1399 2535 1473 2600 802
1490 2546 1636 2601 sententia
1649 2563 1715 2604 mea
1729 2553 1758 2605 et
1773 2566 1830 2625 ego

104 2637 172 2690 tror
187 2649 203 2688 a
218 2631 369 2688 consortio
384 2630 562 2700 sacerdotali
575 2632 606 2688 in
621 2634 794 2705 perpetuum
809 2648 879 2689 esse
894 2649 945 2688 re·
999 2632 1170 2704 profiteora
1186 2631 1336 2688 consortio
1351 2632 1528 2688 sacerdotali
1542 2649 1611 2690 esse
1626 2635 1828 2707 privandum..

104 2725 231 2778 motum.
250 2741 261 2772 ι
944 2748 946 2755 ·
1036 2721 1183 2777 Maximus
1197 2721 1358 2792 episcopus
1373 2719 1552 2777 Emonensis
1566 2722 1625 2794 (98)
1633 2724 1724 2784 dixit:
1742 2728 1832 2784 ‹Pab
1915 2734 1931 2779 .“

143 2809 191 2868 57.
216 2808 423 2866 Abundantius
447 2808 607 2881 episcopus
629 2809 819 2866 Tridentinus
842 2810 943 2868 dixit:
1000 2809 1121 2881 ladium,
1137 2808 1188 2881 qni
1202 2807 1405 2880 blasphemias
1418 2808 1482 2865 Arii
1496 2825 1552 2866 nec
1567 2811 1707 2871 damnare
1728 2817 1831 2889 voluit,

106 2923 120 2950 ι
138 2899 217 2956 Cum
238 2899 391 2956 evidentes
412 2897 614 2970 blasphemias
628 2898 779 2954 Palladius
796 2898 944 2970 defendat,
1001 2898 1055 2954 sed
1070 2899 1167 2970 magis
1183 2897 1247 2969 ipse
1263 2896 1424 2954 confessus
1439 2900 1495 2970 est,
1509 2898 1591 2972 juste
1601 2917 1636 2958 ac
1647 2904 1751 2961 merito
1762 2921 1832 2963 esse

105 2989 281 3045 damnatum
296 3004 329 3044 se
344 3003 382 3044 ex
396 2987 523 3044 concilio
537 2987 723 3061 Aquileiensi
739 2990 911 3060 cognoscet.
931 3010 942 3037 ι
1001 2988 1179 3056 damnatum,
1202 2988 1231 3041 et
1254 2986 1335 3042 Dens
1354 2987 1445 3058 novit,
1462 2990 1491 3043 et
1505 2987 1635 3053 fidelium
1650 2994 1833 3052 conscientia

144 3077 297 3134 Eusebius
306 3076 362 3148 (88)
373 3077 533 3148 episeopus
542 3076 741 3132 Bononiensis
751 3076 837 3133 dixit:
853 3075 946 3142 «Quin
1002 3075 1217 3133 condemnavit.
1235 3098 1246 3123 ι

106 3166 278 3239 impietates
299 3164 364 3220 Arii
387 3164 535 3221 diabolico
559 3164 636 3237 stylo
657 3165 854 3237 conscriptas,
870 3180 945 3238 quus
1036 3164 1082 3221 88.
1097 3163 1333 3236 Exsuperantius
1349 3162 1509 3236 episcopus
1525 3165 1718 3225 Dertonensia
1734 3170 1831 3229 dixit:

107 3272 171 3314 non
185 3255 295 3311 licebat
309 3268 364 3310 nec
379 3253 416 3310 ad
431 3269 520 3310 aures
535 3253 699 3326 admittere,
714 3253 864 3310 Palladius
886 3267 984 3333 ncnc
1004 3277 1015 3303 ι
1031 3252 1206 3323 Palladium,
1230 3251 1281 3324 qui
1303 3255 1415 3308 sectam
1437 3253 1500 3308 Arii
1523 3254 1571 3310 vel
1586 3252 1654 3328 ejus
1668 3257 1833 3316 doctrinam

108 3345 210 3403 solnm
233 3343 327 3400 noluit
351 3342 568 3415 condemnar03
592 3343 647 3399 sad
666 3345 695 3399 et
710 3359 811 3400 earnm
833 3343 947 3400 exstitit
1002 3344 1141 3400 damnare
1157 3340 1261 3412 noluit,
1277 3340 1331 3398 sed
1346 3340 1486 3414 defendit,
1505 3343 1537 3398 ut
1561 3344 1660 3401 caeteri
1675 3350 1832 3405 consortes

109 3436 256 3504 assertor,
278 3432 415 3506 negando
439 3430 546 3489 Filium
569 3432 623 3489 Dei
647 3432 804 3489 Dominum
831 3448 945 3489 verum.
1000 3433 1059 3489 mei
1073 3431 1295 3502 damnaverunt,
1312 3430 1400 3487 etiam
1414 3433 1444 3488 et
1458 3446 1515 3505 ego
1530 3432 1736 3493 condemno..

141 3575 208 3662 (18)
232 3575 375 3632 Anemius
398 3578 466 3647 post
488 3576 613 3632 mortem
632 3573 784 3647 Germinii,
807 3576 858 3649 qui
882 3574 946 3633 Sir·
1000 3575 1115 3632 ritatem
1132 3573 1218 3629 Rom.
1234 3571 1316 3640 edit..
1331 3571 1382 3628 ubi
1399 3572 1578 3632 Genetensis
1591 3577 1746 3650 episcopus
1760 3579 1833 3637 dici·

110 3663 259 3706 mensem
274 3649 423 3703 invaserat
438 3646 614 3717 Ecclesiam,
632 3647 693 3704 illic
713 3647 751 3704 ab
773 3648 945 3718 Ambrosio,
1000 3649 1059 3715 tur,
1074 3643 1215 3716 abjicere,
1231 3658 1292 3699 non
1306 3643 1464 3700 admodum
1486 3645 1570 3702 tirmo
1587 3651 1723 3705 movetur
1741 3666 1834 3725 argu·

111 3720 241 3789 iustine,
257 3733 324 3790 quae
339 3718 436 3773 modis
451 3719 590 3775 omnibus
605 3718 748 3775 Arianum
771 3719 843 3802 eligi
866 3721 947 3774 sats·
1000 3719 1117 3787 ment03
1133 3713 1372 3786 quandoquidem
1395 3716 1423 3771 ei
1443 3716 1563 3772 lectioni
1582 3720 1742 3778 auctoritas
1756 3738 1832 3779 mss.

111 3791 213 3866 gebat,
239 3789 340 3859 invita,
365 3788 518 3845 ordinatus
539 3789 617 3846 luit:
640 3790 671 3844 in
690 3805 747 3862 qua
763 3790 946 3846 ordinatione
1001 3787 1167 3846 stellarum
1182 3785 1251 3842 edit.
1268 3785 1445 3858 refragetur.

111 3861 288 3918 miraculum
310 3860 429 3932 insigne
452 3860 561 3916 tactum
587 3861 726 3917 Paulinus
742 3862 772 3916 in
796 3860 948 3916 Ambrosii
1036 3857 1189 3928 (88)Ν1111
1205 3856 1324 3912 obstare
1339 3872 1411 3913 sane
1428 3857 1576 3915 credimus
1591 3861 1663 3933 quin
1677 3861 1727 3918 bic
1740 3862 1837 3920 Euse-

112 3932 179 3989 ilita
205 3933 426 4014 commemorat.
452 3929 536 4014 Quod
559 3935 657 3986 autem
678 3931 818 4015 Sirmium
838 3931 947 4002 lllyrici
1001 3929 1071 3986 bins
1085 3928 1163 3984 idem
1179 3929 1244 4055 ipsa
1269 3927 1309 3982 sit
1331 3929 1382 4011 qui
1406 3927 1468 4012 lib..
1483 3928 1528 3986 De
1554 3931 1690 4013 rirqinit.
1706 3949 1771 4006 cap.
1787 3935 1834 4018 88,

113 4002 948 4144 &illitteratissimis..multamilia
1002 3997 1212 4140 1111ἶῖ11,
1228 3998 1836 4152 detruditis.:utilitatis

113 4142 439 4225 1118111111,ι1ἰοειιι1ιιιιιΙ
456 4145 512 4199 erit
530 4143 948 4226 sedemeessalonioensem
1002 4144 1039 4199 ad
1062 4141 1300 4225 persuadendum
1322 4140 1429 4211 puellis
1453 4157 1550 4225 sacrae
1569 4145 1748 4270 virginitatis
1791 4163 1837 4204 re·

113 4217 272 4274 necduma
288 4214 416 4269 Damaso
432 4229 462 4268 ιιι
477 4214 649 4285 metropolis
665 4214 837 4287 dignitatem
861 4231 948 4271 evec-
1002 4218 1156 4286 positum:
1182 4215 1211 4267 et
1232 4212 1289 4267 sub
1313 4228 1372 4284 quo
1390 4213 1600 4269 florentissima
1640 4218 1756 4271 ononim
1770 4163 1836 4274 ine·

114 4291 173 4344 tarn
187 4287 296 4356 tuisse,
313 4287 344 4340 ut
359 4285 437 4341 idem
451 4285 640 4341 Hermannus
660 4285 691 4340 in
713 4286 866 4342 Ambrosii
882 4286 948 4342 Vita
1002 4288 1072 4342 runt
1093 4282 1361 4340 sanctimonialium
1380 4284 1582 4354 contubernia,
1597 4302 1664 4357 qnae
1678 4286 1715 4342 ab
1730 4286 1835 4344 eodem

115 4358 278 4433 prudenter
293 4356 442 4412 observat.
1003 4355 1163 4412 Ambrosio
1192 4353 1347 4410 laudantur
1374 4353 1426 4410 lib.
1448 4371 1458 4408 1
1482 4353 1527 4411 De
1557 4356 1692 4428 virqiuit.
1716 4372 1780 4428 cap.
1805 4359 1834 4429 8,

147 4428 206 4503 (18)
231 4427 297 4483 dam
321 4427 491 4483 monuimus
505 4426 542 4482 ad
557 4427 713 4498 epistolam
726 4427 753 4496 8,
769 4429 836 4484 voci
853 4428 949 4485 Cons-
1004 4444 1085 4484 num.
1101 4427 1146 4482 88.

118 4501 210 4557 tentio
225 4499 263 4554 ad
319 4514 366 4554 em
381 4499 485 4554 eadem
499 4497 548 4553 illa
562 4498 706 4554 destinata
721 4501 777 4570 est,
793 4515 949 4571 perperam
1040 4499 1097 4570 (81)
1112 4495 1188 4553 Edit.
1205 4496 1291 4553 Rom.
1308 4497 1336 4551 et
1351 4494 1456 4564 Labb,
1475 4518 1487 4542 ι
1505 4495 1597 4550 Deum
1611 4510 1726 4568 aarum,
1742 4498 1836 4556 Deum

117 4571 268 4628 addidisse
317 4584 441 4625 omenes
456 4569 586 4625 editores
600 4570 788 4626 Arausicano
802 4573 948 4654 episcopo.
1004 4572 1115 4629 bonum
1143 4569 1236 4624 Deum
1250 4567 1422 4638 sapientem,
1439 4566 1531 4648 Deum
1546 4567 1797 4648 sempiternum..

117 4640 198 4708 Quod
211 4644 312 4696 autem
325 4640 543 4723 Arausicanum
558 4643 681 4712 spectet,
698 4640 766 4713 ejus
789 4629 985 4697 auctorita-D
1041 4642 1098 4712 (85)
1112 4611 1253 4721 bobinum
1269 4638 1358 4718 bunc,
1373 4653 1428 4719 seu
1445 4636 1585 4719 ὃιιιιιιιιιιι
1634 4654 1682 4721 am
1706 4639 1836 4698 diximus

119 4713 259 4769 lambino
275 4726 419 4784 conpares
435 4711 513 4783 quod
528 4726 596 4767 enm
613 4712 750 4784 pluribus
764 4714 888 4784 synodis
903 4715 950 4769 in·
1005 4715 1035 4770 in
1050 4712 1199 4767 Admonit.
1214 4725 1273 4764 non
1287 4707 1479 4789 aliummderr
1489 4707 1525 4763 ab
1535 4723 1571 4763 eo
1582 4655 1738 4767 babrnoad
1748 4728 1837 4785 qnam

120 4783 259 4841 tartnisse
275 4783 470 4855 reperiamus.
1005 4783 1083 4841 haud
1106 4796 1208 4852 paucae
1230 4778 1380 4834 Ambrosii
1403 4780 1521 4833 exstant
1543 4779 1702 4850 epistolar:
1726 4782 1762 4840 de
1777 4799 1837 4856 quo

152 4855 208 4928 (88)
224 4854 312 4911 Rom.
327 4853 397 4910 edit.
409 4851 484 4922 sola,
505 4853 596 4925 «qnia
611 4870 670 4910 non
685 4852 829 4910 contusus
844 4857 890 4911 est
904 4853 951 4910 di·
1005 4854 1129 4928 proinde
1144 4865 1250 4906 rursus
1267 4849 1530 4905 occurretdicendi
1543 4850 1639 4907 locus.

124 4939 184 4983 aare
208 4925 264 4982 Dei
288 4922 428 4980 Filium...
455 4927 484 4981 et
507 4940 574 4980 cum
597 4928 761 4981 creaturam
783 4925 948 4998 confltetur,
1041 4925 1098 4997 (88)
1114 4922 1163 4978 Sic
1175 4920 1249 4977 Tell.
1260 4918 1410 4976 etLabb.:
1425 4922 1510 4976 Rom.
1522 4924 1619 4978 autem
1630 4923 1712 4997 edit,
1726 4947 1737 4976 ι
1750 4925 1835 4998 qui...

124 5011 185 5053 cam
199 5000 345 5068 tempore,
362 4999 419 5051 etc.
439 5018 451 5043 ι
1005 4999 1139 5054 assertor
1154 4997 1210 5049 est.
1229 5014 1241 5039 ι
1257 4990 1366 5060 cuim,
1383 5012 1394 5042 ι
1412 4995 1603 5049 assertorem.
1622 5014 1634 5045 ι

59 5118 61 5127 .
154 5067 208 5139 (81)
223 5067 298 5124 Cum
313 5066 392 5122 hunc
407 5065 525 5122 lustum
541 5083 600 5123 non
615 5067 705 5122 alium
719 5067 756 5122 ab
772 5082 807 5123 eo
822 5082 903 5135 esse,
913 5067 950 5122 ad
1040 5067 1096 5138 (81)
1113 5066 1198 5122 Rom.
1215 5062 1296 5133 edit,
1314 5061 1462 5136 «cujus...
1474 5063 1625 5122 Palladius
1638 5068 1773 5124 assertor
1786 5067 1838 5125 de·

59 5142 67 5183 i

59 5679 83 5913 1

160 5155 206 5196 em
226 5137 434 5194 Ambrosianae
459 5139 526 5194 dnae
547 5139 680 5210 epistolae
703 5141 830 5208 exstant,
846 5138 950 5194 admo·
1007 5139 1136 5195 clarutus
1152 5138 1239 5192 esta

144 5225 187 5266 um
201 5211 242 5267 sit
257 5209 430 5281 verisimile,
446 5208 555 5265 ibidem
570 5225 587 5264 ιι
601 5209 689 5265 nobis
704 5210 740 5264 de
758 5208 862 5265 eodem
876 5209 950 5265 satis
1041 5207 1097 5279 (88)
1122 5208 1164 5263 De
1185 5205 1319 5262 Limenio
1338 5203 1402 5277 jam
1424 5207 1656 5289 perstrinximus
1676 5208 1786 5282 aliquid
1806 5209 1837 5264 in

128 5277 227 5338 dictum
262 5281 390 5337 nmmos.
1005 5279 1154 5338 Admonit.
1178 5281 1207 5334 et
1229 5276 1304 5332 torte
1327 5276 1364 5333 ad
1387 5282 1474 5351 epist.
1499 5279 1536 5334 ad
1560 5280 1687 5337 Vercell.
1703 5276 1837 5336 nonnihil

156 5353 210 5424 (82)
272 5353 303 5407 it.
319 5366 404 5407 conc.
420 5351 486 5406 liin.
502 5367 536 5407 ac
551 5349 644 5408 Labb.
656 5351 685 5408 in
695 5352 787 5422 textu,
805 5350 952 5406 Gitinieo·
1005 5353 1094 5408 etlam
1107 5348 1296 5421 adjiciemus.

128 5419 173 5495 ais,
187 5427 217 5480 et
232 5423 263 5480 in
278 5437 373 5505 marg.
394 5421 547 5478 Tiniensis
556 5442 566 5488 ,·
592 5424 706 5496 Regius
721 5422 777 5478 cod
801 5426 830 5478 et
852 5421 949 5476 Clritil.
1040 5419 1222 5494 (89)(11118,
1241 5441 1252 5470 ι
1270 5417 1502 5492 deprehensibili
1516 5437 1585 5478 sesa
1602 5419 1753 5477 collutavit
1766 5434 1836 5491 per-

128 5505 159 5548 ιι
171 5495 300 5563 Divico„
320 5491 511 5549 ticiniensis.
529 5493 565 5549 Et
579 5495 648 5549 hinc
664 5495 772 5565 optime
796 5493 951 5548 contlrma-
1005 5493 1086 5550 tidie.
1104 5513 1115 5542 ι

128 5563 300 5622 tharonii
315 5563 498 5637 conjectura,
520 5581 577 5636 qua
599 5565 678 5620 hunc
700 5563 857 5619 liventium
875 5562 952 5618 Tici·
1040 5562 1096 5648 (88)
1113 5561 1381 5646 1111ιοιιι111ιιοιιιιιιι
1396 5561 1783 5645 Gaograpbiasacraiocat
1805 5563 1838 5621 in

127 5634 531 5766 1181181181
543 5633 632 5763 til:
647 5634 756 5762 1111
767 5634 952 5762 siaul?
1004 5635 1263 5765 18111111
1272 5631 1838 5786 :astitrici*cristalla

737 5746 745 5762 ο
943 5745 951 5764 0
1513 5745 1521 5776 2

127 5775 197 5867 itan
209 5777 291 5869 qnod
304 5777 474 5859 opinionem
489 5777 569 5840 dian
583 5778 700 5839 videtur
712 5778 834 5856 propter
852 5780 952 5839 aucto·
1005 5778 1078 5841 tina
1092 5778 1209 5856 dicitur,
1225 5791 1260 5836 aa
1273 5774 1369 5857 prima
1383 5770 1474 5839 mua
1488 5774 1607 5839 maran
1619 5775 1749 5859 ponitur.
