3900 6128
103 299 185 367 1151
884 303 915 368 S.
937 301 1161 367 AMBROSII.

107 502 240 575 alioquin
257 503 314 574 (i'i)
331 504 387 560 iste
399 503 559 576 episcopus
574 503 736 559 ferventior
746 503 776 559 in
791 502 948 559 exustione
963 489 991 554 Α
1005 503 1153 573 cundiam,
1180 503 1235 559 sed
1259 505 1401 560 revocant
1423 504 1566 577 gratiam,
1593 520 1631 561 ne
1655 502 1693 561 da

109 607 286 665 synagogae,
304 594 434 648 timidior
448 592 606 665 injudicio
622 608 628 649 :
646 609 704 647 non
718 592 844 662 vereris,
861 592 949 662 impe·
1007 593 1060 648 Dei
1077 593 1186 648 summi
1201 593 1393 649 contrahatur
1406 593 1544 650 offensio.

106 685 197 752 rator,
210 697 246 737 ne
262 684 434 754 acquiescat
455 682 611 737 sententiae
623 685 700 752 tam,
717 697 753 736 ue
768 682 947 753 praevarice·
1042 681 1069 737 9.
1095 682 1168 738 Esto
1190 685 1299 752 tamen,
1323 698 1410 738 nemo
1426 684 1602 754 episcopum
1619 680 1693 738 adh

108 774 166 840 tur,
183 787 242 827 non
257 771 370 826 times?
1006 771 1182 840 conveniat3
1199 772 1303 843 rogavi
1319 772 1398 826 enim
1420 772 1608 827 clementiam
1625 774 1693 827 tuat

1006 858 1070 930 ipse
1087 859 1143 914 hoc
1159 864 1331 915 revocatum
1347 860 1444 917 adbuc
1460 876 1519 915 aaa
1530 861 1693 933 legerim,r

1004 950 1104 1003 tamen
1120 949 1347 1004 constituamus.
1372 948 1447 1014 Quid
1464 949 1492 1004 si
1512 948 1564 1003 ulii
1589 948 1693 1005 timidi

1005 1041 1131 1092 mortem
1152 1037 1355 1107 reformidant,
1372 1037 1496 1093 atterant
1511 1040 1544 1093 ut
1559 1037 1597 1092 de
1619 1037 1693 1105 suis

141 895 168 952 7.
186 897 251 951 Non
268 898 354 952 etiarn
370 897 495 967 vereris,
521 897 598 969 quod
615 896 746 951 futurum
761 900 807 952 est
823 911 860 950 ne
880 911 945 950 ver·

106 985 155 1041 bis
171 985 292 1040 resistat
307 987 407 1041 comiti
422 988 494 1041 tuo‘?
516 987 650 1042 Necesse
674 987 729 1042 erit
745 986 835 1059 igitur
849 988 880 1040 ut
899 987 948 1038 aut

107 1075 368 1145 praevaricatorem
382 1075 438 1147 (78)
461 1078 510 1130 aut
525 1078 683 1147 martyram
703 1074 791 1131 iaciat
807 1089 813 1129 :
831 1076 946 1128 ulrum-

107 1180 164 1236 que
179 1162 307 1219 alienum
327 1165 511 1236 temporibus
534 1165 604 1233 tale,
631 1168 786 1235 utrumque
801 1178 946 1236 persecu-

106 1239 196 1310 tionis
211 1253 314 1322 instar,
332 1253 358 1306 si
373 1253 616 1324 aulpraevarioari
628 1256 761 1325 cogatur,
773 1255 823 1307 uut
838 1252 940 1306 subire

108 1340 291 1413 martyrium.
309 1340 400 1395 Vides
415 1357 473 1414 quo
492 1342 614 1396 inclinet
638 1357 737 1396 causae
758 1341 814 1412 (79)
837 1341 945 1395 exitus.

107 1429 138 1484 Si
154 1429 260 1509 tortgm
273 1429 446 1500 episcopum
462 1434 559 1501 putas,
576 1432 680 1485 cavelo
700 1429 872 1501 martyrium
887 1428 947 1484 ior·

108 1519 214 1588 tior-ie,
232 1520 258 1573 si
274 1519 499 1590 inconstantem,
511 1519 624 1575 declina
638 1520 752 1590 lapsum
763 1518 925 1592 fragilioris
940 1533 946 1573 :

112 1607 180 1678 plus
195 1607 273 1662 enim
289 1609 472 1682 astringitur,
489 1610 540 1681 qui
555 1607 613 1663 labi
640 1608 787 1662 infirmum
803 1608 945 1679 coegerit.

1005 1125 1061 1180 bus
1078 1131 1231 1196 reparetur
1246 1142 1403 1200 synagoga
1418 1130 1467 1183 aut
1483 1142 1587 1183 comes
1604 1125 1693 1182 ubib

1003 1216 1076 1269 reril
1097 1216 1191 1285 primo
1223 1216 1435 1285 constitutum,
1461 1217 1527 1286 ipse
1550 1216 1589 1270 do
1615 1215 1693 1273 Chri

1006 1319 1099 1358 censu
1114 1303 1294 1359 exaedificari
1308 1304 1436 1375 jubeat?
1451 1304 1599 1373 Habebis,
1618 1304 1693 1375 impl

1005 1392 1105 1446 mitem
1128 1394 1399 1463 praevaricatorem,
1426 1395 1456 1447 et
1470 1393 1541 1447 huic
1556 1391 1679 1448 vexilla

1005 1481 1152 1551 victricia,
1169 1481 1239 1536 huie
1254 1480 1398 1550 labarum,
1421 1481 1478 1536 hoc
1492 1485 1552 1549 est,
1575 1480 1693 1537 Christi

1004 1570 1123 1624 nomino
1138 1569 1205 1640 (Bt),
1222 1570 1273 1641 qui
1288 1585 1475 1642 synagogam
1490 1570 1657 1639 instauret,
1673 1584 1693 1643 q

1002 1661 1065 1713 tum
1081 1659 1220 1713 neseiat?
1234 1658 1311 1714 iube
1337 1658 1471 1713 labarum
1485 1674 1664 1731 synagogas
1679 1658 1693 1713 i

142 1749 169 1804 8.
188 1750 409 1821 llaoproposita
425 1751 603 1820 conditione,
621 1754 691 1821 puto
706 1751 854 1805 dicturum
870 1751 947 1820 epis·
1005 1747 1129 1802 deamus
1144 1749 1171 1801 si
1186 1763 1247 1802 non
1260 1748 1417 1802 resistunt.

109 1853 215 1908 capum
231 1838 310 1909 quod
324 1840 388 1909 ipss
403 1841 489 1911 ignes
500 1840 646 1911 sparserit
661 1839 729 1909 (80),
746 1838 848 1893 turbas
864 1855 946 1893 com·
965 1867 988 1925 Β
1040 1836 1084 1891 to.
1101 1836 1164 1890 Erit
1180 1837 1271 1909 igilur
1285 1836 1371 1891 locus
1388 1835 1561 1890 iudaeorum
1578 1833 1693 1906 perfidi

108 1925 945 1997 pulcrit,poputosconduxeritt8tlueaurittatocaasionom
1004 1927 1052 1981 lus
1068 1925 1104 1980 de
1120 1925 1238 1980 exuviis
1255 1924 1399 1979 Ecclesiae
1416 1927 1464 1978 :et
1478 1924 1693 1994 patrimonium

109 2015 251 2086 martyrii,
272 2019 301 2069 et
315 2031 368 2085 pro
385 2016 523 2071 invalidis
539 2016 679 2087 subjiciat
694 2016 908 2077 invalidiorem.
924 2015 947 2070 O
1005 2030 1075 2069 vore
1090 2011 1202 2068 Christi
1218 2013 1397 2084 acquisitum
1411 2016 1458 2069 est
1473 2012 1675 2085 Christianis,

108 2102 227 2158 beatum
243 2104 945 2177 mendacium(82)‚quoacquiritur-sibialiorum
1005 2101 1116 2157 leretur
1135 2101 1172 2155 ad
1201 2102 1323 2156 donaria
1345 2101 1551 2171 perfidorum?
1578 2102 1693 2175 laegim

110 2191 275 2262 absolutio,
302 2193 349 2247 sui
370 2191 483 2265 gratial
504 2194 566 2247 lloc
592 2197 646 2262 est,
671 2195 839 2264 imperator,
868 2193 946 2264 quod
1005 2190 1093 2245 idolis
1112 2190 1274 2262 antiquitus
1290 2191 1406 2245 condita
1421 2190 1457 2244 dc
1479 2191 1638 2245 manubiis
1658 2189 1693 2247 Ci

110 2281 234 2352 poposci
258 2284 286 2337 et
309 2297 365 2355 ego
391 2286 422 2337 ut
436 2284 466 2337 iu
482 2298 527 2338 ure
553 2282 624 2347 949
646 2283 742 2355 magis
757 2282 945 2349 vindicareS,
1004 2279 1040 2334 de
1056 2279 1162 2350 spoliis
1187 2279 1371 2350 reliquorum
1393 2278 1535 2334 hostium.
1563 2279 1693 2335 Hunoti

110 2372 139 2423 et
153 2369 181 2422 si
205 2369 262 2425 boc
282 2370 402 2424 crimem
427 2374 555 2440 putares,
580 2371 651 2425 mihi
675 2371 854 2426 ascriberes.
871 2369 945 2434 Quid
1004 2368 1060 2423 daei
1081 2368 1110 2423 in
1135 2367 1231 2422 fronte
1246 2383 1411 2440 synagogae
1434 2383 1498 2421 sum
1519 2368 1690 2425 scribent:

110 2457 612 2531 mandasinabseatesjudiciuur‘?
632 2460 733 2515 llabes
755 2462 943 2530 praesentem,
1003 2455 1161 2526 impietatis
1206 2455 1316 2511 iactum
1352 2456 1389 2511 da
1426 2455 1580 2511 manubiis
1615 2455 1693 2514 Clari

109 2545 204 2602 habes
216 2546 402 2601 conlltcnteru
419 2564 511 2603 reum.
531 2548 686 2604 Proclama
697 2548 843 2621 quodego
859 2564 946 2618 syna·
1004 2545 1072 2616 (86).

109 2649 218 2708 gogam
234 2635 425 2705 incenderim,
442 2641 522 2693 certe
538 2638 614 2709 quod
631 2653 688 2712 ego
705 2639 764 2693 iltis
789 2639 947 2692 maudave·
1040 2633 1084 2688 tt.
1106 2632 1165 2689 Sed
1186 2632 1354 2704 disciplinae
1368 2635 1396 2688 te
1415 2634 1500 2703 ratio,
1516 2634 1576 2704 (87)
1600 2634 1693 2706 imper

111 2724 166 2778 rirn
181 2740 188 2793 3
205 2741 240 2779 uo
255 2729 337 2780 osset
353 2725 437 2779 locus
460 2727 489 2780 iu
504 2742 562 2798 quo
577 2725 714 2781 Christus
731 2729 898 2799 negaretur.
916 2726 946 2781 Si
1005 2724 1062 2778 vot.
1079 2721 1154 2788 Quid
1172 2723 1325 2795 igiturest
1349 2722 1500 2792 amplius?
1522 2723 1693 2794 disciplina

108 2811 264 2884 adjiciatur
278 2813 359 2883 mihi,
381 2829 434 2869 cur
455 2815 503 2869 hic
528 2831 587 2870 non
608 2815 812 2870 incenderim?
837 2816 945 2869 Divino
1003 2827 1040 2866 an
1057 2827 1148 2866 causa
1163 2811 1345 2884 religionis?
1366 2810 1456 2867 Cedat
1477 2815 1596 2882 oportet
1610 2827 1693 2869 cens

109 2901 171 2974 jam
187 2903 312 2958 cremari
336 2905 425 2975 coepit
445 2903 574 2975 judicio,
598 2921 695 2960 mcum
711 2904 841 2960 cessavit
860 2919 946 2974 opus.
1002 2900 1087 2956 tioni.

112 2992 147 3048 Et
162 2992 187 3047 si
205 3008 308 3048 verum
327 2994 486 3065 quaeritur,
505 2994 570 3049 ideo
586 2995 709 3066 segnior
731 2993 782 3065 tui,
804 2993 873 3065 quia
889 3008 947 3048 noa
1040 2987 1083 3045 18.
1102 2988 1168 3044 Νοιι
1192 2988 1310 3059 audisti,
1336 2989 1504 3060 imperator,
1529 2990 1601 3062 quia
1623 3005 1693 3047 eum

111 3080 249 3154 putabam
273 3082 566 3138 haevindicandum.
593 3081 667 3147 Quid
695 3082 840 3152 iacerem,
869 3081 948 3153 quod
1003 3076 1140 3133 lulianus
1168 3079 1301 3148 reparari
1326 3079 1467 3149 templum
1483 3078 1693 3151 Hierosolymi

111 3171 192 3227 nullo
207 3170 302 3227 ultore
318 3173 383 3227 sine
398 3173 520 3244 proemio
531 3171 629 3228 toret?
645 3171 852 3244 Tangualhaec
867 3186 948 3226 vera·
963 3228 988 3289 C
1004 3167 1052 3237 qui
1070 3166 1217 3222 iaciebant
1230 3168 1415 3241 repurgium,
1429 3168 1498 3240 igne
1508 3167 1682 3240 flagrarunt

146 3314 203 3384 (Π)
213 3314 322 3370 Omnes
342 3314 410 3370 edit.
428 3331 463 3369 ao
478 3331 551 3370 mss.
570 3315 714 3386 plerique,
726 3337 737 3362 ιι
749 3313 944 3397 Siteliquis3»
1004 3323 1126 3390 numero
1142 3309 1223 3391 viros
1239 3310 1283 3378 50,
1301 3325 1426 3381 quorum
1445 3309 1502 3365 hoc
1517 3326 1611 3365 unum
1629 3312 1693 3368 erat

109 3384 158 3439 atii
174 3386 318 3452 nonnulli,
337 3408 348 3435 ι
365 3386 408 3441 Sit
423 3386 582 3458 aliquibus.
602 3407 612 3434 ι
627 3386 741 3458 lleg.‘et
756 3385 862 3440 Latinir
878 3401 947 3440 eon·
1004 3381 1035 3433 ut
1048 3379 1189 3434 vexlllum
1204 3380 1287 3448 lllud‚
1313 3381 1392 3451 quod
1414 3382 1582 3436 alternatim
1608 3383 1693 3439 humi

105 3455 232 3528 jectum,
252 3479 263 3504 ι
280 3456 323 3511 Sit
339 3458 480 3539 alioquin,
500 3479 510 3508 r
1003 3450 1121 3518 nebant,
1139 3451 1367 3506 circumstantes
1379 3452 1516 3509 satellitio
1530 3468 1588 3508 sua
1604 3457 1693 3510 tuere

146 3526 203 3596 (78)
223 3528 415 3582 l‘roevmiearr
446 3529 580 3583 Nunnius
610 3527 687 3583 idem
712 3528 760 3583 bic
784 3542 854 3583 esse
873 3528 945 3597 vult,
1003 3521 1192 3577 Theodosius
1214 3522 1316 3594 junior
1339 3528 1461 3605 λάΰωροι,
1487 3524 1633 3579 siceaim
1658 3525 1694 3582 (u

108 3602 195 3669 atquo
226 3600 256 3652 iu
286 3599 478 3654 idololatriam
502 3600 631 3655 incidere
656 3615 661 3655 :
687 3599 947 3669 praevaricatorem
1003 3618 1068 3656 rum
1088 3601 1200 3670 dicuat,
1218 3604 1524 3673 praepositosvocari,
1542 3605 1693 3660 eteschc

108 3671 946 3741 quoqueeumdemdici,quemcuneapostatamvocant3
1004 3673 1147 3726 sticarum
1172 3675 1286 3728 assumi
1309 3673 1395 3745 jubet
1422 3675 1452 3728 in
1480 3690 1537 3728 uua
1567 3691 1608 3729 ex
1630 3675 1692 3749 legi

111 3755 177 3793 cum
193 3740 222 3792 in
243 3740 348 3795 litteris
362 3741 497 3810 profanis
507 3743 745 3813 praevaricatoris
760 3742 808 3811 sit,
820 3743 870 3813 qui
881 3758 948 3796 curu
1004 3743 1115 3799 Theod.
1130 3759 1137 3812 3
1153 3745 1260 3798 mirum
1277 3744 1405 3800 tortasse
1427 3745 1520 3800 videri
1536 3749 1639 3816 queat,
1656 3762 1693 3803 eu

109 3824 160 3862 reo
177 3810 307 3879 colludit,
320 3817 348 3865 et
364 3828 483 3866 causam
498 3813 671 3868 adversario
687 3812 794 3883 prodit.
1004 3815 1079 3882 siue,
1097 3815 1163 3870 istis
1180 3816 1313 3884 omissiS,
1326 3817 1504 3871 mentionem
1515 3817 1693 3873 absentiae«

145 3879 201 3949 (79)
217 3880 291 3961 blas.
308 3882 427 3952 aliquot,
446 3904 457 3933 ι
475 3898 533 3954 quo
548 3883 727 3938 inclinantur
742 3899 851 3950 causae,
871 3907 881 3930 ι
899 3883 947 3938 val
1003 3885 1146 3941 instituat.
1165 3886 1373 3941 Verumtamen
1394 3888 1457 3942 sieri
1477 3891 1585 3957 potest,
1604 3891 1638 3943 ut
1659 3888 1693 3945 ‘l’l

111 3968 123 3999 ι
141 3965 200 4021 quo
215 3950 336 4005 inclinet
350 3968 450 4007 causa.
470 3977 481 4002 ιι
1003 3960 1053 4011 aut
1066 3956 1226 4012 discedens
1242 3958 1278 4013 ab
1293 3958 1410 4013 Oriente
1426 3958 1693 4015 huiccomilivexil

145 4018 202 4089 (80)
225 4020 413 4077 Eliberitanae
436 4024 542 4093 synodi
565 4040 612 4079 an.
635 4024 687 4079 305
711 4025 819 4080 habilae
840 4041 945 4081 canon.
1004 4028 1164 4098 reliquerit,
1181 4032 1231 4082 aut
1249 4033 1317 4098 post
1335 4030 1488 4084 victoriam
1517 4031 1620 4099 ipsum
1645 4046 1693 4087 cur

109 4088 375 4172 (lepronianum
395 4094 643 4163 quisobidotum
664 4096 846 4152 contractum
870 4099 947 4152 into·
1003 4098 1100 4154 redire
1128 4099 1271 4167 voluerit,
1301 4100 1547 4170 quemadmodum
1577 4101 1693 4159 Stilicor

109 4165 243 4232 remptus
258 4179 287 4215 ιιι
303 4167 463 4234 martyrum
480 4166 645 4238 catalogum
664 4167 875 4222 admitteretur.
890 4169 940 4222 Ve-
1003 4174 1126 4225 mortem
1152 4171 1270 4225 Arcadii
1292 4171 1578 4240 Constantinopolim
1603 4172 1693 4242 profle

108 4250 174 4289 rum
189 4249 223 4288 ea
237 4235 365 4300 exustio,
381 4236 417 4290 de
432 4250 490 4306 qua
506 4236 553 4290 hic
567 4239 674 4309 agitur,
691 4239 809 4293 talionis
829 4239 905 4311 lego,
919 4243 948 4294 et
1002 4241 1075 4295 illud
1090 4241 1167 4296 idem
1182 4242 1325 4297 vexillum
1339 4258 1441 4297 secum
1458 4242 1565 4297 tulisse
1577 4248 1685 4300 auctor

105 4304 176 4377 juro
189 4307 332 4378 gentium,
348 4311 380 4360 ut
403 4307 478 4361 inira
494 4307 610 4377 dicitur,
636 4325 695 4363 non
718 4310 873 4365 videbatur
887 4311 947 4364 illi·
1004 4328 1118 4380 meuuS,
1136 4313 1187 4367 lib.
1205 4330 1245 4382 rx,
1263 4329 1328 4384 cap.
1344 4313 1371 4368 t.

110 4377 177 4433 cita.
1039 4384 1095 4453 (85)
1110 4382 1233 4449 Quidam
1250 4400 1337 4453 mss,
1355 4408 1365 4431 ι
1384 4383 1557 4439 ludaeorum
1573 4386 1677 4456 gentis

145 4448 202 4520 (81)
221 4448 285 4506 Vel.
302 4449 383 4519 edit,
403 4472 414 4497 ιι
431 4451 559 4521 populos
573 4451 764 4506 concluserit.
783 4473 794 4501 ι
1040 4454 1096 4524 (86)
1119 4455 1241 4509 Paucuti
1262 4472 1348 4524 mss,
1367 4478 1377 4502 ι
1395 4456 1431 4510 de
1460 4456 1600 4510 manibus
1621 4456 1685 4513 (lim

145 4521 202 4591 (88)
220 4544 231 4569 ιι
248 4521 272 4576 0
286 4521 404 4576 beatum
420 4520 624 4577 mendacium!
644 4543 655 4570 ιι
673 4522 879 4578 eodemsensu
891 4523 947 4578 hoc
1003 4525 1039 4580 de
1055 4526 1192 4579 manibus
1207 4527 1452 4581 Christianorum.
1471 4527 1693 4583 »Nousatisre

108 4593 252 4666 intellige,
290 4592 945 4664 uoaonclesiacaaitur:‹Oielixculpal
1003 4597 1081 4651 enim
1096 4597 1242 4652 manubiae
1257 4600 1307 4652 aut
1320 4597 1454 4668 pecuniae
1480 4613 1517 4653 ex
1534 4599 1637 4668 praeda
1654 4597 1693 4655 ho

109 4666 231 4733 propter
245 4609 381 4720 odacrum
402 4665 535 4735 scilicet3
550 4680 603 4735 per
619 4680 653 4720 se
668 4665 748 4719 enirn
762 4664 947 4720 mendacium
1003 4668 1061 4722 dita
1077 4672 1253 4737 comparatae
1268 4672 1318 4723 aut
1328 4669 1428 4739 praeda
1442 4669 1518 4738 ipsa.
1537 4670 1579 4723 De
1597 4668 1693 4725 Cimbr

108 4735 512 4862 t⁸5³qupe.ir·hmalqrmAq)st.ledi,
530 4738 556 4790 si
572 4736 669 4863 luget,
693 4750 832 4862 quae7qros
843 4737 947 4862 dprigri
1004 4755 1020 4792 a
1036 4738 1248 4864 h¹⁸{3‘i·‘ss⁰¹⁶¹⁵⁸
1264 4739 1388 4864 consulte
1403 4738 1483 4794 l'lari
1498 4740 1550 4795 lib.
1567 4757 1610 4811 ιιι,
1628 4755 1691 4813 cap.

109 4818 225 4927 vimqsr
249 4821 282 4859 ,ι
319 4822 335 4862 e
395 4824 508 4878 raram,
527 4824 591 4879 cap.
635 4823 739 4879 ,num
797 4823 956 4941 'amq
1003 4814 1693 4952 leqqq)rRre‘gr1:30ngqu[qisr’os.disciplinaem¹

144 4939 201 5022 (88)
214 4943 324 5001 Omnes
340 4948 420 5016 edit,
440 4973 452 4997 ιι
465 4966 501 5005 ne
517 4951 566 5005 liat
579 4966 674 5023 opus3
694 4973 705 4998 ι
722 4953 752 5005 at
766 4964 841 5005 mss.
853 4964 868 5004 e
879 4964 948 5005 con·
1004 4951 1058 5007 leri
1073 4955 1102 5006 et
1115 4952 1185 5006 edit.
1211 4954 1288 5008 inter
1302 4969 1335 5008 se
1359 4953 1554 5021 conveniunt,
1579 4953 1639 5008 nisi
1660 4968 1693 5027 qu

109 5013 200 5066 trarro
215 5016 351 5096 omittunt
366 5035 446 5088 opus.
1004 5038 1057 5093 pro
1073 5030 1170 5077 movet
1193 5024 1293 5094 posuit
1307 5030 1432 5085 moveat,
1447 5024 1546 5078 minus
1562 5024 1693 5080 commod

147 5081 204 5162 (88)
220 5083 379 5167 Vocibus«
392 5090 502 5144 Christi
517 5096 665 5148 sacratum
682 5092 810 5161 nomine,
830 5116 841 5141 ι
862 5093 946 5147 Rom.
1040 5094 1097 5164 (88)
1111 5093 1226 5149 Sensus
1241 5099 1297 5164 est,
1314 5098 1342 5150 ut
1359 5096 1398 5148 ait
1409 5095 1545 5149 Nauuius
1562 5111 1568 5150 :
1586 5096 1655 5151 Non
1667 5110 1693 5151 aa

112 5150 184 5208 edat.
207 5153 308 5225 adjicit
332 5171 458 5238 sranrm.
475 5162 533 5216 Sed
557 5171 753 5235 praeterquam
771 5165 849 5235 quod
872 5164 947 5217 hano
1005 5169 1133 5235 perator,
1150 5181 1203 5221 eos
1220 5167 1270 5236 qui
1285 5167 1449 5237 purgabant
1466 5182 1598 5236 arenam,
1617 5182 1693 5239 apat

110 5238 216 5279 vocem
232 5225 311 5306 nulla
326 5226 382 5279 aba
396 5230 465 5284 edit.
481 5236 530 5287 aut
552 5250 625 5289 mss.
651 5236 798 5307 agnoscit,
815 5236 947 5290 labarum
1002 5237 1143 5290 caducam
1159 5238 1310 5290 materiam
1326 5237 1533 5305 eruderabunt,
1547 5241 1579 5291 ut
1594 5237 1637 5292 ibi
1650 5253 1693 5295 ue*

101 5297 233 5421 ‘glroprie
250 5311 370 5378 signum
394 5313 452 5352 nan
477 5307 555 5372 orat,
578 5307 632 5360 sed
658 5306 755 5360 velum
779 5307 945 5378 augustale.
1001 5307 1082 5432 glum
1094 5307 1184 5379 jussu
1201 5308 1307 5362 iuliani
1325 5312 1533 5379 consurgeret,
1551 5308 1693 5368 coetestii

111 5382 211 5493 dugufs
226 5367 615 5494 rustrtuegdidocqasionem,
633 5392 690 5430 non
707 5393 797 5460 secus
814 5393 849 5432 ac
866 5379 947 5459 eius·
1023 5382 1108 5459 ustos
1131 5380 1225 5487 essq?
1242 5379 1317 5459 Nam
1339 5380 1368 5432 iu
1391 5378 1571 5460 Theodoreti
1591 5379 1645 5435 lib.
1670 5396 1693 5435 u

114 5454 404 5594 ciislfliibif?
418 5455 456 5565 ix
478 5444 946 5590 iii'iiiiii’islbii'ii
1001 5449 1084 5591 iata
1099 5450 1693 5590 abablatitas-iis?iiiiii

111 5586 243 5667 certatim
269 5584 452 5665 posteriores
483 5583 617 5666 historici
645 5587 846 5656 prodiderunt.
873 5592 946 5646 (lum
1001 5592 1110 5647 addere
1126 5593 1273 5661 potuisset
1288 5595 1393 5646 testem
1409 5592 1464 5646 hac
1480 5595 1656 5664 parteemni
1670 5609 1693 5653 a

110 5658 207 5710 autem
225 5654 303 5709 idem
319 5654 468 5710 Eusebius
490 5654 598 5711 rbrdem
615 5657 666 5712 lib.
682 5675 712 5727 u,
733 5675 798 5731 cap.
815 5662 843 5730 8,
867 5663 946 5717 elec·
1002 5662 1155 5734 maiorem.
1172 5663 1420 5718 Ammianumlib.
1432 5680 1518 5735 ιιιιιιι,
1529 5679 1597 5737 cap.
1614 5665 1637 5737 l,
1652 5668 1684 5725 et

110 5726 158 5780 tos
185 5741 201 5779 a
231 5725 423 5783 Constantino
445 5731 654 5785 commemoret
682 5744 720 5785 ex
743 5734 947 5801 protectorum
1000 5732 1080 5790 Hist.
1097 5734 1226 5807 Tripart.
1244 5734 1294 5790 lib.
1308 5752 1346 5804 vr,
1360 5751 1387 5790 c.
1405 5734 1448 5790 aa.
