3900 6128
163 268 244 337 1515
531 268 546 284 ’
672 260 677 269 ’
898 272 1174 338 51555555.
1414 244 1419 261 ’
1808 278 1875 344 iau

165 470 302 545 ejusdem
318 471 419 530 fratris
435 472 464 528 in
480 475 653 548 5551551115,
670 476 805 532 timorem
822 490 908 531 suum
924 474 961 530 ob
978 472 1046 548 ejus
1060 474 1236 544 absentiam,
1259 474 1452 548 fallacemque
1475 490 1514 532 ex
1537 476 1636 547 ipsius
1661 476 1760 533 reditu
1782 476 1896 534 letitiam

165 560 309 617 describit
324 560 416 632 (num.
432 561 467 620 10
483 565 568 638 555).
586 563 647 621 Sub
662 565 737 635 haec,
755 565 885 620 instituta
902 564 977 620 15151·
991 563 1091 619 1551515
1107 566 1193 635 51555
1209 563 1342 620 Tabitlrae
1356 565 1468 621 luctum
1485 566 1717 638 comparatione,
1736 580 1790 620 cur
1805 566 1842 620 illi
1857 583 1896 620 re-

166 651 308 706 suscitari
324 666 382 707 non
394 653 597 724 conduxisset,
610 656 731 726 exponit
741 655 832 725 (num.
849 655 883 709 18
898 651 984 726 seq).
1002 653 1061 708 Ubi
1075 669 1130 708 sua
1145 656 1174 708 et
1188 652 1288 708 fratris
1306 654 1473 709 conditione
1488 653 1565 710 15155
1577 670 1610 711 55
1622 654 1804 724 5555555115
1819 655 1896 719 (555.

164 738 197 796 31
216 741 302 815 555),
321 741 417 798 (15555
433 743 470 797 ad
485 758 519 797 ca
534 759 600 815 5555
616 744 674 798 5161
689 744 825 817 ejusdem
841 745 1017 814 exasperent
1033 742 1224 811 desiderium,
1239 743 1315 797 redit
1330 744 1421 811 (num.
1447 742 1482 798 31
1508 742 1594 817 seq).
1622 743 1749 811 Deinde,
1767 743 1804 797 ad
1818 746 1900 798 cardi·

167 826 251 884 nales
267 829 393 884 virtutes
409 847 578 886 sermonem
602 836 790 903 convertens,
814 836 950 905 quantam
974 831 1004 886 in
1028 831 1216 887 Eucharistia
1239 830 1377 886 fiduciam
1400 834 1577 904 reposuerit,
1594 837 1748 905 quantave
1763 832 1902 903 prudentia

167 917 279 972 caverit
294 934 331 974 ne
347 935 362 973 a
379 920 571 978 schismatico
585 922 764 993 baptismum
780 923 937 993 acciperet,
954 919 1095 991 praedicat
1111 920 1201 988 (num.
1219 919 1253 975 11
1269 919 1353 992 555).
1369 917 1442 991 11115,
1458 920 1525 993 ejus
1536 921 1719 994 eloquentia,
1732 920 1903 988 fortitudine,

168 1005 366 1076 simplicitate,
386 1010 530 1078 castitate,
547 1012 748 1081 temperantia,
766 1014 795 1066 et
808 1011 983 1065 liberalitate
999 1024 1071 1082 erga
1088 1024 1234 1080 pauperes
1251 1008 1475 1081 commendatis,
1491 1010 1607 1083 qualem
1623 1023 1658 1065 se
1669 1009 1701 1065 in
1714 1009 1825 1064 iratres
1838 1026 1903 1079 555-

167 1093 276 1164 buerit,
293 1111 329 1152 ex
344 1112 379 1153 eo
395 1098 475 1169 quod
490 1115 545 1154 nec
560 1101 767 1169 patrimonium
782 1100 923 1164 dividere,
940 1114 995 1153 nec
1011 1091 1133 1153 uxore'm
1150 1097 1268 1168 ducere,
1288 1114 1342 1153 nec
1353 1100 1561 1153 testamentum
1572 1098 1705 1154 condere
1718 1096 1904 1166 substituerit,

169 1182 352 1240 demonstrat
367 1187 457 1256 (num.
475 1188 509 1243 19
523 1206 585 1262 seq.
587 1191 611 1257 ).
629 1190 684 1244 His
702 1190 769 1245 licet
784 1193 929 1261 augeatur
945 1190 1106 1257 conceptus
1122 1186 1217 1254 dolor,
1235 1201 1288 1241 cur
1302 1191 1399 1242 tamen
1415 1185 1614 1242 moderandus
1630 1187 1682 1258 sit,
1700 1187 1835 1242 rationes
1847 1201 1906 1256 pm·

168 1273 269 1343 ponit;
285 1290 377 1347 seque
393 1277 534 1347 promittit
550 1278 630 1333 illius
645 1278 817 1333 memoriam
833 1293 982 1349 nunquam
998 1276 1165 1348 positurum
1180 1276 1271 1346 (num.
1287 1274 1322 1330 63
1336 1276 1422 1350 555).
1445 1272 1728 1332 1111155555551115
1744 1275 1782 1329 ad
1798 1274 1906 1330 Marcel·

170 1358 238 1416 lines
255 1362 486 1421 consolationem
503 1365 678 1439 interjectis,
695 1369 877 1440 postremum
894 1365 959 1421 vale
974 1364 1056 1421 iratri
1071 1363 1272 1420 amantissime
1288 1364 1368 1436 (11511,
1393 1368 1481 1440 51555
1503 1365 1668 1421 orationem
1684 1363 1768 1420 lusis
1783 1378 1837 1437 pro
1851 1364 1906 1435 ejas

169 1464 243 1523 paee
259 1466 292 1505 ac
307 1452 405 1523 quiete
420 1455 561 1526 precibus
576 1454 685 1510 claudit
699 1460 789 1525 (num.
806 1454 840 1509 'ld
855 1454 941 1527 seq..)

204 1537 944 1616 11115111555551555155515555511116155551.
970 1541 1007 1611 9),
1031 1541 1118 1597 rediit
1142 1541 1179 1596 ad
1201 1540 1298 1613 Satyri
1322 1543 1543 1597 5555555155
1557 1540 1704 1613 populus
1722 1541 1908 1596 caeremonias

168 1643 336 1702 precesque
352 1636 512 1688 consuetas
529 1634 744 1688 celebraturus
762 1633 817 1686 Hic
832 1633 954 1687 alteram
970 1631 1075 1686 harum
1090 1632 1256 1686 orationum
1279 1630 1468 1700 Ambrosius,
1494 1630 1631 1702 quamvis
1655 1629 1697 1684 ad
1723 1629 1909 1685 meditandam

170 1731 235 1772 eam
250 1720 393 1788 temporis
409 1723 557 1792 angustiis
572 1725 748 1788 coarctatus,
766 1720 923 1775 admodum
938 1719 1035 1775 iusum
1050 1719 1252 1790 pronuntiavit
1267 1719 1323 1774 hoc
1339 1719 1432 1775 155515
1456 1733 1558 1774 sensu.
1584 1717 1757 1790 Postquam
1778 1718 1910 1789 praemisit

170 1805 264 1875 priori
280 1807 355 1863 libro
371 1810 503 1864 nonnihil
520 1810 615 1865 dolori
631 1809 774 1864 indultum
789 1825 868 1877 csse,
881 1809 910 1862 in
922 1809 978 1864 lroe
990 1809 1086 1881 magis
1098 1808 1228 1863 omnium
1238 1808 1390 1863 hominum
1402 1808 1597 1864 conditionem
1610 1808 1873 1862 consideraturum
1882 1822 1908 1861 sc

171 1893 328 1967 pollicetur
342 1898 435 1967 (num.
452 1898 464 1952 1
481 1900 567 1972 seq).
587 1899 655 1953 lade
671 1900 808 1969 proponit
824 1899 878 1953 tria
895 1897 1057 1968 tractanda,
1079 1902 1205 1953 mortem
1229 1897 1344 1951 scilicet
1367 1913 1552 1952 communem
1572 1912 1655 1967 csse,
1674 1911 1735 1952 nos
1752 1896 1821 1968 ejus
1835 1910 1909 1967 55551

174 1984 279 2039 sacculi
295 1987 437 2041 aerumnis
453 1991 534 2042 tutos
551 1987 640 2056 ellici,
657 2003 691 2042 ac
707 1988 824 2042 (15511151
839 2003 893 2057 555
908 2003 971 2041 eam
988 1986 1023 2040 ad
1038 1986 1290 2042 resurrectionem
1315 1985 1425 2040 aditum
1439 1985 1503 2039 dari
1518 1986 1609 2055 (num.
1625 1985 1666 2056 3).
1684 1984 1727 2041 Ut
1742 1985 1908 2056 persuadeat

173 2087 360 2128 communem
376 2074 452 2131 banc
466 2077 564 2149 legem
579 2078 730 2133 ferendam
747 2092 826 2147 esse,
854 2077 934 2131 varia
957 2077 1090 2147 exempla
1111 2076 1141 2129 in
1168 2075 1295 2130 medium
1318 2073 1412 2143 511551,
1437 2076 1506 2145 5515
1529 2089 1633 2130 55555
1658 2075 1716 2146 551
1740 2075 1907 2129 nativitatem

171 2159 301 2231 planctu,
328 2163 439 2219 obitum
464 2170 560 2220 nutem
585 2167 690 2236 plausu
711 2165 996 2236 prosequebantur:
1023 2178 1139 2219 necnon
1164 2164 1333 2234 Lyciorum,
1359 2162 1435 2232 apud
1458 2177 1534 2233 quos
1559 2162 1616 2215 viri
1641 2162 1674 2216 in
1700 2164 1788 2217 luctu
1812 2168 1907 2216 vestem

172 2248 297 2305 induere
313 2252 487 2307 muliebrem
503 2255 620 2326 legibus
638 2254 1057 2327 555565111551555.1555).
1075 2253 1198 2320 11511155,
1216 2251 1341 2323 adiectis
1362 2251 1526 2305 rationibus
1551 2251 1718 2321 nonnullis,
1744 2250 1905 2305 seminamur

172 2337 202 2392 15
217 2341 389 2395 maritorum
405 2343 559 2398 funeribus
576 2344 774 2413 impotentiam
790 2344 920 2412 graviter
936 2343 1167 2414 5551155115515.
1184 2340 1200 2396 8
1215 2343 1291 2412 555.)
1308 2356 1313 2393 :
1336 2343 1363 2394 et
1383 2340 1552 2409 patientiam
1566 2338 1595 2393 in
1619 2339 1793 2393 amicorum
1817 2343 1903 2405 morte,

174 2442 262 2499 quam
277 2429 306 2482 in
322 2430 433 2485 diutina
448 2448 550 2486 eorum
565 2434 698 2488 absentia
714 2433 912 2487 diiticiliorcm
938 2447 996 2485 non
1019 2445 1089 2486 esse
1115 2430 1201 2484 docet
1224 2429 1315 2497 (num.
1343 2429 1375 2482 15
1389 2428 1474 2500 555).
1493 2427 1560 2481 1155
1575 2426 1611 2480 ad
1625 2427 1799 2481 secundam
1813 2431 1905 2497 partein

173 2516 319 2573 accedens
336 2520 425 2587 (5551.
444 2519 479 2575 10
493 2522 578 2593 555),
595 2521 773 2591 multiplices
790 2518 1063 2591 5155511611155551
1078 2518 1147 2572 vitae
1163 2516 1355 2585 calamitates,
1372 2531 1409 2571 ex
1425 2516 1533 2587 quibus
1549 2530 1606 2570 nos
1628 2516 1692 2570 nisi
1716 2530 1775 2586 per
1800 2521 1907 2569 mortem

171 2621 230 2660 non
247 2606 377 2676 libcrari,
395 2611 566 2663 sanctorum
582 2610 715 2664 virorum
732 2610 876 2680 exemplis
892 2610 996 2679 probat
1011 2609 1103 2676 (num.
1119 2608 1154 2661 15
1170 2607 1256 2678 555).
1274 2605 1331 2661 Ubi
1347 2621 1419 2660 vero
1435 2607 1575 2676 quantum
1590 2604 1683 2659 iidem
1699 2604 1789 2675 55551
1802 2603 1905 2669 fuerint,

175 2695 364 2764 amplificavit
376 2714 382 2761 ;
399 2699 584 2753 metuendam
600 2700 668 2754 inde
683 2700 795 2771 colligit
820 2701 911 2767 (51151.
938 2698 971 2751 11
994 2698 1069 2768 seq.)
1094 2699 1220 2749 mortem
1243 2709 1302 2748 non
1327 2708 1406 2764 esse,
1427 2693 1506 2764 quod
1523 2692 1657 2764 requies,
1676 2694 1810 2762 lucrum,
1827 2707 1907 2747 ranie-

173 2782 263 2852 dium,
281 2799 317 2837 ac
330 2783 422 2839 decus
439 2785 467 2838 15
484 2800 518 2840 55
533 2787 597 2856 1555
612 2789 808 2857 reperiantur.
826 2788 945 2842 Transit
961 2786 1087 2856 denique
1102 2784 1138 2838 ad
1153 2787 1338 2854 postremum
1357 2783 1533 2852 membrum,
1560 2782 1595 2837 ad
1621 2782 1705 2853 quod
1728 2782 1907 2837 astruendum

174 2871 281 2942 triplici
296 2888 408 2944 genere
423 2876 590 2946 argumenti
605 2877 705 2947 utitur,
721 2877 862 2932 nimirum
875 2876 1003 2944 ratione,
1022 2874 1072 2930 551
1077 2872 1233 2929 versitatis
1248 2871 1392 2943 exemplo,
1410 2871 1579 2927 testimonio
1593 2871 1642 2925 rei
1658 2877 1760 2942 555155
1770 2872 1860 2941 (num.
1872 2869 1907 2937 511,

174 2960 229 3032 51).
248 2962 403 3019 Rationem
417 2965 538 3037 exigere
554 2968 585 3020 ut
600 2980 709 3036 corpus
724 2966 864 3021 stenima
889 2964 977 3019 51551
1002 2965 1053 3019 551
1074 2963 1171 3034 551515
1195 2965 1245 3016 551
1269 2961 1401 3031 praemiis
1416 2959 1592 3028 alliciantur,
1610 2960 1717 3030 paucis
1735 2960 1907 3032 perstringit

172 3050 210 3105 At
223 3066 294 3106 vero
311 3051 341 3107 15
355 3053 487 3109 secunda
503 3059 586 3124 parte
601 3055 651 3111 diu
666 3059 800 3110 moratus
816 3056 907 3125 (num.
925 3053 959 3109 56
975 3051 1060 3125 seq),
1076 3050 1200 3122 pulchre
1216 3050 1251 3105 de
1267 3053 1381 3104 naturae
1396 3048 1642 3122 generationibus
1658 3049 1907 3105 aemulationibus

172 3139 400 3210 philosophatur
417 3158 423 3197 :
440 3147 507 3213 post
521 3160 598 3215 quae,
615 3144 714 3199 dubiis
729 3144 909 3215 quibusdam
923 3143 1084 3213 prudenter
1098 3140 1257 3210 exsolutis,
1274 3139 1524 3193 resurrectionem
1539 3137 1701 3209 phoenicis,
1714 3143 1808 3210 atque
1818 3138 1905 3193 liuma-

171 3245 218 3284 nm
234 3231 435 3301 generationis
450 3234 597 3304 exemplo,
613 3234 711 3289 ilrmnl
728 3233 819 3303 (num.
836 3231 880 3301 53,
898 3232 942 3301 69)
960 3249 966 3287 :
985 3231 1179 3302 expositoque
1196 3227 1333 3299 ejusdem
1350 3226 1582 3283 resurrectionis
1607 3226 1714 3281 ordine
1740 3243 1777 3282 ac
1801 3229 1906 3291 5511555,

169 3318 324 3391 indignum
337 3336 408 3378 esse
423 3321 473 3391 ait,
491 3324 522 3376 ut
537 3337 571 3376 ea
586 3339 645 3378 non
661 3322 810 3391 credetur,
827 3338 895 3377 curn
912 3318 1131 3393 philosophicis
1157 3317 1192 3371 dc
1217 3318 1382 3372 animarum
1406 3315 1436 3371 in
1460 3314 1543 3370 varia
1567 3329 1696 3386 corpora
1722 3317 1906 3388 transmigra·

170 3408 249 3463 tione
263 3409 390 3479 deliriis,
417 3425 452 3466 ac
476 3411 600 3480 poeticis
623 3412 659 3467 de
685 3412 927 3482 serpentinorum
952 3408 1085 3466 dentium
1107 3405 1137 3459 in
1160 3404 1297 3460 homines
1321 3403 1518 3460 conversione
1541 3403 1664 3474 ineptiis
1684 3402 1766 3459 fides
1782 3404 1908 3460 habeatur

170 3498 263 3567 (num.
279 3496 324 3566 61,
341 3497 386 3568 65,
403 3498 459 3569 711).
477 3498 561 3554 Unde
577 3499 689 3571 colligit
704 3500 914 3570 prophetarum
930 3495 1120 3564 testimoniis,
1138 3509 1264 3564 quorum
1284 3493 1367 3548 locos
1385 3493 1530 3565 proponit,
1548 3495 1635 3577 atque
1652 3492 1809 3564 edisserit,
1826 3494 1904 3564 magis

173 3586 785 3661 555155555155566555.)15515555
810 3588 928 3643 venitur
952 3588 989 3643 ad
1011 3585 1057 3642 551
1080 3585 1175 3656 gestae
1199 3583 1377 3651 testimonia,
1403 3582 1454 3637 ubi
1478 3582 1612 3652 exposita
1632 3582 1724 3636 15155
1738 3585 1906 3637 mertuorum

177 3672 328 3730 aChristo
343 3676 379 3729 ad
396 3676 484 3730 ritum
498 3680 704 3732 revocatorum
719 3676 855 3746 historia,
872 3691 927 3730 nec
943 3675 963 3730 ii
977 3675 1028 3746 qui
1043 3674 1080 3729 ab
1096 3671 1170 3739 Elia,
1197 3671 1285 3727 Petro
1310 3674 1339 3727 51
1361 3672 1392 3727 15
1416 3672 1556 3743 passione
1580 3671 1738 3727 Dominica
1754 3669 1905 3728 resuscitati

171 3767 250 3832 sunt,
267 3765 531 3834 praetermittuntur
546 3766 637 3835 (5515.
655 3765 688 3820 lt
705 3769 790 3839 555).
807 3765 916 3821 Contra
932 3761 1130 3835 philosophos
1147 3764 1270 3816 sanctus
1285 3760 1397 3831 praesul
1410 3777 1518 3816 rursus
1529 3761 1705 3832 insurgens,
1722 3761 1904 3816 resurrectio·

172 3865 240 3906 nem
256 3854 362 3908 rationi
377 3869 542 3910 55555555
555 3871 626 3911 5555
641 3855 807 3911 luculenter
823 3856 968 3910 monstrat
984 3854 1075 3923 (num.
1090 3850 1125 3905 36
1140 3851 1225 3922 seq).
1241 3849 1353 3921 Adjicit
1368 3850 1459 3919 (num.
1476 3849 1520 3919 90,
1535 3849 1581 3915 91)
1597 3849 1660 3906 1155
1676 3854 1706 3905 51
1722 3850 1852 3919 Christe,
1866 3847 1904 3919 qui

173 3954 265 3994 causa
280 3943 327 3995 est
342 3944 586 4011 resurrectionis,
603 3945 690 4000 tidem
706 3945 896 4014 praebendam
915 3960 921 3998 :
936 3947 967 3998 51
980 3941 1128 4013 quomode
1146 3940 1307 4012 rapiendus
1322 3940 1362 3995 sit
1376 3939 1407 3994 in
1422 3954 1491 3995 aera
1505 3940 1626 4009 PauluS,
1646 3938 1815 4010 explanans
1830 3940 1903 4008 (num.

169 4025 226 4096 92),
243 4028 428 4099 patriarchas
444 4031 546 4087 vivere
561 4031 657 4099 decet,
674 4031 710 4086 dc
725 4048 850 4102 quorum
867 4031 1029 4087 virtutibus
1044 4029 1092 4102 pie
1107 4028 1341 4101 515551511555.
1359 4027 1394 4083 35
1409 4028 1496 4101 555.).
1509 4028 1563 4082 1115
1578 4043 1636 4100 555
1651 4029 1770 4084 5511555
1785 4028 1901 4083 Christus

173 4115 402 4173 intermortuos
417 4117 497 4173 111155
510 4116 635 4188 dicatur,
651 4120 701 4175 ubi
716 4119 882 4191 subjunxit,
907 4137 974 4191 quas
999 4120 1036 4175 (15
1059 4119 1141 4174 tubis
1156 4118 1258 4174 Moses
1271 4117 1424 4189 praecepit,
1439 4117 1566 4187 spiritali
1579 4122 1701 4172 enarrat
1717 4135 1813 4173 55555
1826 4122 1896 4187 (num.

174 4203 219 4274 95,
238 4205 320 4277 illm
337 4207 448 4282 551655
463 4208 676 4278 expositionem
692 4208 887 4280 quorumdam
903 4225 919 4264 c
933 4208 1063 4265 Canticis
1079 4211 1107 4263 et
1124 4207 1303 4280 Apocalypsi
1317 4207 1450 4262 locorum
1465 4206 1544 4262 addit
1559 4207 1651 4271 (num.
1671 4207 1724 4262 118
1739 4218 1825 4281 555.)
1839 4209 1897 4260 tior·

174 4297 268 4352 155515
284 4295 403 4353 demum
417 4301 554 4368 tanquam
571 4298 600 4353 in
617 4298 797 4367 manipulum
812 4301 872 4353 tota
887 4299 1031 4368 55511555,
1047 4296 1185 4368 votisque
1197 4300 1228 4350 51
1241 4297 1364 4351 1551555
1374 4295 1460 4351 brevi
1471 4297 1625 4366 sequatur,
1643 4295 1743 4365 palam
1760 4293 1895 4365 conceptis,

175 4400 345 4441 sermonem
360 4386 490 4442 absolvit
503 4386 595 4457 (num.
613 4385 665 4442 1311
680 4388 767 4460 seq).

207 4475 297 4532 Extra
312 4475 435 4531 dubium
451 4480 497 4532 est
511 4476 567 4532 1155
583 4477 659 4533 duos
674 4477 769 4533 libres
784 4479 924 4532 constare
946 4475 1067 4532 totidem
1093 4474 1290 4544 erationibus,
1317 4489 1392 4546 quas
1414 4472 1444 4528 15
1459 4489 1549 4529 5555
1565 4490 1653 4545 5555,
1670 4475 1764 4530 indite
1781 4476 1894 4530 librorum

171 4563 265 4635 titulo,
282 4564 400 4623 5115515
416 4567 504 4622 etiam
518 4565 670 4621 nonnullis
686 4565 812 4637 adjectis
828 4563 1223 4635 551155515115,5511)5551
1242 4563 1334 4618 voluit
1359 4563 1486 4635 ipsemet
1509 4562 1713 4637 Ambrosius3
1733 4561 1894 4620 andastauin

170 4651 253 4708 initio
269 4654 393 4710 secundi
408 4654 475 4711 libri
491 4655 555 4711 haec
570 4654 663 4709 verba
679 4655 758 4724 ponit
775 4671 780 4708 :
809 4653 972 4726 Superiora
990 4652 1069 4707 libro
1084 4651 1197 4723 aliquid
1211 4650 1397 4721 indulsimus,
1425 4653 1480 4706 etc.
1507 4649 1616 4705 Eadem
1642 4655 1728 4723 operi
1761 4648 1893 4724 praeligitur

176 4740 207 4795 in
221 4743 433 4814 manuscriptis
449 4743 513 4799 baec
528 4743 705 4813 inscriptio
699 4758 704 4770 ·
723 4743 868 4815 Incipiunt
886 4741 960 4796 libri
975 4741 1073 4797 555511
1087 4739 1243 4796 Ambrosii
1258 4739 1389 4812 episcopi
1402 4739 1440 4795 (15
1455 4739 1592 4795 11155555
1607 4739 1718 4814 Satyri
1732 4736 1886 4800 1551515511,

171 4834 203 4882 et
218 4828 256 4884 de
272 4830 507 4888 11555555511555
521 4839 714 4888 mortuorum
731 4832 763 4886 ln
778 4832 959 4905 quibusdam
981 4834 1078 4886 15555
1103 4829 1258 4884 codicibus
1283 4829 1380 4901 aliqua
1402 4828 1530 4883 varietas
1547 4832 1611 4884 est·
1606 4831 1758 4901 ,exempli
1773 4842 1860 4890 causa,
1872 4823 1891 4875 it

175 4917 325 4973 nonnullis
340 4918 397 4975 hoc
414 4922 501 4977 modo
516 4920 715 4977 inscribitur:
739 4920 870 4976 Flebilis
892 4920 1076 4995 querimonia
1098 4918 1181 4974 65511
1204 4917 1361 4973 Ambrosii
1381 4918 1530 4972 antistitis
1549 4917 1586 4973 de
1607 4935 1736 4976 excessu
1751 4909 1891 4975 clarissimi

170 5021 218 5062 sur
215 5005 364 5071 “·1551115,·
389 5010 472 5065 sed
466 5027 495 5065 m
517 5010 667 5066 similibus
689 5010 838 5066 librarios
854 5011 982 5064 maxima
1004 5008 1124 5073 licentia
1140 5022 1214 5063 usos
1229 5007 1405 5079 reperimus
1423 5006 1550 5080 Majeris
1570 5008 1755 5064 auctoritatis
1770 5011 1820 5073 est,
1835 4997 1889 5074 qutd

169 5095 359 5167 Augustinus
374 5097 438 5167 (lib.
455 5116 474 5152 ιι
491 5098 628 5169 115-5555.
646 5100 722 5170 5515.
740 5114 805 5168 cap.
822 5099 868 5169 11)
884 5098 994 5154 1165551
1009 5097 1175 5153 secundum
1191 5096 1239 5151 his
1255 5097 1357 5152 verbis
1372 5095 1481 5169 allegat
1498 5113 1504 5151 :
1533 5095 1565 5150 ln
1589 5111 1680 5168 opere
1701 5097 1776 5170 quod
1795 5090 1888 5162 55515511

168 5184 487 5250 11511555555511555,·
503 5190 660 5258 utrumque
676 5191 773 5243 nutem
790 5187 968 5243 Ambrosius
984 5186 1109 5252 (Enarr.
1125 5185 1209 5241 Psal.
1226 5203 1246 5255 1,
1263 5202 1292 5241 5.
1309 5184 1578 5256 51)151515155515
1596 5201 1602 5240 :
1620 5185 1655 5239 15
1671 5185 1763 5241 libris
1779 5178 1888 5240 Consola-

172 5275 263 5331 tionis
286 5280 316 5330 51
340 5275 594 5331 115555555115515.
625 5277 666 5332 115
691 5278 790 5347 priore
813 5276 907 5348 liujus
933 5276 1141 5346 inscriptionis
1167 5279 1249 5346 parte
1273 5275 1406 5330 dicemus
1429 5275 1460 5328 in
1478 5275 1687 5330 Admonitione
1702 5275 1738 5331 ad
1753 5273 1887 5329 Orationem

172 5365 210 5421 de
226 5365 315 5420 Obitu
339 5364 549 5434 Valentiniani,
568 5382 646 5420 nunc
672 5383 741 5420 vere
767 5366 1086 5422 155151515555111555
1111 5365 1261 5420 communi
1284 5364 1366 5419 titulo
1390 5365 1539 5418 sermonis
1555 5367 1763 5436 argumentum
1778 5357 1887 5434 liquidius
1942 5427 1944 5431 Ι

169 5453 282 5510 efferri.
299 5453 384 5520 Quod
398 5454 435 5510 ad
450 5454 564 5509 11151515
581 5455 707 5509 secundi
722 5455 800 5523 libri,
817 5456 879 5510 lere
894 5456 921 5510 15
937 5454 1102 5526 5555151155
1124 5454 1155 5508 15
1176 5454 1255 5508 111515
1272 5453 1398 5509 15551551
1414 5471 1420 5508 ;
1444 5453 1487 5507 115
1508 5452 1567 5508 ille
1591 5452 1835 5515 Ilesurrecticnis,
1857 5439 1887 5494 til
1941 5442 1944 5449 ’

170 5541 215 5600 De
240 5544 467 5600 resurrectione
490 5551 690 5608 mortuorum·
714 5545 831 5599 etcum
855 5549 956 5616 aptum
977 5547 1158 5617 cessatque
1184 5560 1349 5617 congruum
1373 5543 1532 5614 praemissa
1552 5544 1687 5614 analysis
1703 5528 1888 5615 ejusdemlibri
1924 5508 1930 5595 l

173 5632 261 5702 plane
276 5633 437 5690 convincit

202 5720 278 5776 lllud
293 5721 395 5793 operis
411 5737 448 5778 ce
463 5723 529 5793 ipsc
547 5735 624 5777 5555
640 5720 838 5792 5555551155
853 5721 960 5796 151555,
976 5739 1035 5797 555
1050 5722 1175 5796 Satyrus
1190 5722 1329 5796 migravit
1344 5721 1380 5778 ad
1395 5735 1534 5797 superes,
1556 5719 1675 5778 inliciua
1700 5721 1787 5778 iverit
1809 5725 1887 5773 neum
1929 5784 1932 5789 Ι

139 5808 221 5869 sed
236 5811 328 5883 55515
342 5825 420 5870 anne
433 5810 501 5871 6555
515 5810 620 5869 eadem
636 5825 719 5867 mors
734 5809 881 5884 inciderit,
899 5810 1059 5870 obscurius
1083 5818 1138 5872 cst
1165 5813 1314 5871 Beronius
1339 5812 1477 5870 cumdem
1499 5811 1553 5884 illi,
1576 5828 1667 5886 quem
1689 5811 1764 5870 caedi
1777 5799 1889 5869 Gratiani·
1929 5814 1932 5819 '
