3900 6128
68 292 150 358 aas
476 282 1041 357 oaaxcassuraarmssor
1063 280 1320 359 sammua.
1343 282 1368 351 1.
1712 250 1793 365 aaa

68 501 261 558 tribuendum
275 501 366 572 putat,
384 499 414 554 id
429 501 475 555 est
489 496 558 568 ³833
575 512 719 569 suamque
735 495 903 567 opinionem
918 495 985 553 inde
1001 495 1171 566 communit,
1188 511 1247 568 quo
1262 495 1333 554 belli
1348 498 1435 570 atque
1453 494 1651 556 Barbarorum
1665 499 1813 577 timorem,

70 592 108 646 de
124 605 184 662 quo
200 589 248 643 hie
263 589 370 660 agitur,
389 586 446 642 alio
463 585 570 641 reterri
584 600 675 656 posse
691 597 750 639 nun
766 584 924 654 existimat,
941 585 999 639 nisi
1014 585 1051 640 ad
1066 584 1268 655 irruptionem,
1285 600 1372 656 quam
1388 585 1534 642 exstincto
1550 590 1711 644 memorato
1728 590 1813 661 prin·

70 681 147 750 cipe,
175 676 321 732 Maximus
345 676 434 731 ltaliae
458 674 656 729 minitabatur.
674 673 892 742 Verumtamen,
918 675 1115 744 praeterquam
1139 673 1217 746 quod
1241 688 1337 745 neque
1364 674 1521 745 Maximus,
1547 691 1641 747 neque
1663 677 1816 751 Eugenius

68 768 221 823 Barbaros
246 765 350 836 quales
375 765 473 834 priore
498 763 575 819 libro
597 762 741 817 describit
766 766 887 816 sanctus
911 762 1034 833 praesul,
1060 778 1162 816 secum
1182 762 1344 817 adduxisse
1362 779 1486 834 usquam
1503 765 1650 837 leguntur,
1668 769 1815 838 quomodo

68 857 149 912 idem
175 855 357 910 Ambronius
374 857 425 908 aut
440 852 616 907 mentionem
630 855 689 905 tam
714 852 842 905 recentis
858 851 970 906 doloris
987 851 1240 921 praetermisisset,
1258 855 1306 906 aut
1321 855 1380 905 tam
1397 851 1521 907 fidenter
1537 854 1566 908 in
1583 853 1702 910 domum
1718 873 1814 931 suam,

68 944 216 1019 quidquid
241 944 399 998 timebatur
424 942 573 1009 omnibus,
598 940 728 995 fraterna
749 942 842 994 morte
867 955 1045 996 conversum
1069 955 1138 994 esse
1164 943 1251 1011 atque
1267 941 1416 1010 expiatum
1431 942 1677 1011 pronuntiasset?
1693 946 1816 1003 Accedit

68 1035 152 1107 quod
167 1049 234 1089 cum
248 1031 345 1103 Satyri
359 1031 577 1103 navigationem
594 1027 782 1083 Ambrosiani
799 1028 986 1098 pontificatus
1003 1028 1083 1082 initio
1100 1033 1270 1098 susceptam
1285 1044 1354 1083 esse
1372 1028 1444 1083 illud
1460 1030 1592 1098 suadeat,
1613 1033 1692 1103 quod
1712 1035 1742 1091 ia
1767 1051 1816 1092 ac-

70 1124 225 1180 casionem
240 1137 299 1176 non
315 1118 452 1175 solvendi
467 1118 557 1177 debiti
571 1117 705 1172 eamdem
721 1115 872 1172 Ambrosii
887 1117 1060 1188 dignitatem
1075 1116 1209 1172 trahebat
1225 1116 1364 1187 Prosper,
1387 1133 1516 1190 cumque
1536 1118 1672 1196 Satyrum
1695 1122 1726 1178 in
1750 1123 1815 1195 ipsc

71 1214 170 1269 aetatis
185 1211 258 1266 llere
272 1208 451 1264 Ambrosius
467 1207 616 1265 sublatum
631 1208 730 1260 narret
745 1205 807 1276 (lib,
824 1222 843 1276 1,
861 1222 890 1260 n.
907 1204 968 1275 31);
984 1220 1020 1259 ex
1036 1204 1083 1259 his
1100 1205 1211 1267 clarum
1227 1204 1258 1259 ut
1272 1205 1398 1260 bellicos
1414 1205 1482 1261 illos
1497 1210 1593 1262 motus
1613 1223 1647 1262 ac
1660 1208 1816 1278 ,Barbare-

67 1317 139 1357 rum
154 1298 249 1355 minas
265 1313 332 1357 cum
347 1297 436 1352 exitio
453 1295 586 1354 Valentis
601 1292 786 1364 imperatoris
803 1309 879 1348 enno
894 1293 957 1362 3¹18,
974 1311 1003 1347 ιν
1019 1292 1083 1348 llal.
1099 1292 1179 1365 Sept.
1196 1294 1225 1347 in
1240 1293 1359 1366 tugurio
1369 1294 1527 1364 combusti,
1544 1297 1641 1368 magis
1652 1299 1813 1373 quadrure;

68 1389 129 1446 hnc
145 1387 224 1444 enim
238 1389 411 1457 tempestate
428 1384 535 1458 ingens
550 1399 567 1436 a
582 1381 722 1438 Barbarie
737 1383 833 1437 metus
850 1378 961 1438 ltaliam
978 1398 1011 1436 ae
1026 1381 1140 1436 vicinas
1157 1383 1327 1452 provincias
1350 1383 1468 1438 invasit.
1495 1381 1679 1456 Quapropter
1701 1391 1816 1445 utrum-

69 1494 131 1552 que
147 1477 225 1533 hunc
241 1476 348 1532 librum
363 1489 439 1528 enno
454 1471 632 1544 insequenti,
648 1470 706 1527 hoe
722 1473 768 1550 est
780 1467 845 1538 8²19,
861 1470 1003 1540 scriptum
1019 1486 1088 1526 esse
1104 1471 1175 1525 nulli
1191 1469 1379 1542 dubitamus;
1397 1471 1485 1544 idque
1500 1473 1556 1527 sub
1573 1475 1686 1531 aestatis
1702 1476 1817 1536 initium

69 1565 239 1638 contigisse
256 1565 430 1636 argumento
446 1563 501 1625 esi,
519 1561 598 1633 quod
613 1560 792 1617 Ambrosius
807 1558 927 1615 fratrem
944 1562 972 1614 et
987 1575 1039 1630 per
1054 1559 1178 1615 hiberna
1193 1559 1306 1633 frigora
1320 1561 1493 1634 navigasse,
1515 1564 1543 1618 et
1558 1563 1662 1634 paucis
1681 1580 1698 1619 a
1720 1568 1817 1626 reditu

68 1653 230 1711 mensibus
246 1652 402 1724 expirasse
418 1652 555 1706 testatum
572 1649 651 1704 tacit.

107 1741 231 1815 Antiqui
247 1740 339 1798 moris
357 1741 411 1796 luit
426 1740 503 1812 apud
516 1738 729 1807 Athenienses,
747 1739 778 1794 ut
794 1737 845 1810 qui
860 1752 914 1808 pro
928 1736 1022 1807 petria
1038 1735 1153 1791 sortiter
1176 1735 1343 1791 dimicande
1368 1736 1592 1807 occubuissent,
1616 1740 1735 1811 publica
1757 1743 1820 1801 lau-

70 1832 193 1889 datione
207 1831 434 1898 honorarentur,
456 1821 703 1900 quemadmodum
717 1825 800 1883 Plato
815 1830 918 1882 auctor
933 1825 1023 1880 estin
1038 1825 1227 1885 dleaexeuor
1244 1825 1368 1880 Romani
1385 1841 1456 1880 vero
1472 1825 1605 1907 illustres
1628 1828 1712 1885 viros
1731 1834 1819 1906 atque

69 1922 201 1978 feminas
217 1919 321 1976 eodem
337 1919 449 1974 bonore
465 1915 732 1988 prosequebantur,
749 1931 837 1987 quam
854 1913 1130 1970 consuetudinema
1149 1913 1183 1968 P.
1200 1913 1263 1968 Val.
1285 1912 1438 1968 Publicola
1464 1914 1598 1985 consule,
1624 1916 1675 1987 qui
1698 1917 1821 1977 lunium

70 2009 221 2084 collegam
235 2008 355 2080 publice
370 2007 508 2074 laudavit,
527 2007 660 2060 exortam
676 2019 745 2059 esse
760 2003 923 2059 observant
939 2002 1083 2057 historici.
1101 2000 1160 2057 Sed
1173 2002 1339 2074 antiquiora
1353 2002 1450 2057 adhuc
1461 2002 1680 2074 ejusdemritus
1691 2009 1819 2083 vestigia

71 2099 239 2156 exstantia
255 2097 354 2152 Libris
370 2096 478 2151 sacris.
495 2093 570 2148 Nam
585 2092 632 2149 rel
649 2091 769 2146 Davidis
784 2091 920 2163 planctus
935 2106 1027 2160 super
1041 2090 1128 2145 Saule
1144 2106 1178 2144 ae
1193 2091 1330 2161 lonathn,
1349 2092 1400 2161 qui
1415 2091 1493 2145 libro
1514 2091 1539 2147 ll
1562 2093 1677 2166 Regum
1697 2094 1792 2166 capite
1807 2114 1818 2154 1

70 2185 279 2241 describitur:
297 2181 345 2238 vel
361 2181 498 2238 ‹lererniee
513 2181 640 2235 lamenta
655 2195 748 2250 super
762 2179 845 2234 tesia
859 2194 941 2251 rege,
958 2178 994 2233 de
1011 2177 1120 2250 quibus
1135 2177 1211 2233 libro
1228 2177 1251 2232 ll
1270 2178 1525 2251 Paralipomenon,
1547 2180 1618 2253 quid
1636 2183 1716 2239 aliud
1735 2188 1816 2258 sant,

72 2274 133 2330 nisi
148 2273 291 2329 iunchres
306 2271 512 2327 laudationes?
526 2269 593 2324 Non
607 2269 698 2341 igitur
712 2267 818 2323 mirum
834 2267 928 2323 videri
943 2266 1040 2337 debet,
1057 2268 1084 2323 si
1100 2270 1141 2323 tot
1155 2270 1305 2324 crationes
1321 2267 1351 2323 iu
1367 2267 1605 2340 laudemeorum,
1623 2287 1688 2328 srve
1698 2273 1749 2346 qui
1763 2290 1818 2346 pro

72 2363 187 2418 Christi
211 2362 268 2417 fide
292 2377 326 2415 ac
349 2359 467 2416 nomine
490 2358 667 2430 sanguinem
692 2355 906 2428 profudissent,
924 2357 988 2412 sive
1009 2356 1212 2427 quivirtutum
1229 2356 1415 2429 singularum
1441 2357 1599 2429 splendore
1615 2358 1816 2420 Christianum

71 2468 184 2510 nomen
198 2450 442 2520 illustravissent,
460 2449 567 2505 habitae
584 2446 769 2519 reperiantur
783 2446 860 2516 apud
878 2445 979 2501 Patres
994 2445 1139 2501 Ecclesiae
1155 2444 1267 2501 Graecae
1282 2462 1317 2500 ae
1335 2445 1466 2517 latiuee3
1483 2446 1540 2502 sed
1557 2447 1629 2504 illud
1643 2448 1720 2507 torte
1735 2450 1817 2509 vide·

68 2541 154 2597 bitur
169 2538 357 2608 insolentius,
376 2538 455 2610 quod
471 2536 571 2591 fratris
586 2535 690 2590 laudes
705 2534 796 2590 irater
812 2535 876 2605 ipsc
891 2533 1042 2590 celebrare
1058 2549 1226 2607 aggressus
1243 2533 1341 2590 luerit.
1360 2535 1471 2591 Verum
1493 2535 1659 2593 clarissima
1682 2542 1819 2614 exempla

72 2630 168 2687 habet
181 2628 371 2697 Ambrosius,
389 2626 498 2699 quibus
515 2641 548 2680 se
565 2624 711 2679 desendet.
727 2623 872 2694 Namque,
889 2624 921 2678 ut
935 2621 1102 2677 omittemus
1119 2621 1191 2677 illud
1206 2622 1341 2694 prolenis
1356 2638 1414 2678 usu
1430 2624 1562 2695 venisse,
1584 2629 1616 2681 ut
1640 2629 1741 2701 magni
1758 2630 1817 2686 viri
1848 2625 1850 2629 ’

71 2723 259 2775 mortuorum
274 2716 331 2772 sibi
348 2715 516 2770 arctissimo
533 2712 753 2784 conjunctionis
769 2727 847 2767 nexu
863 2710 1065 2782 copulatorum
1081 2711 1279 2767 encomiastes
1296 2728 1329 2768 se
1344 2713 1536 2785 praebuerint,
1553 2714 1633 2788 quod
1647 2717 1757 2774 tactum
1775 2719 1817 2776 le·

70 2810 157 2882 gitur
172 2824 190 2863 a
204 2806 283 2862 lulio
300 2804 430 2874 Caesare,
447 2804 497 2875 qui
515 2802 622 2858 taliam
637 2801 754 2856 amitam
770 2802 800 2856 et
813 2800 980 2857 Corneliam
993 2796 1117 2855 uxorem
1131 2799 1265 2856 laudarit
1280 2817 1296 2856 e
1310 2818 1392 2858 more
1402 2819 1460 2875 pro
1483 2805 1604 2874 rostris,
1631 2808 1664 2861 ut
1686 2807 1725 2862 ait
1745 2808 1818 2867 Sue·

71 2897 176 2953 tonius
192 2895 223 2950 in
239 2893 306 2965 ejus
322 2892 387 2947 Vita
401 2908 408 2961 3
422 2894 455 2946 ut
469 2889 633 2964 Gregorius
648 2889 863 2960 Nazianzenus,
882 2888 969 2960 cujus
986 2891 1135 2945 orationes
1151 2892 1181 2946 in
1207 2891 1311 2962 patris,
1339 2890 1439 2947 fratris
1463 2909 1498 2948 ac
1519 2893 1635 2950 sororis
1660 2895 1816 2957 funeribus

72 2986 162 3042 dictae
178 2984 349 3056 supersunt,
366 2980 525 3035 Ambrosio
542 2977 681 3035 sulficere
697 2980 801 3049 posset
816 2979 851 3034 ad
867 2979 1064 3049 patrocinium
1082 2993 1088 3034 τ
1105 2981 1209 3051 postea
1227 2996 1299 3036 vero
1321 2982 1349 3036 el
1370 2980 1547 3054 Gregorium
1573 2986 1602 3039 et
1625 2984 1817 3047 Ambrosium

75 3072 248 3131 Bernartius
264 3072 293 3125 in
308 3069 453 3125 laudando
469 3068 593 3124 Girardo
609 3068 699 3123 tratre
716 3068 845 3122 imitatus
862 3071 918 3123 est.

108 3159 356 3224 admonebimus,
372 3161 529 3230 antequam
544 3158 579 3212 de
594 3157 693 3212 tabula
709 3173 814 3212 manus
829 3156 957 3226 tolletur,
975 3155 1169 3229 Dungaluma
1185 3155 1315 3212 librariis
1326 3158 1514 3229 quibusdam,
1532 3159 1582 3232 qui
1597 3159 1635 3218 ob
1645 3164 1818 3224 nonnullam

72 3251 242 3326 argumenti
257 3249 429 3304 affinitatem
445 3247 553 3302 librum
569 3246 614 3300 De
629 3245 777 3301 Paradiso
791 3245 839 3300 his
854 3244 971 3315 duobus
986 3244 1072 3300 libris
1088 3262 1146 3300 una
1171 3245 1405 3318 descripserunt,
1430 3249 1595 3320 deceptum,
1620 3251 1756 3309 eumdem
1778 3257 1817 3313 li.

72 3344 159 3398 hrum
175 3343 314 3412 tanquam
330 3338 446 3393 tertium
462 3335 498 3391 de
518 3335 608 3390 Morte
623 3333 720 3406 Satyri
736 3333 928 3408 allegavisse,
946 3336 975 3389 in
991 3350 1050 3406 quo
1066 3336 1164 3405 ipsum
1180 3337 1314 3407 graviter
1327 3334 1527 3392 hallucinasse
1542 3353 1628 3394 nemo
1639 3355 1698 3396 non
1708 3342 1816 3404 videat.

71 3428 158 3498 Quod
174 3431 271 3483 autern
286 3425 322 3482 ad
338 3423 519 3498 epitaphium
534 3423 571 3478 ab
586 3437 621 3478 ec
637 3425 842 3493 memoratum,
859 3422 924 3480 haec
939 3422 1007 3495 ejus
1024 3422 1115 3478 rerba
1130 3426 1200 3480 sunt
1215 3424 1374 3481 Ambrosio
1390 3428 1493 3482 nostro
1510 3425 1576 3498 (loc.
1594 3442 1658 3502 sup.
1676 3429 1741 3497 cit.)
1757 3447 1817 3494 non

74 3520 164 3576 ‹llane
179 3517 301 3590 indigna
319 3531 325 3571 ε

495 3610 592 3661 Urania
607 3609 701 3672 Satyro
712 3623 743 3659 su
764 3622 864 3659 remum
876 3610 957 3660 irater
968 3610 1093 3659 honorem

544 3670 667 3735 Martyria
679 3671 713 3736 (l)
727 3623 762 3721 ad
773 3670 865 3721 lavam
877 3671 970 3722 detulit
981 3672 1149 3722 Ambrosius.

496 3733 561 3787 Here
573 3736 657 3784 meriti
672 3748 782 3794 merces,
794 3740 823 3783 ut
835 3735 904 3784 sacri
918 3735 1057 3799 sanguinis
1067 3736 1161 3784 humor

543 3797 681 3848 Finitimae
693 3802 832 3860 penctrans
844 3797 925 3848 alluat
936 3797 1055 3847 exuviae.

102 3895 138 3961 (Ι)
156 3891 249 3945 Sancti
262 3888 380 3942 Victoris
391 3887 524 3938 videlicet.

388 4161 838 4340 SANCTI
906 4162 1580 4340 AMBROSM·

669 4405 1015 4494 uaurouauausm
1046 4427 1239 4492 ne1sc0r1

337 4604 430 4719 ull
472 4601 787 4721 EXCESSU
824 4604 1125 4720 FRATRIS
1156 4603 1268 4719 SUl
1307 4600 1562 4720 sallat

809 4823 1100 4904 mmmmm

731 5060 907 5144 LIBER
934 5061 1166 5148 PRIMUS.

129 5330 227 5398 1113
250 5337 277 5395 1.
298 5335 493 5410 Deduximus,
520 5335 628 5395 iratres
650 5337 848 5406 dilectissimi,
873 5338 925 5394 ho·
941 5321 969 5381 Α
984 5337 1157 5409 placentem,
1175 5329 1314 5395 domnum
1329 5334 1486 5399 ethalrem
1502 5335 1541 5415 (8)
1559 5338 1813 5416 meumSatyrum.

88 5432 178 5488 ctiam
191 5444 297 5500 meam,
310 5426 714 5498 hostiamincontaminatam,
727 5427 854 5482 hostiam
865 5427 926 5483 Deo
983 5428 1174 5485 ltemineram
1188 5443 1259 5487 esse
1273 5430 1436 5502 mortalem,
1453 5447 1508 5487 nec
1522 5431 1627 5487 ielellit
1636 5430 1744 5502 opinio,
1761 5429 1816 5487 sed

136 5579 292 5653 MScripti
309 5594 385 5636 anno
399 5577 463 5636 819.
983 5578 1124 5649 tratrem
1149 5579 1199 5636 alii
1222 5596 1297 5637 mss.
1322 5580 1424 5653 plures
1444 5583 1473 5636 ct
1507 5581 1628 5650 otiores,
1647 5601 1658 5629 ι
1674 5578 1816 5636 domnum

138 5652 167 5729 ³}
185 5651 296 5711 Omnes
311 5652 382 5711 edit.
397 5664 433 5710 ao
448 5665 522 5709 mss.
539 5649 684 5726 nonnulli,
702 5671 714 5700 α
730 5648 882 5710 dominum
896 5651 927 5710 et
970 5654 1014 5711 et
1025 5651 1157 5711 tratrem.
1174 5675 1186 5704 a
1203 5650 1348 5712 observet
1362 5654 1460 5710 autem
1510 5650 1640 5709 enardus
1657 5653 1761 5712 noster
1782 5650 1815 5717 in
