3900 6128
116 310 194 383 11⁷9

831 315 864 383 S.
885 317 1108 385 AMBROSH.
1131 375 1133 379 ,

1768 320 1844 388 nat

119 486 122 491 Ι
154 519 181 576 4.
197 518 411 590 Accipa'alind.
435 520 511 587 Quid
525 525 572 577 est
595 523 734 592 mundus,
759 523 817 577 uisi
832 522 951 595 quidam
965 503 995 566 Λ
1010 523 1109 594 minis,
1120 523 1227 580 coelum
1242 538 1361 581 corona.
1373 523 1431 581 hut
1441 523 1662 597 quusiumicum
1673 523 1844 596 igiturpra

120 624 198 682 agon
213 610 319 680 plenus
335 611 548 666 certaminum?
572 611 656 668 Unde
677 616 705 668 et
729 612 758 666 in
774 612 952 683 Apocalypsi

120 699 265 755 Dominus
281 700 320 754 ait
333 717 362 754 :a
380 700 514 755 Vincenti
525 702 600 757 dabo
612 718 751 758 coronam
765 702 834 758 vitan
848 702 950 773 (Apoc.

119 807 151 857 rr,
168 790 228 860 lO);
248 814 259 839 v
279 795 307 847 et
321 790 432 845 Paulus
443 792 481 845 ait
497 809 503 846 :
523 815 534 839 a
550 791 705 847 Certamen
715 792 825 847 benum
840 790 952 847 certavi

46 882 48 887 '
119 878 163 947 (ΙΙ
179 879 251 935 Tim.
270 896 309 949 iv,
325 879 368 948 Ἶ);
388 903 398 928 l
417 883 446 935 et
461 880 553 936 alibi:
573 903 585 928 ι
604 881 697 936 Nemo
713 882 771 936 nisi
786 881 836 952 qui
853 880 952 953 legiti-

118 985 165 1025 me
180 969 349 1036 certaverit,
367 974 528 1025 coronatur
543 969 585 1040 (ll
610 969 682 1025 Tim.
704 988 734 1039 n,
752 971 791 1041 4).
819 992 830 1018 ι
852 969 952 1041 Hujus

117 1057 225 1128 agonis
248 1058 431 1113 instaurator
453 1058 556 1130 utique
580 1060 765 1130 omnipotens
789 1061 869 1115 Deus
895 1062 950 1113 est.

116 1145 171 1212 Qui
187 1146 278 1219 igitur
297 1162 422 1220 ugonem
445 1148 571 1218 suscipit
585 1149 613 1202 in
631 1149 687 1203 hoe
708 1149 831 1217 saeculo,
852 1163 950 1203 nenne

43 1263 49 1270 -
116 1237 213 1291 omnia
223 1240 371 1307 praeparat
381 1253 447 1308 quta
459 1237 546 1309 agoni
557 1241 626 1292 sunt
636 1238 809 1293 necessaria
821 1253 827 1292 :
840 1241 870 1292 et
881 1240 951 1293 tune

118 1325 243 1380 athletas
258 1329 353 1395 vocat,
369 1327 481 1396 paratis
501 1327 693 1396 premiorum
715 1327 827 1397 infulis,
854 1330 950 1381 certa·

44 1452 48 1461 «
119 1419 205 1470 turos
220 1414 256 1469 ad
272 1430 426 1482 coronam;
444 1432 610 1473 numeram
625 1418 753 1486 patiatur
768 1416 818 1487 qui
834 1416 949 1487 vicerit,

119 1504 172 1560 sed
188 1505 310 1575 praemio
327 1505 452 1560 donatus
467 1506 588 1561 recedat
603 1506 617 1559 t
630 1506 759 1560 Praemia
773 1520 846 1578 ergo
862 1505 953 1560 homi-

7 1586 14 1599 ”
119 1595 165 1648 nis
183 1598 331 1648 terrarum
348 1594 461 1649 fractus
477 1599 557 1664 sunt,
578 1598 606 1650 et
621 1596 688 1649 coeli
704 1595 812 1649 lumina
828 1611 834 1648 :
852 1593 952 1649 illaad

119 1684 188 1738 vitm
203 1683 364 1753 praesentis
380 1699 483 1752 usum,
506 1685 571 1739 haec
586 1684 622 1738 ad
638 1699 721 1753 spem
736 1683 803 1737 vitae
819 1686 948 1737 aeternae.

153 1791 180 1845 5.
196 1789 287 1855 Quasi
303 1790 410 1845 athleta
435 1790 526 1862 igitur
549 1794 719 1860 postremus
736 1789 902 1860 ingreditur
921 1789 951 1843 in

119 1893 244 1950 ugonem
260 1879 369 1950 :erigit
384 1878 420 1932 ad
435 1880 541 1933 caelum
554 1880 667 1947 oculos,
684 1879 763 1934 videt
773 1879 841 1950 quia
857 1882 885 1933 et
895 1894 952 1933 coe·

119 1968 205 2022 lestis
216 1972 353 2022 creatura
364 1969 484 2022 vanitati
495 1968 630 2038 subjecta
638 1972 693 2038 est,
706 1985 763 2023 nen
775 1973 889 2039 sponte,
897 1967 951 2024 sed

118 2061 241 2126 propter
252 2072 319 2111 eum
330 2057 380 2127 qui
391 2056 519 2128 subjecit
531 2073 595 2111 cam
607 2058 635 2111 in
649 2074 701 2127 spe
713 2057 806 2127 (Rom.
821 2075 881 2128 vm,
893 2056 948 2128 40).

119 2144 205 2199 Videt
220 2144 287 2216 quia
298 2146 394 2200 omnis
407 2149 543 2200 creatura
554 2147 759 2218 congemiscit,
772 2150 950 2217 exspectans

119 2234 360 2303 redemptionem.
392 2235 478 2289 Videt
507 2235 575 2307 quia
604 2237 700 2290 omnis
730 2241 827 2293 manet
855 2238 949 2292 labor.

119 2321 216 2395 Erigit
230 2323 344 2390 oculos,
356 2323 436 2378 videt
448 2340 575 2380 coronas
591 2325 743 2393 luminum,
757 2327 834 2381 lunae
845 2332 873 2381 et
885 2327 951 2381 stel-

119 2411 215 2466 larum
226 2411 332 2484 globos
349 2413 517 2468 considerat
529 2413 585 2484 (99)
602 2431 608 2468 :
624 2438 635 2462 ιι
651 2415 795 2480 Quoniam
801 2415 887 2487 justi,
901 2415 951 2487 qui

119 2500 256 2570 vicerint,
272 2505 359 2556 erunt
374 2501 451 2557 sicut
467 2504 562 2558 stellae
573 2505 602 2557 iu
625 2505 700 2560 coelo
716 2505 802 2572 (Dan.
814 2523 864 2574 ιιιι,
876 2504 918 2575 9);
937 2526 949 2553 ι

120 2592 149 2644 et
163 2589 290 2662 castigat
304 2605 415 2662 corpus
432 2608 529 2660 suum,
549 2608 585 2647 ne
596 2593 653 2647 sihi
665 2593 880 2648 adverseturin
891 2609 952 2649 cer-

118 2680 228 2734 tamine
247 2696 252 2734 :
271 2682 355 2752 ungit
370 2681 434 2736 oleo
451 2681 678 2749 misericordiae,
706 2686 826 2738 oxornat
847 2683 953 2738 diurna

121 2768 241 2823 virtutis
257 2771 407 2839 palaestra,
420 2771 544 2840 pulvere
561 2786 594 2824 se
609 2772 711 2826 oblinit
725 2773 774 2842 (1),
792 2772 878 2826 stadii
893 2787 953 2828 me·

123 2862 182 2912 tam
198 2859 301 2928 currit,
319 2875 378 2915 non
403 2861 489 2930 quasi
513 2860 543 2914 in
567 2861 713 2916 incertum
736 2861 813 2916 ictus
836 2861 952 2935 dirigit,

1011 613 1117 669 cedere
1140 614 1307 669 debuerunt
1327 615 1509 685 ministeria,
1532 615 1689 686 autquasi
1711 614 1844 673 athletam

1009 704 1131 773 praemia
1145 701 1195 775 (9).

1045 793 1072 849 'l.
1089 792 1196 864 Specta
1212 793 1300 849 aliud.
1318 793 1350 847 ln
1370 794 1508 848 omnihus
1529 793 1621 848 rebus
1638 795 1846 864 praestantiora

1011 887 1080 939 sunt
1094 883 1239 954 principia
1257 887 1286 938 et
1306 882 1385 939 linis.
1401 881 1434 938 Si
1450 883 1570 938 domum
1584 881 1780 951 consideres,
1797 901 1845 954 po-

1011 973 1087 1027 tiora
1102 973 1239 1028 omnibus
1256 972 1444 1028 fundamenta
1461 976 1490 1027 et
1504 972 1634 1027 culmina
1652 990 1659 1028 :
1678 973 1706 1026 si
1723 989 1846 1045 agrum,

1012 1063 1087 1116 satio
1112 1065 1141 1117 et
1154 1062 1276 1129 messis,
1293 1062 1431 1131 plantatio
1455 1065 1484 1117 et
1499 1062 1658 1116 vindemia.
1684 1061 1783 1128 Quam
1801 1062 1845 1135 ju·

1011 1151 1106 1207 cunda
1121 1150 1241 1205 insitiva
1257 1150 1408 1221 arborum,
1434 1167 1522 1223 quam
1546 1151 1667 1207 tructus
1683 1150 1796 1206 votivil
1811 1152 1845 1209 lta

1011 1256 1086 1313 ergo
1103 1243 1131 1295 et
1147 1240 1255 1295 coelum
1274 1241 1371 1309 prime
1395 1243 1442 1296 est
1465 1241 1636 1309 conditum,
1664 1241 1844 1297 novissimus

1011 1329 1108 1398 homo,
1135 1329 1221 1403 quasi
1237 1329 1373 1400 quaedam
1389 1330 1522 1384 coelestis
1538 1331 1681 1385 interris
1703 1334 1844 1389 creatora.

1011 1418 1086 1473 Nam
1100 1422 1129 1474 et
1153 1418 1180 1474 si
1204 1433 1331 1489 corpore
1355 1434 1423 1474 cum
1437 1419 1542 1474 bestiis
1558 1419 1741 1490 center-tur,
1759 1421 1843 1476 anima

1010 1511 1106 1562 tamen
1123 1507 1298 1563 coelestibus
1314 1510 1540 1572 annumeratum
1558 1509 1740 1565 sicutenim
1760 1513 1843 1580 porta·

1009 1597 1108 1652 vimus
1124 1597 1282 1669 imaginem
1295 1597 1417 1666 terreni,
1431 1596 1470 1651 ita
1480 1600 1635 1666 portamus
1647 1603 1677 1653 et
1687 1597 1841 1671 imaginem

1010 1685 1144 1740 coelestis
1167 1685 1197 1756 (Ι
1209 1685 1277 1741 Cor.
1295 1703 1344 1754 xv,
1361 1686 1417 1756 49).
1442 1685 1593 1752 Quomodo
1619 1702 1682 1741 non
1699 1688 1841 1757 cantastis,

1010 1775 1060 1846 qui
1075 1775 1112 1829 ud
1127 1775 1285 1846 imaginem
1310 1778 1339 1830 et
1363 1775 1583 1831 similitudinem
1608 1777 1713 1831 lactus
1739 1777 1841 1833 estllai

1010 1863 1096 1934 (Gen.
1113 1880 1133 1934 r,
1149 1863 1222 1934 tlt?

1045 1969 1072 2028 8.
1089 1970 1181 2026 Recte
1197 1985 1270 2043 ergo
1305 1972 1335 2025 in
1359 1971 1567 2028 constitutione
1592 1973 1701 2027 mundi
1728 1973 1840 2044 primun

1010 2060 1127 2129 coelum,
1145 2064 1174 2114 et
1188 2059 1388 2115 novissimum
1403 2061 1525 2129 eoelum,
1541 2061 1570 2115 in
1597 2077 1659 2133 que
1676 2063 1760 2135 quod
1775 2064 1837 2119 ultra

1010 2149 1118 2204 coelum
1129 2152 1185 2219 est,
1198 2148 1279 2203 Deus
1291 2150 1358 2204 coeli
1369 2154 1425 2205 est.
1438 2150 1571 2223 Denique
1582 2150 1621 2207 de
1637 2167 1674 2207 eo
1686 2153 1784 2225 magis
1797 2167 1837 2208 aa·

1010 2239 1137 2310 cipitur:
1154 2238 1293 2293 «Coelum
1302 2237 1374 2292 mihi
1385 2238 1512 2294 thronus
1532 2239 1603 2309 (Isa.
1616 2257 1701 2309 exva,
1715 2241 1742 2312 4)
1750 2260 1757 2309 ;
1771 2256 1835 2297 »nen

1010 2327 1087 2382 enim
1098 2328 1178 2382 Deus
1189 2343 1282 2397 supra
1293 2327 1469 2383 elementum
1480 2329 1574 2398 sedet,
1588 2329 1691 2384 sedin
1703 2331 1834 2386 cordele

1010 2416 1109 2471 minis.
1121 2416 1206 2472 Unde
1219 2420 1247 2471 et
1257 2416 1401 2472 Dominus
1413 2417 1465 2471 ait:
1482 2441 1493 2464 ι
1506 2417 1672 2474 Veniemus
1686 2420 1724 2474 ad
1735 2420 1832 2491 sumet

1010 2505 1193 2560 mansionem
1215 2505 1292 2576 apud
1308 2520 1376 2561 eum
1396 2505 1540 2561 faciemus
1556 2506 1654 2576 (Joan.
1679 2525 1742 2580 xrv,
1761 2504 1827 2578 99),
1864 2546 1866 2571 ,

1010 2594 1192 2664 Principium
1203 2609 1277 2667 ergo
1285 2595 1530 2665 operismundani
1541 2596 1663 2666 coelum,
1676 2596 1827 2653 linishomo.

1046 2682 1073 2739 9.
1085 2683 1199 2739 Coelum
1210 2683 1247 2739 de
1258 2684 1377 2754 mundo,
1390 2684 1478 2739 homo
1490 2700 1581 2756 supra
1591 2686 1746 2742 mumdum
1756 2703 1762 2742 :
1773 2686 1827 2742 illud

1011 2772 1091 2828 enim
1105 2773 1207 2828 mundi
1227 2773 1335 2844 portio,
1362 2773 1419 2829 iste
1442 2774 1575 2845 paradisi
1600 2775 1710 2843 incola,
1741 2775 1825 2832 Christ

1012 2860 1180 2932 possessio.
1196 2861 1309 2917 Caelum
1333 2860 1556 2932 incorruptibile
1572 2866 1706 2933 putatur,
1722 2867 1750 2919 et
1764 2878 1824 2935 pra·

118 2949 246 3004 lacertos
257 2949 376 3020 excutit,
387 2950 440 3006 sad
451 2965 508 3004 nen
520 2951 549 3005 in
563 2966 704 3017 vacuum;
716 2950 844 3022 pereutit
854 2950 956 3006 adver-
1012 2951 1095 3016 terit;
1114 2949 1201 3006 homo
1222 2950 1426 3021 corruptibilis
1443 2950 1578 3021 habetur,
1596 2956 1626 3007 et
1651 2952 1822 3024 incorruptio

122 3037 245 3108 sarium,
258 3054 345 3110 quem
361 3054 419 3095 non
429 3039 508 3095 videt
514 3057 522 3105 ;
539 3040 607 3111 quia
617 3040 699 3094 illum
710 3040 809 3095 solum
824 3040 954 3110 attendit,

1012 3055 1080 3096 nem
1094 3039 1187 3096 induit
1203 3056 1209 3094 :
1236 3039 1316 3094 illius
1332 3039 1429 3112 ligura
1443 3041 1520 3112 perit
1543 3042 1593 3113 (4),
1621 3042 1679 3098 iste
1694 3042 1774 3116 quasi
1784 3042 1821 3096 in·

119 3126 167 3183 eui
182 3127 289 3183 cedunt
304 3144 408 3184 omnes
424 3129 511 3184 etiam
527 3128 576 3200 qui
589 3145 646 3184 noa
661 3130 811 3197 videntur,
826 3131 856 3184 in
868 3129 955 3200 cujus
1011 3129 1146 3186 mortalis
1161 3129 1296 3202 resurgit
1302 3147 1310 3194 ;
1327 3132 1485 3200 utrumque
1501 3132 1599 3185 tamen
1614 3147 1721 3187 manus
1731 3129 1820 3188 muni

121 3217 237 3272 nomine
253 3221 415 3288 potestates
440 3219 529 3273 aeriae
553 3218 787 3274 divertebantur.
814 3219 865 3274 llle
881 3234 954 3291 crgo
972 3220 1147 3298 eiecerunt
1161 3218 1327 3274 seeundum
1343 3217 1507 3288 Scriptura
1522 3221 1737 3290 auctoritatem,
1760 3219 1819 3276 Sicut

120 3307 211 3361 ictum
220 3307 336 3374 liberat,
349 3311 378 3363 et
387 3308 527 3364 Christus
538 3308 567 3362 in
578 3309 686 3363 vulnus
697 3309 809 3382 dirigit.
822 3309 954 3380 Denique

121 3396 178 3450 etsi
195 3412 253 3451 non
279 3397 397 3452 videbat
411 3382 522 3452 Paulus
548 3413 624 3469 ques
640 3398 777 3468 caederet,
794 3414 853 3454 non
867 3398 953 3470 quasi

119 3501 189 3542 nera
204 3489 301 3542 tamen
317 3488 450 3543 caedebat
464 3487 491 3557 (l
506 3487 574 3544 Gor.
592 3505 631 3557 rx,
648 3485 709 3558 26);
721 3489 789 3560 quia
800 3488 829 3542 in
840 3488 952 3544 Christi

120 3577 330 3648 praedicatione
346 3592 449 3633 omnes
465 3576 617 3648 spiritales
632 3577 789 3650 nequitias,
811 3578 951 3650 quaesibi

119 3667 365 3735 adversabantur,
382 3667 623 3723 convulnerabat.
636 3667 701 3722 Non
716 3667 862 3722 immerito
877 3682 950 3741 ergo

117 3760 289 3825 postremus
305 3757 392 3811 hemo
408 3756 569 3828 ingressus
585 3760 631 3811 est
646 3756 784 3825 stadium,
801 3757 848 3811 cui
862 3773 951 3827 para·

117 3843 344 3911 baturcerona;
362 3848 392 3899 ut
418 3860 485 3900 eum
509 3845 693 3916 praecederet
717 3846 839 3916 eoelum,
865 3846 951 3918 quasi

116 3932 163 3988 sni
179 3934 344 4003 praemium.

152 4039 180 4094 e.
197 4038 254 4094 Sed
269 4055 327 4094 non
342 4040 439 4095 solum
465 4040 613 4096 adversus
634 4042 773 4113 nequitiae
794 4042 948 4112 spiritalia,

117 4145 184 4201 quae
195 4129 304 4184 suntin
315 4130 500 4198 celestibus,
513 4130 566 4184 sed
578 4131 665 4184 etiam
677 4131 823 4186 adversus
831 4147 950 4186 carnem

1011 3308 1088 3363 enim
1102 3309 1139 3363 de
1154 3308 1239 3363 coelis
1265 3308 1393 3380 legimus
1412 3323 1418 3362 :
1437 3328 1449 3358 ι
1467 3308 1503 3363 Et
1519 3323 1610 3380 opera
1625 3325 1762 3365 manuum
1773 3312 1818 3364 toa·

1011 3411 1077 3451 rum
1101 3402 1170 3452 sunt
1189 3397 1256 3453 coeli
1272 3395 1366 3468 (Psal.
1384 3411 1421 3467 er,
1439 3396 1500 3468 26);
1520 3420 1531 3447 ι
1549 3398 1588 3453 ita
1603 3403 1633 3454 et
1647 3399 1735 3456 home
1748 3398 1817 3455 dicit:

1012 3508 1023 3537 ι
1041 3486 1147 3542 hlanus
1163 3491 1220 3542 tuae
1236 3487 1372 3542 lecerunt
1387 3503 1443 3555 me,
1461 3493 1490 3543 et
1504 3488 1729 3559 plasmaverunt
1743 3487 1817 3558 meli]

1009 3576 1105 3648 (Psal.
1115 3593 1214 3646 cxvur,
1226 3575 1287 3646 73);
1301 3598 1312 3625 ι
1327 3576 1464 3632 similiter
1474 3592 1610 3650 quoque:
1626 3600 1638 3626 ι
1661 3578 1733 3636 Coeli
1750 3592 1815 3633 enar

1009 3669 1076 3721 rant
1087 3666 1139 3721 Dei
1149 3666 1275 3739 gloriam
1286 3664 1380 3735 (Psal.
1393 3682 1474 3735 xvm,
1482 3665 1510 3736 2)
1517 3685 1525 3732 ;
1538 3671 1566 3722 et
1575 3671 1607 3721 ut
1618 3668 1727 3723 coelum
1742 3666 1816 3739 stalle¹

1009 3769 1077 3809 rum
1093 3754 1185 3826 fulget
1196 3754 1417 3827 splendoribus,
1431 3754 1472 3810 lta
1484 3761 1511 3811 et
1521 3756 1660 3812 homines
1671 3758 1817 3813 meritum

1008 3842 1170 3898 luminibus
1183 3844 1300 3915 micant,
1314 3859 1440 3916 quorum
1460 3861 1550 3915 opera
1569 3860 1673 3901 eoram
1685 3848 1768 3902 Patre
1779 3857 1816 3899 sao

1009 3934 1117 4001 lucent,
1138 3933 1189 4004 qui
1211 3937 1258 3989 est
1277 3933 1306 3988 in
1339 3933 1424 3989 coelis
1444 3934 1563 4004 (Matth.
1586 3951 1615 4001 v,
1643 3934 1698 4005 46).
1729 3934 1817 3989 Firm-

1009 4025 1138 4077 mentum
1149 4021 1217 4076 coeli
1228 4037 1391 4093 supernum
1402 4022 1485 4089 illud,
1498 4021 1555 4077 hoc
1566 4018 1817 4094 quequenondissi

1008 4111 1077 4166 mile
1099 4111 1315 4166 llrmamentum
1326 4110 1362 4166 de
1372 4127 1430 4182 quo
1442 4112 1551 4166 dietum
1562 4116 1645 4166 estu
1659 4111 1754 4182 Super
1762 4111 1817 4165 hm

117 4221 147 4275 et
161 4218 336 4291 sanguinem
353 4218 430 4273 lucta
445 4218 658 4291 nohisOEpbes
674 4236 713 4290 vr,
727 4221 781 4290 le).
795 4221 950 4276 liuctuad-
1007 4205 1122 4272 4444444444
1146 4200 1298 4255 4444444440
1323 4199 1487 4255 [4444484444
1510 4215 1606 4255 44444444
1631 4201 1749 4272 (44444444-
1771 4213 1817 4261 4441

116 4325 228 4366 versus
244 4310 418 4378 satietatem,
435 4309 513 4364 lucta
528 4325 595 4365 cum
611 4308 685 4381 ipsis
698 4308 837 4381 frugibus
848 4314 948 4380 terrae,
1008 4289 1072 4360 ¹⁸i³
1092 4312 1103 4337 .
1122 4289 1194 4345 4444444
1209 4289 1425 4344 4444444444444444
1441 4289 1671 4357 4444444440Ρῦ9
1685 4291 1739 4346 ¹¹⁰0
1749 4288 1815 4343 44444

116 4398 195 4454 lucta
210 4415 277 4454 cum
292 4399 370 4471 vino,
384 4399 541 4472 quostiam
553 4397 710 4470 virjustus
724 4399 889 4454 inebriatus
904 4384 990 4455 estD
1007 4384 1079 4436 444444·
1094 4379 1161 4435 44444
1185 4378 1257 4433 4444444
1273 4378 1464 4449 Ρ444484444444444
1491 4395 1497 4434 ²
1523 4385 1671 4435 3444444444
1695 4379 1784 4436 44444444
1795 4373 1819 4430 44

116 4487 203 4560 (Gen.
212 4487 314 4560 urat),
323 4504 381 4562 quo
392 4488 479 4544 etiam
490 4489 606 4561 integer
616 4488 788 4543 lirdoeorum
799 4489 949 4544 exercitus
1007 4469 1091 4525 4444444
1102 4472 1186 4538 944444
1197 4467 1389 4536 (4444444444ῐῆ
1402 4466 1462 4536 44)ἱ
1478 4472 1562 4538 peili
1572 4468 1651 4523 9444444
1663 4485 1733 4525 0840
1742 4465 1819 4525 Chii*

116 4579 321 4648 supplantatus
337 4582 384 4634 est
395 4578 503 4650 (Exed,
521 4595 613 4647 xxxu,
625 4577 672 4647 tl):
695 4577 773 4631 lucta
788 4592 855 4632 cum
874 4577 949 4633 teris
1006 4558 1037 4628 ib
1053 4574 1120 4630 4444444
1136 4557 1243 4657 4444444444
1257 4559 1287 4612 444
1311 4559 1403 4611 44444444
1427 4557 1569 4612 mundum
1589 4559 1717 4614 4444444444
1730 4557 1757 4631 (4
1769 4555 1818 4612 clf·

115 4665 237 4738 bestiis,
250 4668 329 4724 luctu
339 4685 406 4724 eum
417 4668 590 4724 volutilibus
600 4668 679 4737 eoeli,
693 4666 800 4738 quibus
812 4681 882 4721 caro
898 4683 948 4721 sa·
1006 4665 1035 4718 ¹2
1050 4647 1089 4717 4)·

116 4758 184 4808 nata
202 4771 261 4811 non
280 4758 426 4832 redigitur
445 4759 474 4812 in
495 4759 670 4815 servitutem
683 4772 689 4810 :
702 4755 779 4811 lucta
799 4771 866 4811 cum
884 4756 949 4810 vir-
1042 4755 1086 4811 10.
1101 4753 1177 4821 Quid
1192 4753 1242 4808 illa
1258 4757 1394 4823 attexam,
1411 4754 1536 4825 etquasi
1552 4757 1613 4809 toto
1633 4754 1730 4810 stadie
1745 4758 1769 4808 te
1785 4762 1819 4804 ur

116 4842 209 4912 gultis
220 4844 367 4916 itinerum,
388 4848 531 4917 periculis
550 4847 713 4915 lluminum,
729 4849 761 4901 ut
781 4845 820 4900 ait
838 4845 950 4900 Paulus
1007 4843 1193 4917 geam,quod
1209 4842 1357 4899 hominem
1378 4843 1457 4899 Deus
1469 4844 1577 4899 divinae
1589 4844 1819 4899 tecitconsertett

117 4927 161 4996 (II
174 4929 243 4985 Gor.
256 4950 303 4999 xx,
316 4934 380 5005 96);
397 4936 475 4991 lucta
491 4953 558 4992 cum
570 4936 710 5009 virgultis
721 4935 873 5003 arborum,
890 4932 951 5006 qui·
1007 4936 1131 5002 naturae,
1148 4933 1225 4988 sicut
1236 4933 1265 4987 iu
1280 4930 1413 5003 Epistola
1427 4932 1507 4987 Petri
1519 4931 1649 5005 legimus
1664 4932 1708 5004 (11
1715 4931 1792 4988 Petr.
1804 4941 1818 4991 ι,

115 5018 173 5075 hus
184 5019 375 5076 caeclehantur
385 5025 510 5094 apostoli
522 5027 601 5095 (Act.
613 5043 673 5095 xvr,
685 5025 740 5096 99).
764 5024 838 5089 972
859 5023 950 5078 Vides
1006 5023 1055 5090 ll?
1069 5021 1155 5078 Unde
1173 5037 1231 5077 nen
1247 5021 1394 5076 immerito
1410 5020 1528 5091 quidam
1544 5020 1597 5076 ait:
1615 5043 1627 5069 ι
1644 5021 1737 5093 Cujm
1750 5021 1775 5074 et
1786 5028 1821 5089 gt·

117 5110 225 5181 quanta
235 5110 405 5166 certamina.
418 5112 512 5168 Terra
522 5128 596 5186 ergo
608 5115 782 5170 exercitium
793 5113 831 5185 (9)
842 5116 889 5169 est
898 5112 950 5168 he·
1008 5127 1064 5166 uus
1080 5127 1185 5167 sumus
1200 5110 1280 5182 (Act.
1298 5127 1368 5179 xvn,
1390 5110 1449 5178 98);
1477 5109 1587 5165 »dedit
1602 5110 1681 5166 enim
1703 5103 1819 5166 nohisdt
1862 5158 1866 5187 ,

154 5252 211 5323 (99)
226 5251 279 5307 Vel
305 5251 433 5307 allusum
449 5253 485 5307 ad
500 5268 640 5309 coronam
664 5257 823 5326 Ariadnes,
850 5256 897 5311 vel
921 5255 950 5310 in
1007 5254 1057 5309 lio.
1074 5253 1186 5309 Deciis
1198 5252 1364 5336 etjejuaio,
1382 5269 1449 5323 eap.
1471 5252 1516 5320 21,
1534 5268 1552 5305 u
1566 5251 1614 5308 76.

119 5338 230 5398 genere
246 5322 346 5378 sidera
361 5322 409 5378 hie
422 5323 483 5378 illie
498 5325 584 5394 quasi
599 5327 689 5381 ilores
700 5344 807 5397 sparsa
822 5343 950 5383 coronas
1044 5325 1081 5396 (9)
1097 5324 1286 5380 Exercitrnm
1302 5325 1380 5380 idem
1394 5325 1473 5395 quod
1488 5324 1640 5393 palestra,
1657 5324 1749 5396 inquit
1762 5321 1821 5377 Nar

119 5397 258 5467 appellat;
287 5393 426 5449 nimirum
450 5395 527 5450 unde
556 5410 673 5452 ceroma
703 5399 856 5455 stellantes
885 5398 950 5454 lleri
1007 5397 1090 5462 nius;
1107 5397 1192 5451 locus
1207 5397 1346 5451 nimirum
1370 5395 1420 5450 ubi
1444 5395 1563 5466 pugiles
1589 5411 1662 5453 sese
1691 5393 1821 5472 exercent.

118 5469 255 5540 possunt.
271 5467 313 5521 lta
328 5465 472 5520 Nunnius.
1007 5469 1066 5524 Aut
1080 5467 1181 5523 allusit
1195 5468 1231 5523 ad
1247 5467 1319 5522 illud
1338 5466 1410 5522 Gen.
1426 5483 1468 5534 m,
1487 5488 1499 5513 n
1517 5465 1626 5522 Emisit
1640 5468 1725 5524 illum
1740 5467 1824 5522 nom-

153 5540 192 5610 (1)
216 5539 325 5594 Omnes
349 5538 418 5594 edit.
444 5554 478 5593 ac
501 5552 576 5592 mss.
605 5538 728 5608 aliquot,
747 5559 758 5590 a
775 5540 898 5610 pulvere
915 5556 949 5597 se
1007 5556 1064 5595 nus
1079 5543 1111 5593 ut
1126 5542 1281 5595 exerceret
1296 5542 1416 5593 terram.
1436 5561 1448 5586 ι
1466 5537 1539 5592 Haec
1555 5537 1616 5593 ille.
1822 5602 1826 5613 Ι

119 5611 222 5667 oblinit
237 5609 335 5678 stadii,
352 5609 461 5678 currit;
480 5632 491 5658 l
517 5611 572 5664 ete.
589 5624 654 5662 mss
674 5610 775 5666 Belva.
792 5616 821 5666 et
835 5613 946 5681 Albim,
1041 5611 1081 5682 (9)
1096 5611 1139 5666 lta
1153 5627 1257 5667 omnes
1272 5625 1364 5676 mss,
1381 5614 1410 5664 at
1426 5609 1495 5664 edit.
1512 5624 1528 5663 e
1543 5610 1708 5679 contrarie,
1727 5631 1739 5661 ι
1755 5620 1828 5682 quast

120 5702 131 5731 ι
149 5683 272 5752 pulvere
288 5697 322 5737 se
336 5682 448 5752 oblinit,
460 5681 557 5738 stadie
567 5680 700 5747 currit;»
717 5681 850 5753 Latiam,
865 5705 877 5735 ι
890 5688 948 5739 sta·
1005 5683 1146 5741 athletam
1159 5697 1271 5738 corona
1285 5684 1313 5737 et
1327 5681 1459 5752 premia.
1480 5700 1492 5729 ι

116 5752 197 5806 dium
214 5753 321 5819 currit;
335 5774 346 5806 ι
362 5753 442 5811 Prat.
455 5754 581 5828 denique
596 5768 630 5808 ac
649 5751 731 5808 Gem.
752 5756 784 5809 ut
804 5754 833 5807 in
852 5757 944 5811 textu.
1040 5755 1068 5821 (4
1094 5754 1180 5809 Rom.
1196 5753 1265 5809 edit.
1285 5775 1296 5798 a
1313 5752 1392 5807 illius
1410 5752 1507 5824 ligura
1521 5752 1668 5822 praeterit.
1688 5773 1699 5802 ι

14 5888 18 5901 ,
105 5823 184 5892 Quid
194 5841 292 5899 porro
308 5826 348 5886 sit
365 5849 378 5878 ε
393 5827 519 5906 pulvere
533 5842 568 5888 se
584 5824 718 5886 oblinere
735 5848 746 5874 v
764 5824 895 5882 diximus
911 5842 946 5882 a·
1039 5826 1068 5898 (5
1095 5825 1206 5883 Eadem
1221 5825 1306 5883 Rom.
1323 5823 1405 5894 edit,
1423 5845 1435 5872 α
1453 5822 1689 5896 Etpuraverunt
1702 5840 1783 5882 me.-
