3900 6128
106 239 170 331 ets
803 238 838 349 s.
854 236 1074 347 arenosa.
1211 272 1218 283 ·
1777 234 1839 305 ees

114 453 227 527 teram
242 446 296 503 Dei
309 458 381 502 esse
395 445 543 503 virtutem.
560 446 677 520 Legisti
686 446 774 502 etiam
784 425 991 503 dicentcmzl
1040 444 1085 501 ld.
1101 445 1203 516 Omne,
1220 447 1329 522 inquis,
1352 447 1432 524 qaod
1455 449 1552 508 nalum
1577 452 1633 524 cst,
1658 449 1838 525 principium

116 562 128 588 a
145 536 248 606 lsrael,
264 537 291 592 si
307 552 354 592 me
369 535 512 607 audieris,
524 537 684 593 noueritin
695 538 724 592 te
739 536 820 592 Deus
830 552 948 606 recens,
1005 533 1112 605 habet3
1128 541 1157 592 et
1171 539 1237 594 idco
1253 541 1320 612 quia
1336 541 1495 611 Filiusest,
1507 542 1684 614 principium
1698 541 1798 613 babet,
1808 544 1839 599 et

115 642 212 702 aeque
227 625 368 683 adorabis
383 626 476 683 Deum
491 626 620 682 alienum
635 626 731 699 (Psal.
747 643 838 697 cxxx,
862 626 917 696 ιο).
936 648 947 674 ι
1004 639 1042 678 ex
1058 628 1189 698 tompore
1200 644 1270 684 esse
1289 631 1388 702 coepit.
1401 631 1484 696 Quod
1503 633 1635 704 ipsorum
1654 647 1706 688 ore
1723 631 1837 688 sitdio-

116 714 204 774 Aliud
218 714 326 772 horum
340 715 543 786 eternitatem,
559 715 639 772 aliud
653 717 861 790 proprietatem
875 715 950 771 sub·
1005 717 1078 769 tum.
1091 715 1259 787 Egoautcm
1270 718 1374 773 Filium
1389 724 1487 775 natum
1498 737 1567 775 essa
1582 721 1741 793 profiteor:
1759 720 1837 794 quod

116 804 233 863 stantiae
243 805 300 879 (39)
311 802 506 861 indifferentis
517 804 684 880 signiticat;
700 808 837 879 utneqne
852 808 952 879 poste·
1006 803 1152 876 reliquum
1168 809 1214 860 ost
1229 807 1396 879 impietatis,
1406 810 1559 866 horresco.
1570 812 1663 867 Deum
1673 811 1836 880 contltem's,

118 896 228 953 riorem
243 894 341 966 Patre,
352 895 579 968 aequealtarius
592 895 754 952 divinitatis
765 896 871 953 Filium
882 910 953 952 esse
1007 891 1105 963 bomo,
1121 897 1150 949 et
1171 894 1221 950 tali
1242 897 1465 955 circumscribis
1481 900 1647 957 calumnia?
1661 900 1744 957 Deus
1759 900 1837 956 bunc

120 985 289 1042 credamus.
306 984 381 1041 Nam
397 986 424 1040 si
439 985 524 1041 Patre
535 986 683 1058 posterior
691 988 747 1057 est,
762 1001 871 1042 recens
886 989 951 1041 est:
1007 988 1182 1040 averruncet
1192 987 1357 1044 ementium.

119 1077 148 1133 et
162 1075 190 1133 si
204 1075 293 1132 unius
308 1090 367 1132 uon
382 1077 429 1132 ost
443 1075 616 1148 divinitatis,
633 1076 881 1133 alienusestSed
898 1091 953 1133 nec
1322 1099 1448 1156 fflppp
1463 1101 1525 1157 xp·

120 1166 288 1240 9⁰⁸¹⁶fi⁰⁹3
303 1164 373 1239 (μὴ
387 1181 493 1223 ”⁰⁰⁰⁸
513 1182 572 1222 ⁰⁰¹²
583 1168 647 1223 ⁰⁸¹³
663 1182 718 1222 ¹¹⁰⁰
733 1166 859 1235 ‘dimus'
884 1164 954 1238 qm
1010 1199 1131 1259 iteratis
1153 1203 1184 1259 in
1202 1204 1310 1261 Filium
1334 1207 1496 1277 obiectiom'
1512 1208 1621 1264 ιἰιϊιιι
1639 1207 1841 1281 respondetur

120 1275 159 1317 ⁰¹
167 1259 253 1317 pm
262 1258 348 1313 ”⁸¹⁰⁵
361 1272 369 1328 3
384 1256 453 1331 quia
469 1280 481 1305 ι
499 1272 589 1328 ⁸¹¹Pl⁸
600 1257 697 1312 ⁰¹⁰¹¹i⁰
713 1261 759 1313 ⁰⁸²
769 1257 849 1312 ”⁰⁰⁸
860 1257 954 1313 hm·
1042 1291 1107 1330 eam
1119 1278 1289 1350 retorqueri
1296 1281 1386 1334 etiarn
1397 1282 1427 1334 iu
1438 1279 1560 1336 Patrem
1567 1297 1676 1352 posae‚·
1692 1297 1758 1337 cnm
1768 1295 1842 1354 erpo

120 1347 217 1407 dictus
228 1346 483 1417 insoeculafflom.
500 1363 541 1402 rx.
553 1346 591 1418 5),
611 1369 622 1396 ι
639 1347 717 1403 sieut
737 1346 879 1419 scriptum
896 1350 952 1404 est.
1042 1345 1138 1403 Pater
1146 1364 1200 1404 uec
1218 1348 1288 1419 toro,
1302 1367 1356 1405 uec
1372 1357 1511 1423 ternpore,
1526 1353 1622 1409 aliur-o
1634 1352 1840 1409 alluerentur·

88 1442 90 1447 '
155 1436 201 1495 dt).
216 1436 276 1494 Sed
290 1436 317 1494 ei
331 1434 460 1493 alienum
474 1439 586 1509 putant,
603 1453 656 1494 cur
670 1437 793 1493 adorant
803 1453 871 1492 eum
885 1436 953 1508 (lo),
1043 1418 1408 1491 iudipeae‚sicueceorum
1417 1423 1841 1496 iudiqeutiaruattribuendam

121 1546 189 1587 oum
203 1527 347 1603 smmum
370 1524 423 1582 si„
447 1549 458 1574 ι
483 1525 588 1600 Neque
602 1525 742 1583 adorabis
765 1527 857 1583 Deum
880 1527 953 1583 alie·
1043 1490 1137 1546 Filio:
1152 1493 1412 1581 cujussiuqularis
1422 1496 1636 1577 perieratioest
1647 1510 1704 1551 uon
1722 1490 1843 1578 solome

1043 1562 1149 1633 Patre,
1159 1565 1214 1620 sed
1222 1572 1337 1622 etiumo
1354 1566 1476 1637 t‘rrqrue
1486 1586 1495 1632 ‚·
1505 1573 1725 1640 proptereaque
1735 1583 1800 1622 eum
1811 1583 1841 1621 ιιι

120 1635 190 1676 ”um
204 1617 299 1690 (Pm-
325 1634 417 1688 ¹2¹¹¹r
433 1614 502 1688 wi?
524 1638 534 1665 ¹
553 1618 611 1672 3¹¹²
632 1616 659 1672 ⁸5
678 1632 737 1673 ¹¹⁰⁰
756 1617 889 1686 ⁰1¹⁰l⁰¹¹¹=
912 1616 954 1672 lu·
1044 1634 1098 1689 Irae
1110 1638 1732 1708 nonserusautsimiliulocurulrabueriut,
1745 1640 1777 1694 ιἰι
1791 1638 1841 1693 illa

120 1710 247 1780 leantur,
263 1708 291 1764 et
305 1705 373 1762 tlnis
388 1709 451 1777 est3
470 1719 507 1762 ne
522 1720 610 1779 quem
624 1705 682 1761 sub
705 1704 839 1778 religiosi
855 1706 952 1761 uomi—
1043 1709 1377 1779 quoqueuoububuisse.

120 1796 168 1857 nie
183 1797 373 1873 professione
387 1794 544 1869 decipiant.
560 1795 633 1851 llaec
650 1810 755 1868 nempe
779 1798 850 1851 sunl
870 1796 951 1851 testi·
968 1807 999 1879 Β
1042 1795 1087 1852 tl.
1110 1799 1227 1853 Rursus
1238 1798 1401 1870 objiciunt:
1417 1800 1564 1872 Ergouou
1576 1801 1733 1872 estl'ilius,
1745 1801 1772 1856 si
1782 1816 1838 1857 non

119 1886 219 1945 monia
232 1887 463 1959 Scripturarum.
478 1887 538 1942 Ant
553 1885 581 1941 ei
593 1884 688 1942 habes
709 1885 799 1957 aliud,
818 1886 954 1960 prolerre
1007 1885 1096 1942 babet
1109 1903 1176 1958 quae
1192 1887 1301 1944 habent
1316 1890 1378 1945 tilii.
1396 1890 1535 1963 Ignoscat
1550 1891 1619 1946 mihi
1638 1893 1735 1962 Pater,
1752 1889 1837 1964 iguo·

120 1977 256 2036 debebis.
1007 1979 1072 2032 scat
1086 1976 1184 2047 Filius
1206 1977 1344 2050 ignoscat
1357 1983 1387 2035 et
1400 1981 1527 2052 Spiritus
1547 1983 1677 2047 sanctus,
1696 1980 1837 2054 quaestio-

154 2066 201 2127 lo.
216 2069 360 2143 Superest
375 2069 406 2124 ut
421 2070 450 2123 et
462 2067 647 2141 argumentis
663 2067 774 2124 veritas
785 2067 953 2141 colligatur.
1007 2080 1074 2121 nem
1099 2082 1153 2138 pro
1174 2068 1281 2138 pietate
1305 2069 1361 2140 (te)
1386 2070 1498 2126 reterre
1524 2070 1662 2142 cupienti.
1686 2069 1742 2126 Est
1763 2074 1838 2126 certe

119 2158 292 2233 Quanquam
312 2156 400 2215 etiam
422 2157 561 2215 humanis
579 2157 759 2214 testimoniis
780 2161 956 2230 argumenta
1010 2155 1107 2226 Pater,
1125 2159 1153 2211 et
1168 2161 1266 2213 manet
1290 2173 1417 2231 semper,
1441 2163 1510 2215 suut
1526 2160 1612 2216 etiarn
1627 2163 1773 2216 creaturae
1786 2174 1835 2231 pro

120 2248 228 2311 cedere
248 2246 374 2318 solenni,
393 2251 601 2322 argumentare
624 2249 732 2318 tamen,
756 2245 909 2316 haeretice,
924 2249 957 2303 ut
1007 2244 1204 2315 dispositione
1220 2246 1329 2303 divina.
1351 2249 1403 2304 Est
1417 2265 1490 2322 ergo
1514 2249 1624 2322 aliquid
1645 2265 1747 2304 earum
1762 2250 1837 2322 quod

120 2337 215 2396 voles.
245 2336 321 2408 Usu,
351 2334 461 2411 inquis,
485 2336 650 2410 accipimus
672 2352 708 2393 eo
732 2335 781 2413 qui
811 2335 954 2406 nascitur,
1007 2350 1067 2390 uon
1083 2335 1252 2409 subjectum
1276 2338 1315 2393 sit
1336 2340 1386 2394 aut
1408 2339 1492 2409 locis,
1515 2343 1564 2393 uut
1580 2339 1776 2411 temporibus,
1793 2342 1839 2394 aut

120 2428 250 2501 priorem
259 2442 329 2484 esse
345 2426 398 2499 qui
412 2428 544 2501 generat.
561 2426 746 2500 Persequere
757 2426 848 2502 igitur
858 2426 956 2482 omnia
1009 2425 1161 2496 creationi,
1176 2429 1226 2482 aut
1251 2442 1351 2483 causae
1375 2428 1462 2483 elicui
1478 2427 1523 2484 rel
1540 2427 1677 2484 auctorit
1702 2428 1838 2484 Profecto

120 2514 956 2595 uestigineoneuetudinis,etsicoetereconveniunt,non
1009 2514 1092 2569 nihil.
1107 2513 1182 2580 Quid
1207 2531 1280 2589 ergo
1304 2517 1425 2573 dicitis?
1444 2517 1497 2573 Est
1519 2517 1623 2572 lucrium
1646 2516 1760 2590 aliquid
1783 2534 1839 2590 qno

121 2606 237 2687 obsisto
251 2605 324 2680 quin
333 2605 362 2662 el
371 2604 451 2661 istud
467 2604 622 2678 requiras:
639 2606 666 2661 si
677 2608 780 2663 autem
790 2605 870 2663 nulla
886 2621 956 2662 con·
1010 2607 1096 2677 egeat
1112 2605 1221 2661 l'ater?
1234 2607 1355 2676 lmpium
1370 2610 1416 2662 ost
1426 2606 1535 2661 dicere.
1548 2607 1627 2678 Ergo
1639 2610 1689 2662 aut
1699 2607 1838 2678 desinite,

121 2696 255 2767 cordant,
276 2693 524 2769 quemadmodum
548 2710 616 2750 cum
636 2693 735 2752 desint
755 2697 873 2764 caetera,
898 2694 956 2752 boc
1010 2707 1078 2765 quae
1107 2698 1308 2751 creaturarum
1327 2699 1407 2765 suut,
1431 2700 1531 2768 aptare
1556 2696 1717 2751 diuinitati:
1740 2700 1791 2752 aut
1813 2695 1841 2752 si

121 2784 220 2843 solum
234 2783 357 2857 exigis?
380 2782 460 2857 Ergo
481 2783 551 2857 quia
571 2800 659 2840 ustum
679 2784 818 2857 requiris,
836 2786 954 2857 quando
1012 2798 1182 2853 comparare
1198 2786 1385 2852 contenditis,
1398 2786 1843 2857 consideratequoveslrapro·

120 2876 281 2952 generatus
299 2877 347 2930 eet
367 2889 405 2930 ex
429 2874 525 2945 Patre,
546 2872 689 2947 parvulus
711 2873 777 2930 tuit.
800 2874 906 2930 Vidisti
924 2875 953 2930 iu
1012 2876 1252 2951 cedatimpietus,
1268 2878 1346 2950 quod
1360 2877 1438 2933 absit
1451 2879 1481 2932 ut
1494 2877 1540 2930 vel
1556 2877 1585 2930 in
1597 2878 1842 2932 seususnostros

122 2962 208 3022 cunis
232 2961 409 3021 infantulum
435 2961 615 3037 vagientem,
642 2978 807 3033 processus
838 2962 955 3036 aliquos
1010 2970 1168 3042 aliquando
1184 2969 1291 3024 ueniat.

121 3051 236 3128 accepit
250 3051 366 3122 aetatis3
390 3050 417 3108 si
433 3049 512 3107 enim
528 3051 726 3109 infirmitatem
752 3053 955 3125 generationis
1046 3060 1090 3115 75.
1103 3060 1167 3116 Nos
1177 3056 1573 3129 euimpiamresponsionem
1585 3060 1730 3111 tenemus.
1750 3054 1844 3111 Nam·

121 3142 234 3216 habuit,
254 3158 382 3201 necesse
396 3144 443 3199 est
462 3131 539 3199 458
560 3143 592 3198 ut
606 3157 665 3196 nou
680 3141 778 3198 solum
799 3141 953 3214 nascendi,
970 3164 1069 3243 oque
1080 3149 1267 3220 omnipotens
1278 3148 1358 3203 [leus
1375 3150 1431 3216 est,
1443 3149 1471 3201 et
1490 3147 1555 3201 ideo
1567 3145 1646 3201 nullo
1665 3160 1770 3201 eorum
1786 3146 1846 3200 Pa·

121 3233 176 3291 sed
189 3234 277 3293 eliam
296 3231 415 3290 vivendi
429 3230 566 3288 inciderit
579 3230 787 3288 infirmitatem·
990 3230 1186 3312 ¹ieriadiget,
1200 3238 1252 3311 qui
1265 3252 1324 3293 non
1335 3237 1423 3292 habet
1434 3236 1624 3291 mutationem
1634 3235 1682 3289 sui
1700 3235 1845 3307 aliquam,

155 3340 202 3401 ll.
217 3341 414 3401 santorum
429 3356 465 3398 eo
475 3339 641 3414 prolabaris
651 3339 797 3410 amentiae,
809 3340 841 3395 ut
855 3339 891 3396 de
901 3338 956 3396 Dei
1011 3329 1059 3384 vel
1070 3329 1234 3400 profectum
1244 3344 1304 3400 qno
1319 3343 1374 3383 nos
1390 3341 1524 3399 egemus,
1545 3341 1671 3397 quorum
1685 3324 1847 3380 infirmitas

122 3431 197 3490 Filio
210 3432 268 3489 ista
283 3447 344 3490 uon
361 3431 487 3501 abnuas,
509 3429 561 3502 qui
577 3445 645 3486 eum
659 3444 698 3485 οι
717 3429 854 3485 infirmit.
868 3430 956 3486 meti.
1012 3434 1050 3474 ex
1064 3418 1237 3492 hujusmodi
1253 3419 1344 3474 rebus
1358 3417 1522 3488 proiectum
1543 3415 1658 3486 arripit.
1674 3413 1732 3480 Qui
1746 3417 1848 3471 autem

120 3520 320 3592 rishumaa3
335 3520 447 3595 quidsi
463 3520 556 3576 nuum
571 3534 682 3592 negare
696 3533 756 3575 non
769 3521 855 3591 potes
866 3519 957 3575 nomi.
1011 3510 1198 3582 omnipotens
1212 3510 1268 3576 est,
1290 3498 1364 3563 459
1386 3508 1486 3578 utique
1509 3521 1567 3561 nou
1587 3509 1715 3575 oreatus,
1732 3507 1762 3560 et
1778 3504 1848 3560 sine

122 3627 171 3685 ne,
185 3609 354 3669 infirmitate
372 3613 471 3667 umen
485 3609 635 3666 bominem
649 3607 697 3665 vis
711 3608 863 3681 probaret
878 3606 955 3673 Quid
1011 3599 1088 3669 loco,
1105 3603 1134 3654 et
1147 3614 1236 3670 eupm
1251 3602 1382 3669 tempora
1397 3600 1453 3651 est.
1466 3595 1545 3650 Nihil
1561 3595 1639 3650 euim
1654 3595 1721 3649 aute
1738 3593 1847 3662 Deum,

122 3700 235 3758 nidum
250 3699 357 3757 Filium
381 3699 520 3770 discutis,
545 3699 661 3754 Putrem
683 3698 803 3772 arguis:
832 3701 861 3754 οι
884 3698 955 3754 dum
1011 3690 1071 3745 imo
1092 3689 1261 3759 bocipsum
1285 3687 1424 3755 Verbum,
1441 3689 1507 3740 unte
1531 3685 1622 3739 Derim
1645 3682 1747 3739 dicere
1773 3696 1849 3739 esse

121 3788 241 3847 Christo
254 3788 446 3863 modicae,
458 3788 760 3861 PatremadJ'udices‘l
1012 3778 1232 3851 aliquid,graue
1242 3776 1309 3847 (te).
1320 3776 1399 3848 Ergo
1411 3777 1436 3830 si
1446 3776 1483 3830 itu
1496 3778 1551 3843 est,
1563 3773 1632 3845 quia
1651 3772 1724 3827 nihil
1737 3772 1849 3828 horum

156 3879 203 3937 72.
218 3877 294 3937 Nam
305 3879 600 3950 sidivinageneretio
612 3877 746 3950 subjecta
756 3877 954 3948 temporiluit,
1012 3871 1059 3924 est
1073 3868 1103 3922 in
1118 3869 1178 3923 Deo
1195 3867 1290 3934 Patro,
1306 3881 1373 3937 quw
1388 3863 1551 3936 profectum
1568 3862 1739 3935 significent
1752 3877 1760 3929 3
1775 3862 1849 3934 quie

122 3970 151 4025 et
164 3966 195 4024 id
209 3983 247 4024 ax
260 3984 319 4024 usu
332 3966 534 4041 generationis
545 3967 849 4038 usurpaturhumunm
861 3983 869 4036 3
880 3982 955 4039 ergo
1011 3958 1090 4014 Deus
1106 3962 1169 4013 est:
1187 3957 1259 4013 nibil
1269 3957 1376 4013 borum
1391 3954 1483 4025 aptari
1498 3955 1585 4008 etium
1604 3953 1701 4022 potest
1718 3950 1772 4006 Dei
1792 3951 1848 4006 Fi-

121 4059 152 4114 et
173 4056 261 4115 i’ater
283 4056 429 4130 corporali
452 4058 537 4112 utero
555 4057 682 4127 partuvit
706 4055 822 4126 Filium,
853 4057 956 4112 decem
1011 4047 1062 4115 lio,
1083 4050 1115 4102 ut
1135 4047 1182 4102 vel
1202 4047 1317 4102 inituim
1341 4045 1475 4115 accipiat,
1500 4043 1545 4096 vel
1567 4041 1751 4113 protectum3
1774 4040 1848 4111 quia

16 4159 17 4162 ’
122 4149 270 4214 meusium
284 4146 443 4205 curmontis
458 4140 535 4202 onus
550 4145 640 4200 vexit.
657 4144 715 4201 Sed
731 4147 878 4218 quomodo
889 4147 955 4201 siue
1013 4137 1093 4193 Deus
1107 4152 1246 4192 verusex
1258 4137 1318 4191 Deo
1336 4150 1406 4191 vero
1420 4138 1476 4189 est·

122 4257 199 4300 sexu
220 4240 313 4297 altero
332 4234 535 4315 generationis
559 4236 657 4291 usust
679 4232 771 4290 Vides
791 4234 955 4292 solemnem
1046 4226 1091 4283 to.
1109 4226 1189 4300 Ergo
1204 4227 1273 4299 quia
1288 4225 1426 4280 usitatum
1441 4238 1500 4278 non
1519 4220 1685 4291 reperimus
1707 4219 1847 4276 ordinem

121 4328 324 4406 generationis
339 4326 449 4385 seriem
463 4341 523 4382 non
537 4325 677 4397 ooepiese,
693 4326 723 4381 et
738 4328 768 4381 tu
782 4329 885 4396 partus
901 4342 954 4382 cu.
1012 4317 1180 4390 acquiesce,
1198 4315 1316 4383 Ariane,
1336 4312 1514 4385 precipuum
1535 4310 1599 4365 Filii
1620 4308 1848 4382 generationem

27 4468 33 4475 .
118 4420 241 4495 jusdam
255 4433 408 4493 eorporexe
422 4415 611 4473 necessitatis
624 4412 682 4486 (tl)
696 4416 782 4486 putas
798 4414 894 4473 tuisse
910 4430 956 4471 so·
1011 4405 1306 4478 tuisselthuiesce,
1323 4403 1460 4475 iuquam,
1485 4404 1513 4455 et
1529 4400 1554 4454 si
1572 4398 1641 4453 milri
1656 4415 1717 4454 nou
1733 4399 1844 4467 credis,

121 4513 246 4571 lemnes.
261 4509 307 4567 'lu
321 4524 410 4566 nsum
425 4506 547 4580 quaeris,
564 4520 620 4578 ego
638 4518 764 4560 sexum:
785 4506 818 4560 tu
837 4507 953 4577 tempus
1011 4495 1214 4552 erubesceret
1230 4493 1282 4548 Dei
1305 4507 1408 4548 vocem
1426 4489 1570 4545 dircutfs:
1599 4512 1609 4535 a
1626 4485 1681 4542 Cui
1695 4502 1743 4543 me
1759 4487 1846 4543 simi·

121 4603 231 4676 exigis,
242 4617 300 4675 ego
315 4599 508 4657 ordinemztu
522 4596 610 4651 tinem
626 4593 762 4664 discutis,
780 4609 837 4666 ego
852 4610 954 4666 quaero
1001 4584 1069 4647 ¹iem
1093 4584 1264 4642 aestimastis
1284 4582 1353 4651 (Isa.
1370 4578 1564 4648 suaqb‘ldt
1588 4578 1712 4632 i'erum:
1742 4577 1843 4643 «Quia

121 4690 309 4763 principium,
320 4703 427 4760 nempe
440 4687 510 4743 llais
523 4701 562 4742 ex
579 4683 735 4757 principio,
759 4698 819 4740 non
842 4683 955 4754 prinei·
1011 4693 1070 4732 non
1091 4675 1168 4731 sicut
1188 4675 1288 4742 bomo,
1309 4672 1349 4726 ita
1368 4673 1414 4725 est
1434 4670 1513 4725 Deus
1534 4667 1632 4739 utum.
1648 4682 1735 4735 xxru,
1753 4666 1839 4738 itit.»

120 4780 203 4851 piam
215 4777 323 4852 pendet
336 4795 373 4835 ex
384 4779 453 4834 tlne.
1011 4765 1125 4822 Etenim
1140 4764 1167 4820 si
1182 4763 1313 4835 operatio
1331 4761 1380 4816 Dei
1397 4759 1543 4830 praecipua
1555 4760 1609 4824 est,
1625 4756 1694 4828 quia
1709 4770 1770 4811 uon
1785 4771 1846 4810 ma·

168 4922 204 4981 dt)
231 4922 317 4978 Rom.
333 4920 403 4976 edit.
419 4918 494 4989 sola,
512 4939 523 4970 ι
542 4918 682 4975 unitatem
698 4917 885 4973 substantiae.
905 4939 915 4962 -ι
1011 4915 1084 4967 orat.
1100 4909 1118 4964 a
1133 4915 1161 4965 et
1178 4910 1193 4964 t
1209 4911 1311 4963 contra
1334 4904 1467 4974 eosdem,
1489 4902 1628 4984 ltusilius,
1650 4899 1732 4982 hom.
1758 4899 1793 4955 Yl
1813 4899 1843 4954 in

168 4923 215 5062 lbi
242 4991 314 5048 Haec
342 4989 471 5062 objectio
499 4988 577 5044 baud
606 4987 710 5044 leuiter
731 4988 857 5060 urgebat
885 4987 953 5044 illos
1010 4982 1118 5039 Sabell.
1135 4978 1404 5061 Gregoriusts.
1421 4973 1519 5061 etiulu.
1536 4971 1772 5027 Corrsuleetrnm
1788 4970 1843 5025 Va·

121 5065 291 5135 hereticos,
315 5077 403 5135 quam
419 5061 542 5133 proinde
565 5059 640 5130 ipsis
666 5059 793 5115 subinde
818 5058 952 5131 objicere
1010 5054 1075 5110 lesii
1088 5053 1219 5107 notasail
1236 5051 1286 5132 lib.
1303 5066 1322 5103 ιι
1367 5054 1416 5104 ist.
1439 5045 1582 5128 ltroorlor.
1599 5043 1644 5098 ⁶28.
1786 5113 1792 5124 .

120 5134 300 5194 Ambrosius
313 5148 373 5188 non
388 5128 593 5205 pretermisit:
610 5131 736 5185 atteuien
751 5131 847 5186 eidem
863 5147 952 5202 repo·
1044 5127 1100 5195 (tl)
1111 5126 1220 5180 Omnes
1229 5123 1297 5176 edit.
1308 5137 1374 5175 curn
1384 5135 1487 5188 puums
1498 5133 1581 5197 aries..
1600 5137 1611 5163 ι
1629 5117 1843 5186 partuscupus-

119 5206 229 5266 nebant
243 5207 360 5264 Patrem
374 5204 403 5259 iu
419 5202 493 5259 Filio
507 5204 646 5272 tanquam
660 5217 761 5272 regem
777 5201 807 5257 in
821 5202 950 5330 imagine
1009 5196 1074 5251 dem
1091 5192 1439 5267 corporeinecessitates‚
1459 5212 1469 5238 ι
1488 5188 1534 5242 alu
1547 5203 1621 5242 mss.
1638 5184 1842 5256 multoplures

118 5281 174 5337 abs
187 5294 222 5337 ee
236 5275 352 5335 adorari
368 5274 495 5346 colique,
511 5275 542 5328 ut
557 5287 595 5328 ex
611 5272 762 5327 Athanasii
785 5277 857 5328 orat.
918 5274 948 5330 iu
1007 5271 1208 5339 potioresque,
1231 5290 1241 5310 r
1260 5267 1361 5334 ltssl¹us
1384 5260 1540 5332 arrjusdum
1564 5272 1843 5328 t⁰“l’⁰l⁰ffl¹¹⁰⁰⁶⁸·

119 5352 247 5409 Arianos
271 5348 388 5405 discere
416 5348 472 5402 est.
501 5342 560 5401 Sed
580 5359 647 5399 oum
668 5347 810 5425 sequatur
831 5360 869 5400 ex
890 5345 946 5400 hoe
1007 5341 1143 5405 sitatis»
1167 5338 1265 5400 idest,
1283 5339 1385 5404 partus
1408 5346 1559 5413 corpor-cre
1580 5328 1762 5384 conditionis
1786 5343 1842 5383 ue-

117 5436 265 5497 pegpongo
288 5418 421 5478 eamdem
444 5430 563 5499 quoque
587 5418 807 5470 venerationem
835 5414 947 5472 homiui
1006 5412 1138 5466 cessitati
1153 5409 1290 5464 subditos
1305 5408 1391 5476 utque
1407 5406 1659 5482 astrictosputus.

118 5497 217 5568 utpote
232 5494 269 5551 ad
288 5493 345 5549 ima
371 5491 448 5546 inem
464 5489 518 5543 Dei
538 5486 657 5542 condito
680 5485 813 5540 exhiberi
837 5502 946 5556 posse;
1040 5482 1096 5553 (ts)
1111 5481 1217 5537 Teller.
1235 5478 1329 5533 codex
1355 5493 1441 5544 uuus,
1469 5478 1696 5546 «quis-tanam
1711 5469 1749 5527 de
1768 5485 1841 5542 pro-

117 5555 948 5641 illoellugionihrlobstunte,auctoresejusinetbuico-
1002 5553 1136 5625 prietuto.
1157 5577 1168 5600 ι»
1231 5621 1235 5631 Ι
1399 5619 1404 5629 ,
1601 5615 1606 5626 ,
1653 5612 1660 5625 ,

117 5657 182 5698 rum
196 5640 290 5700 terme
305 5636 438 5696 ordinem
453 5633 649 5710 reposueruut
666 5628 743 5685 idem
769 5628 948 5692 Athanasius
1037 5627 1093 5699 (till
1109 5625 1182 5680 ltss.
1199 5622 1321 5700 aliquot,
1341 5642 1351 5668 ι
1377 5618 1486 5683 (lucris,
1503 5618 1548 5675 tsi
1570 5613 1682 5690 aliquid
1697 5628 1803 5689 grave.
1827 5637 1839 5664 ι
