3900 6128
54 248 135 335 trel
646 256 1149 335 srisromattreeuasssrs
1171 245 1195 331 i.
1706 250 1786 334 ires

47 465 113 523 lan
128 465 197 523 dedi
210 465 393 538 imperatori,
409 481 498 538 quam
513 465 603 523 simut
618 466 701 532 misi:
716 469 746 523 et
760 467 812 523 ubi
827 480 895 538 pre·
908 447 940 513 Α
955 482 1052 539 usque
1065 468 1103 523 ad
1117 468 1217 525 locun
1232 485 1239 525 :
1255 491 1266 518 ι
1283 468 1372 525 hides
1387 472 1471 526 tuate
1486 470 1599 527 salvam
1613 470 1692 543 leait,
1709 474 1786 532 vada

51 556 151 612 oessit
164 555 202 611 ad
217 555 394 624 Ecclesiam,
411 555 491 611 huno
507 571 675 612 sermonem
692 556 780 611 habui
797 572 804 612 :
955 556 985 610 in
1001 572 1073 627 pace
1088 557 1179 619 (thid.
1196 558 1253 628 50).
1277 581 1288 606 i·
1309 558 1400 624 Quam
1425 559 1561 630 simplex,
1585 560 1739 634 subjunxi,
1756 565 1787 621 in

90 645 118 700 Ξ.
135 643 252 701 lnlibre
267 643 442 716 prophetico
458 646 602 714 scripturn
621 648 667 699 est
684 661 690 699 :
709 668 720 693 e
738 646 827 700 Sume
842 644 895 701 tibi
954 646 1068 715 verbis,
1085 662 1174 718 quam
1190 646 1336 717 protunda
1357 648 1386 703 in
1401 648 1536 703 consiliis
1558 648 1713 724 Evangelii
1727 652 1788 708 lec-

56 734 199 791 baoulum
218 734 360 789 nucinum
379 733 503 804 (lerum.
528 750 549 801 r,
564 734 629 803 rs),
654 738 683 788 et
703 750 760 805 qua
783 736 895 789 ratione
955 734 995 788 tio
1013 732 1019 789 l
1037 735 1138 807 ltaque
1152 736 1221 806 quia
1237 737 1336 809 magni
1354 737 1516 792 consiliarii
1537 753 1635 795 sermo
1655 741 1786 812 est(1sa.

53 823 115 879 hoc
130 823 241 879 dixerit
256 822 403 879 Dominus
415 823 579 895 prophetae,
596 823 739 879 debemus
756 822 896 879 conside·
955 838 996 892 rx,
1012 823 1051 893 6),
1068 823 1252 880 altitudinem
1264 826 1332 896 ejus
1347 825 1581 884 consideremus.

51 927 147 982 rare,
163 927 222 967 non
237 911 333 967 otiose
348 911 456 966 etenim
471 912 616 982 scriptum
636 915 691 982 est,
708 911 896 983 quandoqui-
990 910 1016 966 6.
1030 912 1173 968 Dominus
1185 913 1788 994 nosterlesustristusjudicavitmagis

51 1000 126 1057 dem
140 1003 170 1057 et
183 1001 215 1056 in
232 1000 435 1056 Pentateucho
450 1000 507 1071 (93)
518 1000 647 1072 legimus
662 1001 896 1073 quodvirganu·
955 999 1091 1056 homines
1106 1001 1262 1058 beneficiis
1285 1003 1400 1076 alligari
1417 1020 1521 1075 posse,
1538 1009 1568 1061 et
1580 1011 1737 1078 provocem
1751 1010 1789 1067 ad

52 1090 125 1146 eina
141 1092 241 1145 Aaron
260 1089 438 1158 sucerdotis,
464 1105 532 1145 oum
556 1088 607 1144 diu
626 1090 757 1160 reposita
776 1089 895 1160 fuisset,
955 1104 1071 1160 eaquae
1087 1094 1157 1147 sunt
1173 1095 1253 1147 recta
1269 1090 1413 1162 iacienda,
1438 1109 1527 1164 quum
1541 1097 1620 1151 metu
1635 1112 1643 1152 τ
1661 1097 1789 1172 plusque

51 1177 189 1234 effloruit
212 1177 310 1248 (Num.
328 1177 455 1248 xv11,8t.
479 1178 553 1232 Nam
568 1177 686 1234 videtur
706 1194 759 1248 per
782 1179 897 1250 virgam
956 1177 1128 1234 charitatem
1144 1180 1301 1252 prolicere,
1313 1197 1401 1252 quam
1411 1180 1598 1239 formidinem
1611 1183 1669 1257 (Yl)
1678 1187 1715 1242 ad
1725 1202 1790 1244 eer-

58 1267 237 1341 significare
253 1267 332 1339 quod
348 1268 459 1323 directa
474 1266 659 1323 essedebeat
674 1267 827 1338 prophetin
840 1266 898 1339 (st)
954 1267 1128 1324 rectionem.
1147 1269 1247 1339 ltaque
1262 1270 1406 1341 praemisit
1429 1272 1564 1344 gratiam,
1588 1274 1713 1331 veniens
1736 1291 1792 1349 per

57 1357 111 1412 vel
126 1356 491 1412 sacerdotatisauctoritas
504 1372 510 1412 :
523 1357 896 1429 utnentamdelectohilia,
956 1355 1091 1428 Virginis
1107 1361 1232 1428 partum,
1249 1361 1281 1414 ut
1303 1360 1334 1414 in
1352 1359 1500 1432 baptismo
1513 1365 1635 1432 peccata
1655 1364 1790 1437 donaret,

59 1460 154 1521 quam
168 1443 251 1501 utilia
263 1445 451 1517 persuadeat.
956 1459 1015 1516 quo
1039 1445 1098 1501 sibi
1115 1445 1226 1503 laceret
1240 1448 1398 1520 gratiores.
1420 1449 1533 1506 Deinde
1553 1451 1580 1506 si
1596 1455 1791 1525 competentia

93 1534 123 1590 ³.
148 1532 276 1606 ideoque
299 1534 441 1590 nucinum
464 1533 604 1592 baculum
625 1549 745 1591 sumere
772 1532 898 1606 jubetur
956 1533 1051 1604 gratis
1065 1534 1139 1589 viris
1151 1534 1248 1590 cilicia
1264 1540 1477 1608 reponeremus
1487 1537 1555 1610 (98),
1573 1539 1669 1610 ipsius
1684 1543 1804 1614 gretiae-

58 1623 215 1696 propbeta,
232 1623 301 1696 quia
316 1626 486 1681 memoratae
499 1640 620 1696 pomum
634 1624 751 1682 orboris
766 1639 898 1682 amarum
956 1623 1223 1678 remunerationem
1239 1623 1367 1681 futuram
1386 1626 1516 1681 omnium
1541 1628 1571 1683 in
1596 1627 1652 1684 bac
1668 1628 1792 1686 muliere

53 1713 86 1768 in
102 1713 225 1783 cortice,
242 1713 350 1768 durum
365 1714 396 1767 in
416 1715 503 1782 teste,
527 1712 608 1769 intus
628 1717 674 1768 est
692 1712 895 1783 iruotuosum3
912 1755 939 1820 Β
955 1709 1125 1767 declaravit.
1143 1710 1218 1766 Nom
1234 1713 1259 1767 si
1275 1714 1475 1770 tantummodo
1486 1715 1688 1786 primadebita
1702 1719 1792 1774 nobie

53 1802 136 1859 utad
151 1801 220 1872 ejus
235 1801 458 1857 similitudinem
473 1801 614 1873 propbeta
624 1818 742 1875 quoque
755 1817 853 1858 amara
868 1804 896 1857 et
955 1799 1134 1871 remisisset,
1160 1800 1312 1857 videretur
1333 1803 1456 1873 cautior,
1472 1808 1566 1874 'quam
1579 1804 1792 1881 indulgentior,

53 1906 134 1964 pura
157 1890 331 1963 praetendat,
358 1894 386 1947 et
410 1890 583 1947 denuntiare
602 1892 697 1947 tristia
721 1907 779 1947 non
802 1890 896 1947 relor-
956 1888 1211 1962 correctionisque
1225 1889 1427 1961 providentior
1440 1907 1529 1964 quam
1543 1896 1793 1953 remunerationis

54 1979 160 2037 midet.
185 1979 327 2035 Similiter
351 1980 438 2035 etiam
462 1980 620 2051 sacerdos,
645 1980 713 2052 quia
736 1981 895 2053 preceptio
956 1977 1202 2050 magnificentior.
1220 1979 1350 2051 Augusti
1372 1980 1460 2035 animi
1486 1982 1549 2036 sola
1564 1983 1672 2039 astutia
1687 1986 1744 2055 est,
1760 1987 1793 2041 ut

56 2068 140 2143 ejus,
152 2069 209 2125 etsi
225 2069 262 2125 ael
276 2073 393 2141 tempus
413 2068 563 2141 aliquibus
587 2084 686 2125 amaru
708 2069 851 2139 videatur,
868 2071 897 2125 et
955 2067 1075 2123 illiciat:
1092 2066 1152 2121 Dee
1163 2069 1261 2121 autem
1272 2069 1420 2139 convenit,
1430 2071 1461 2124 ut
1472 2086 1550 2141 quos
1560 2071 1730 2128 invitaverit
1739 2088 1795 2144 per

57 2161 201 2230 tanquam
216 2157 301 2231 virgo
315 2161 415 2212 Aaron
430 2159 561 2228 reposita
577 2157 626 2213 diu
650 2158 817 2214 inauribus
833 2158 896 2213 dis·
957 2155 1221 2229 gratiam,eesdem
1228 2156 1792 2231 gratimipsiusinoremcntisprovehat.

64 2245 292 2318 simulantium,
322 2249 419 2301 tamen
448 2246 606 2320 aliquando
643 2263 710 2302 cum
739 2247 895 2318 aestimato,
958 2241 1153 2316 Ideoquetlss)
1169 2243 1291 2298 nobiset
1305 2247 1372 2299 ante
1388 2244 1477 2299 donat
1490 2261 1544 2316 per
1557 2247 1748 2322 baptismum,
1764 2253 1795 2306 et

61 2337 193 2405 aruisse,
210 2336 351 2391 florescit.
960 2336 1028 2405 post
1048 2333 1123 2387 bene
1137 2331 1338 2387 servientibus
1355 2333 1493 2389 uberiora
1512 2335 1647 2409 largitur.
1663 2337 1705 2393 Ita
1720 2354 1794 2412 ergo

92 2425 123 2481 l.
140 2424 227 2481 Unde
242 2428 270 2480 et
281 2425 444 2496 Apostolus
459 2425 521 2480 ait:
541 2447 552 2476 ι
574 2422 649 2491 Quid
673 2425 772 2496 vultis,
790 2425 820 2480 in
835 2426 898 2480 vir·
957 2421 1067 2477 Christi
1075 2420 1409 2477 benefieiaetiueentiva
1418 2423 1536 2480 virtutis
1548 2427 1705 2497 etpreemia
1713 2431 1792 2485 sunt.

57 2530 97 2587 ga
113 2515 233 2569 veniam
247 2514 283 2568 ad
298 2530 364 2584 vos,
381 2529 420 2568 un
433 2515 463 2568 in
479 2513 630 2584 charitate,
648 2515 812 2586 spirituque
823 2531 900 2569 mun·
992 2511 1019 2565 7.
1036 2509 1095 2565 Scd
1117 2526 1204 2565 nemo
1229 2510 1407 2566 vocabulum
1431 2512 1621 2570 foeneratoris
1637 2514 1795 2574 horrescet

61 2602 241 2659 suetudinis
255 2602 286 2674 (1
296 2602 364 2658 Cer.
382 2601 500 2673 rv,‘ll)t
516 2602 603 2657 Prius
615 2603 692 2658 enim
703 2604 817 2676 virgam
828 2602 901 2658 dixit
958 2599 1025 2670 (30).
1049 2597 1171 2654 Fuimus
1194 2601 1260 2654 anto
1284 2599 1341 2654 sub
1364 2598 1543 2658 foeneratore
1559 2602 1643 2673 duro,
1661 2605 1711 2677 qui
1735 2606 1796 2662 nisi

57 2696 88 2751 et
116 2695 260 2765 tanquam
280 2692 349 2757 957
371 2692 457 2765 virga
476 2692 585 2747 nucina
599 2691 751 2763 percussit
768 2695 902 2746 errantes
959 2690 1053 2744 morte
1064 2688 1208 2744 debitoris
1218 2688 1332 2760 expleri
1347 2705 1382 2744 ao
1392 2689 1493 2745 satiari
1508 2693 1645 2764 nequiret
1654 2694 1794 2768 (Leuni,

57 2783 89 2837 nt
103 2783 210 2852 postea
227 2780 435 2836 consuleretur
449 2796 502 2837 eos
523 2780 630 2853 spiritu
651 2780 899 2836 mansuetudinis.
961 2775 1018 2845 lu.
1035 2776 1122 2832 Venit
1132 2777 1276 2833 Dominus
1288 2777 1391 2849 lesus,
1403 2779 1476 2834 vidit
1488 2781 1571 2852 gravi
1583 2782 1795 2857 nesebligutea

58 2868 169 2943 ltaque
197 2885 285 2942 quem
303 2871 389 2943 virge
413 2871 608 2925 sacramentis
623 2869 772 2924 abdicavit
794 2870 902 2926 coeles·
960 2865 1074 2922 foenore
1090 2866 1157 2936 (81).
1174 2866 1268 2921 Nemo
1289 2865 1387 2922 foenus
1411 2883 1499 2923 suum
1517 2870 1693 2940 patrimonio
1707 2873 1795 2929 inno-

56 2958 160 3024 tibus,
196 2959 334 3014 eumdem
368 2955 564 3014 mansuetudo
583 2959 722 3014 restituit.
749 2958 901 3031 Discipulo
961 2956 1066 3010 centiae
1088 2971 1152 3009 sum
1174 2958 1289 3026 poterat
1311 2956 1795 3030 exsolveretdemeo,undeme

57 3062 184 3121 quoque
206 3048 273 3102 talia
294 3047 470 3119 praescripta
493 3047 583 3117 dedit,
606 3047 711 3103 dicens
729 3062 735 3103 :
755 3069 765 3098 r
788 3051 900 3121 Argue,
921 3044 1129 3132 eliberarem,
1146 3043 1255 3098 babere
1271 3060 1329 3098 nen
1344 3048 1487 3115 poteram,
1503 3060 1613 3102 novum
1626 3064 1724 3121 genus
1740 3050 1795 3106 ab·

57 3135 200 3207 obsecra,
217 3136 336 3209 increpa
353 3135 398 3209 (II
409 3136 481 3191 Tim.
494 3154 533 3205 ιν,
550 3137 587 3206 9).
607 3160 618 3185 u
635 3136 793 3207 Duodure,
811 3154 901 3192 uuum
961 3132 1119 3188 solutionis
1140 3133 1212 3187 mihi
1229 3132 1352 3203 detulit,
1380 3136 1412 3189 ut
1433 3133 1611 3190 creditorem
1633 3141 1793 3210 mutarem,

56 3224 149 3297 mite,
165 3226 219 3281 sed
239 3225 306 3281 ideo
323 3225 405 3296 dura,
432 3227 463 3280 ut
487 3225 574 3280 etiam
599 3225 664 3297 ipsa
681 3226 816 3297 molliret,
833 3227 901 3297 quia
960 3222 1029 3294 quio
1043 3222 1143 3277 furnus
1158 3221 1236 3276 unde
1251 3221 1409 3293 solverem,
1426 3238 1485 3277 nou
1501 3223 1656 3281 habebam.
1672 3226 1795 3284 Debito-

59 3313 141 3370 sicut
151 3315 245 3387 mgris
256 3314 431 3370 redundanti
444 3314 698 3386 tellecorporibus
708 3313 841 3370 ciberum
853 3317 903 3368 uut
960 3327 1009 3367 res
1024 3313 1121 3366 autem
1135 3326 1192 3365 nos
1207 3326 1266 3366 non
1281 3314 1394 3382 natura,
1407 3312 1460 3366 sed
1476 3313 1561 3383 culpa
1577 3313 1708 3389 lecerat,
1722 3332 1795 3388 pec·

60 3408 152 3475 potus
165 3403 330 3459 amaritudo
345 3402 500 3472 dulcescit,
518 3406 546 3457 et
557 3406 658 3457 eontra
670 3404 822 3475 epularum
834 3419 902 3458 sua·
961 3401 1037 3455 cotis
1053 3400 1131 3455 enim
1147 3400 1259 3456 nostris
1280 3416 1339 3455 erra
1364 3401 1466 3472 gravia
1487 3403 1700 3476 contraximus,
1722 3407 1796 3471 958

62 3492 142 3547 vitas
156 3491 344 3547 amaritudini
361 3494 409 3547 est
424 3506 431 3547 ε
448 3490 486 3545 ita
499 3491 550 3547 ubi
565 3491 682 3547 animus
698 3495 744 3547 est
768 3493 901 3564 saueius,
960 3493 992 3544 ut
1015 3504 1155 3545 essemus
1177 3490 1315 3560 obnoxii,
1342 3491 1392 3561 qui
1415 3505 1535 3546 eramus
1553 3491 1655 3565 liberi3
1680 3494 1797 3551 debitor

63 3581 240 3654 voluptarias
257 3581 318 3637 lotu
332 3581 511 3637 aduletionie
526 3581 584 3652 (95)
605 3583 755 3654 aegrescit,
782 3586 811 3637 ct
834 3599 902 3637 rur·
960 3577 1041 3633 cuim
1055 3580 1111 3642 est,
1128 3576 1178 3648 qui
1193 3576 1305 3649 aliquid
1323 3577 1438 3648 aceepit
1452 3579 1488 3634 de
1504 3579 1691 3638 foeneratoris
1706 3598 1796 3654 pecu·

10 3686 12 3743 j
65 3684 131 3727 snm
146 3671 341 3727 correotionis
358 3673 537 3742 temperatur
551 3670 756 3726 amaritudine.
960 3667 1020 3721 uia.
1039 3666 1194 3721 Peccatum
1208 3680 1280 3721 vero
1295 3666 1441 3722 adiabolo
1452 3672 1499 3723 est
1516 3684 1522 3724 :
1538 3670 1716 3742 tanquemiu
1726 3671 1796 3744 ejus

10 3794 15 3839 '.
101 3760 127 3814 5.
143 3759 216 3816 Haec
231 3759 268 3815 de
282 3760 454 3831 prophetico
465 3758 591 3816 lectione
602 3759 692 3815 libata
707 3759 903 3816 sintzssvau-
961 3754 1136 3826 patrimonio
1161 3754 1215 3809 has
1244 3754 1333 3810 habet
1360 3755 1469 3827 impius
1496 3773 1591 3830 opes3
1616 3759 1796 3817 sicutenim

10 3846 20 3905 ἶ
73 3847 805 3921 geliiquoquelcotioquidbabentconsideremus:
821 3850 903 3905 aito·
960 3843 1070 3899 Christi
1087 3844 1197 3899 divitiai
1212 3843 1338 3901 virtutos
1361 3849 1440 3914 sunt,
1462 3847 1500 3902 ita
1517 3847 1627 3903 diaboli
1647 3864 1720 3920 opes
1735 3851 1797 3906 cri·

25 4008 32 4013 ,
76 3937 279 4010 geritquidam
296 3937 901 4007 PhorisaeusDominumlesummtman·
961 3933 1039 3988 mina
1059 3936 1138 3989 suut.
1162 3933 1330 4005 Dedegorat
1350 3933 1511 3991 humanum
1530 3952 1628 4009 genus
1643 3938 1673 3993 in
1688 3954 1798 4012 perpe-

32 4078 38 4083 .
81 4022 190 4083 dumret
204 4040 271 4082 eum
288 4026 337 4081 illo
350 4042 358 4096 ς
373 4030 402 4082 et
421 4027 580 4099 ingressus
601 4025 720 4081 domum
744 4027 901 4097 Pharisaei,
961 4025 1040 4078 tuam
1060 4022 1257 4093 captivitatem
1278 4023 1416 4079 obnoxiae
1435 4024 1618 4083 haereditatis
1639 4027 1696 4098 (39)
1712 4029 1798 4102 gravi

80 4109 226 4171 discubuit.
237 4115 272 4171 Et
288 4129 358 4171 ecce
368 4115 482 4187 mulier,
499 4131 566 4187 quie
581 4117 644 4170 erat
656 4116 687 4170 in
701 4116 818 4171 civitate
833 4131 904 4187 peo—
961 4111 1087 4182 foenore,
1103 4110 1184 4183 quod
1199 4110 1349 4167 obaeratus
1363 4115 1469 4168 ductor
1483 4113 1519 4167 ad
1535 4120 1675 4185 posteros
1692 4117 1728 4173 de
1744 4118 1800 4174 tm·

81 4204 171 4275 tutrix,
188 4208 220 4260 ut
235 4205 376 4277 coguovit
397 4205 476 4276 quod
499 4204 590 4260 lesus
612 4204 751 4260 accubuit
771 4205 801 4259 in
817 4205 904 4260 domo
963 4203 1065 4256 ueretu
1090 4200 1285 4255 successione
1308 4202 1523 4258 transmiserat.
1548 4204 1635 4259 Venit
1654 4206 1798 4262 Dominus

37 4314 42 4321 ·
83 4285 230 4364 Pherisaei,
255 4294 350 4349 attulit
371 4293 551 4349 alabastrum
574 4293 717 4365 unguenti
739 4309 745 4348 :
769 4297 798 4348 et
821 4298 905 4349 stans
964 4289 1071 4359 lesus,
1096 4292 1220 4344 mortem
1241 4305 1324 4344 suom
1345 4306 1398 4361 pro
1419 4295 1511 4347 morte
1531 4293 1661 4348 omnium
1682 4293 1798 4364 obtulit,

82 4381 144 4438 retro
158 4399 249 4439 secus
259 4383 353 4453 pedes
364 4381 443 4454 ejus,
454 4382 799 4455 lacrymiscoepitrigare
809 4383 901 4454 pedes
919 4381 948 4445 D
965 4380 1141 4451 sanguinem
1156 4394 1243 4434 suum
1258 4395 1311 4449 pro
1327 4380 1472 4451 sauguine
1488 4380 1563 4435 ludit
1577 4383 1797 4438 universorum.

40 4494 49 4517 s
81 4465 132 4538 rjus
144 4470 203 4544 (96)
219 4472 302 4544 (Luc.
320 4488 371 4544 vu,
392 4470 503 4543 36-38).
531 4494 543 4521 ι»
568 4471 603 4526 Et
629 4471 744 4544 reliquo
768 4472 893 4528 recitavi
1000 4469 1027 4525 8.
1044 4467 1233 4523 hlultavimus
1249 4482 1321 4540 erge
1338 4467 1528 4539 creditorem,
1549 4484 1609 4525 non
1624 4471 1799 4545 evasimus3

107 4612 159 4687 (98)
175 4615 262 4671 Rom.
275 4613 344 4670 edit.
357 4654 364 4684 ,
375 4615 407 4669 iu
418 4613 624 4739 heptateucho,
636 4614 815 4684 quuvecein
829 4616 906 4686 psal.
1001 4611 1057 4682 (98)
1074 4610 1159 4679 thiu,
1178 4632 1189 4657 a
1216 4608 1376 4682 gratiarum
1397 4608 1426 4663 in
1443 4625 1498 4666 uos
1514 4610 1614 4667 olssoiu
1629 4611 1799 4683 desponde·

82 4693 185 4768 quoqne
201 4700 305 4768 exvru,
322 4685 447 4768 sormi
468 4727 474 4752 ,
501 4701 581 4741 num.
606 4685 651 4754 19,
678 4700 754 4768 usus
769 4690 908 4768 ⁸estAm-
965 4699 1087 4749 remua3
1106 4705 1116 4732 ι
1134 4682 1209 4737 torte
1226 4680 1465 4751 rependeremus.
1693 4755 1698 4768 .

80 4747 204 4826 broeras,
230 4757 282 4812 ubi
306 4772 367 4812 vim
391 4757 532 4827 epusdem
547 4756 685 4811 vocabuli
696 4756 906 4826 explicuimus.
1000 4754 1057 4825 (99)
1073 4755 1113 4807 lta
1130 4753 1224 4807 codex
1239 4755 1471 4833 manucxaralus
1489 4768 1495 4807 ε
1513 4753 1636 4809 atRom.
1653 4755 1722 4810 edit.
1732 4756 1800 4813 haee
1816 4782 1819 4786 ·

82 4820 288 4912 Pentateuchus
304 4843 375 4883 vero
392 4827 523 4899 quinque
538 4828 682 4883 librorum
693 4827 807 4898 hloysis
823 4844 907 4884 eom·
964 4829 1075 4908 tontum
1096 4824 1199 4904 babet,
1227 4821 1479 4903 epi-ovideutior.
1508 4826 1638 4897 Augusti
1671 4843 1799 4957 namssue

78 4894 238 4964 plaxieest.
322 4969 328 4982 ι
437 4969 495 4981 ..
575 4969 581 4981 υ
733 4969 739 4979 ·
963 4897 1171 4964 animrest,ut
1192 4893 1309 4962 illiciat,
1329 4898 1500 4951 nonautem
1524 4901 1706 4967 promoveat.
1729 4900 1740 4954 l
1762 4917 1798 4958 eo

81 4969 371 5113 deliggtrpitrgiiheelig'a’,
385 4991 403 5089 ⁸¹r
418 4968 582 5095 Seli&llflemnl
607 4969 686 5042 qu⁰d
711 4968 822 5026 dmm
837 4985 906 5026 esse
964 4970 1221 5105 qu(glisl-leiaoemittit
1236 5035 1304 5118 edit.
1324 5035 1419 5105 ilem,
1438 5059 1449 5087 e
1468 5036 1557 5093 Erunt
1573 5039 1631 5097 duo
1646 5040 1798 5099 debitores

105 5113 158 5183 (lb)
177 5114 370 5182 hommes,
391 5134 402 5161 ι
425 5111 645 5167 voluntariae...
664 5112 871 5184 correptionis.
892 5133 903 5163 ι
964 5111 1079 5192 cuidam
1095 5108 1274 5176 ioenemtorr,
1294 5131 1305 5155 n
1322 5108 1401 5178 quod
1416 5110 1445 5162 in
1464 5111 1566 5167 codice
1580 5113 1654 5185 Deg.
1672 5118 1799 5184 praeter-

103 5184 157 5255 (96)
170 5185 246 5256 lieg.
259 5184 364 5254 codex,
376 5206 387 5234 ι
402 5184 555 5254 hacrymis
568 5183 683 5254 rigabat
694 5184 785 5253 pedes
795 5183 878 5253 ejus3
891 5207 903 5233 a
963 5184 1095 5236 mittitur.
1139 5251 1144 5261 Ι

77 5259 132 5376 fest
146 5272 227 5329 quae,
243 5254 376 5323 omissis,
397 5276 408 5303 ι
426 5255 583 5337 etreliqua
612 5255 746 5337 recitavit
763 5256 906 5326 usquead
999 5253 1055 5352 (til)
1072 5253 1184 5323 tlogius
1200 5249 1305 5333 codex,
1323 5273 1334 5297 α
1354 5253 1456 5324 egravi
1472 5253 1620 5354 obligatos
1638 5271 1698 5312 aere
1713 5255 1799 5310 iuue-

86 5339 174 5396 ocum,
194 5349 206 5374 ι
224 5328 315 5409 totam
331 5325 497 5407 evangelici
519 5327 618 5380 textus
639 5341 748 5381 scriem
763 5327 799 5380 ad
816 5326 905 5408 linem
962 5339 1028 5392 reo,
1048 5347 1058 5370 n
1077 5322 1151 5378 torte
1167 5323 1273 5406 melius
1289 5321 1384 5451 legas,
1400 5323 1555 5410 (maeres.

78 5395 903 5522 VD⁰⁰⁹¹‘¹⁸1.t‘tt⁶tt¹tttl‘.l.⁰⁰‘¹⁰⁰¹¹¹‘⁸‘¹⁵¹¹¹'‘¹¹‘·
963 5394 1628 5538 ntittttrtlrstitilletur-*lit
1642 5409 1799 5523 ruht:

78 5467 369 5613 'guilllfdfflodem
393 5559 405 5589 ι
432 5510 582 5610 quae'sunt
597 5509 687 5608 reeta,
700 5554 787 5622 quam
804 5540 905 5613 metu;
963 5541 1032 5614 ptus
1049 5507 1144 5598 codex
1157 5535 1278 5616 praefert
1293 5510 1442 5620 operatus,
1454 5509 1658 5613 anteponenda
1674 5541 1729 5594 est.

74 5608 195 5692 plusque
209 5609 351 5672 obesitate
366 5608 521 5684 prolicere,
537 5624 626 5685 quam
636 5608 803 5687 tormidine,
818 5633 830 5663 r
843 5613 900 5674 ete.

318 5716 448 5783 Peraea.
467 5715 546 5784 xvi.
1577 5712 1623 5786 tt,
