3900 6128
541 245 596 317 be
616 229 916 318 sieaiuuu'rls
938 249 1019 315 iiii.
1043 247 1098 318 111.
1617 244 1680 322 tie

71 454 159 512 rtem
188 452 334 527 degustes
352 470 359 509 ε
375 452 524 526 quomodo
548 452 686 508 Christus
707 468 788 508 mor·
802 435 832 496 Α
880 449 924 507 et.
946 452 1026 525 Ergo
1035 451 1167 507 mersisti
1183 453 1239 521 (De
1254 451 1375 511 Censeo.
1392 456 1461 512 dist.
1477 455 1503 527 l,
1520 472 1584 528 cap.
1595 458 1677 514 Mer·

72 543 449 615 ¹vpiicciito,et’llcouivit3
472 544 554 598 itaet
578 543 788 612 tu'supeiioii-
846 540 937 611 sisti),
971 541 1076 596 venisti
1107 544 1143 597 ad
1174 543 1357 598 sacerdotem
1383 545 1482 615 :quid
1507 545 1559 600 tibi
1584 546 1679 602 dixit?

71 628 172 689 lubrie
189 634 377 701 peccalorum
394 635 529 685 mortuus
553 632 598 685 sis
621 646 674 702 pei·
695 630 788 700 bapti·
847 629 926 684 Deus
941 629 1007 700 (te),
1024 631 1128 702 inquit,
1145 631 1231 685 Pater
1246 632 1431 702 omnipotens
1443 633 1493 704 qui
1508 637 1535 688 te
1550 650 1677 706 regene-

72 723 290 787 uramentum,
325 725 353 774 ot
377 720 547 774 surrexeris
578 734 632 789 per
664 719 789 790 gratiam
846 719 922 772 ravit
945 734 982 772 cx
997 734 1072 791 iique
1087 723 1115 774 et
1139 719 1249 789 Spiritu
1269 722 1383 788 sancto,
1401 721 1609 793 concessitque
1623 722 1677 778 tibi

82 804 170 863 Bors
184 822 259 879 ergo
273 811 329 876 est,
345 808 399 862 sed
423 824 482 863 non
504 809 534 861 in
559 808 662 862 mortis
685 822 789 878 eorpo-
844 809 965 877 peccata
980 810 1039 877 tua,
1055 807 1120 879 ipse
1136 811 1163 862 to
1179 809 1271 879 ungat
1285 808 1315 861 in
1329 807 1420 861 vitam
1435 811 1585 865 internam.
1602 810 1677 866 Vide

72 892 166 964 auio,
182 896 236 950 sed
252 896 282 950 in
298 896 507 965 similitudine;
534 897 692 951 cumcuim
710 911 788 950 mer-
845 895 895 950 ubi
917 898 1025 950 unctus
1049 911 1082 950 es
1100 910 1106 951 :
1124 897 1154 949 in
1178 895 1278 964 vitam,
1303 895 1408 967 inquit,
1434 900 1583 952 aeternam.
1608 897 1678 953 Noli

72 983 123 1040 ii·
138 984 273 1054 suscipis
297 988 325 1038 et
352 984 513 1055 sepulturae
538 983 762 1038 similitudinem
779 1000 785 1038 :
845 983 921 1037 hanc
936 985 1025 1038 vitam
1040 984 1081 1038 illi
1099 985 1166 1038 vilre
1182 984 1238 1052 (44)
1254 983 1411 1044 anteferre.
1429 984 1520 1039 Verbi
1531 985 1634 1057 gratia,
1651 987 1679 1041 si

72 1070 145 1133 ilius
169 1073 282 1143 accipis
309 1076 529 1127 sacramentam
555 1073 622 1142 (4·2),
655 1073 733 1144 quod
758 1073 788 1126 in
845 1075 988 1144 exsurgat
1001 1072 1139 1127 inimicus
1154 1073 1272 1143 aliquis,
1298 1072 1323 1126 si
1340 1073 1411 1127 velit
1426 1073 1479 1127 tibi
1495 1073 1581 1127 tidem
1598 1077 1678 1128 tuum

72 1158 345 1232 inrumpendi,
363 1161 494 1216 eiciaris
506 1162 654 1216 confixum
665 1160 786 1232 catejas
843 1160 970 1230 auferre,
987 1160 1014 1214 si
1030 1161 1156 1217 minatur
1171 1164 1303 1230 mortem,
1320 1164 1351 1214 ut
1366 1161 1578 1231 praevaricetur
1587 1161 1674 1232 quis-

86 1246 134 1305 Tu
147 1263 222 1321 ergo
237 1265 304 1303 cuin
320 1249 519 1321 crucifigeris,
545 1248 664 1303 Christo
685 1250 787 1304 adhue·
844 1264 942 1320 quam,
957 1248 1025 1304 vide
1039 1249 1109 1320 quid
1124 1248 1219 1321 eligas
1239 1266 1244 1304 :
1263 1248 1323 1303 noli
1338 1249 1449 1322 eligere
1475 1249 1546 1304 illud
1570 1250 1601 1304 in
1620 1265 1679 1321 quo

72 1336 115 1393 ivi
143 1337 262 1394 Domini
286 1339 382 1393 nestri
405 1338 479 1392 iesu
502 1338 615 1393 Christi
638 1337 786 1407 adlioeres,
844 1353 904 1392 non
920 1353 954 1392 es
969 1341 1076 1392 unctus
1090 1337 1156 1408 (45),
1174 1338 1228 1393 sed
1243 1337 1320 1410 elige
1336 1337 1407 1392 illud
1434 1337 1464 1393 in
1488 1352 1546 1410 quo
1570 1341 1679 1394 unctus

72 1424 179 1483 motus
194 1427 292 1497 possit
306 1426 492 1482 abstrahere.
516 1426 626 1481 Teneai
642 1430 668 1481 lo
685 1426 788 1480 clavus
845 1442 889 1497 οε,
906 1429 937 1479 ut
952 1425 1041 1479 vitam
1056 1429 1196 1481 aeternam
1212 1425 1280 1480 vilae
1291 1425 1433 1498 praeferas
1443 1426 1605 1499 temporali.
1622 1427 1681 1484 Per

85 1528 176 1588 quein
190 1517 312 1570 revocat
326 1516 462 1570 bumanic
479 1515 657 1570 conditionis
668 1514 788 1569 inllimi·
845 1512 995 1569 Christum
1011 1514 1166 1569 Dominum
1183 1517 1327 1570 nostrum.
1344 1517 1447 1570 Amen.

72 1744 186 1801 honi.
210 1745 290 1824 cod,
314 1746 415 1817 accipe
439 1751 636 1802 sacramenta.
662 1744 697 1800 Et
721 1730 831 1816 postss
881 1745 938 1814 ili)
960 1745 1022 1800 lut.
1040 1726 1174 1799 latinius
1191 1743 1312 1816 conjicit
1326 1741 1495 1818 legendum,
1518 1742 1570 1800 ulli
1586 1744 1678 1802 vitia:

72 1815 425 1943 bedar-ismaelitarum,
441 1817 513 1898 legit
530 1817 652 1872 Cliri'stc
674 1817 787 1887 aderis,
846 1817 900 1871 sed
922 1832 1066 1888 quorsum
1090 1832 1124 1872 ea
1147 1819 1306 1872 mutatione
1329 1832 1404 1888 opus
1429 1818 1478 1887 sit,
1509 1832 1569 1873 non
1593 1817 1679 1873 vide·

99 1900 176 1956 eris,
191 1886 221 1940 id
236 1889 292 1955 est,
309 1886 495 1960 adiungeris.
846 1904 923 1941 mus,

72 1950 131 2015 be
163 1957 256 2039 oratio
278 1958 308 2012 in
332 1957 466 2012 Sacram.
490 1957 611 2084 ‚Greflor
634 1961 663 2013 et
685 1956 788 2038 Gallie.
882 1959 938 2027 (45)
958 1958 1033 2013 ltlss.
1057 1973 1150 2028 prope
1173 1958 1317 2039 uniuersi,
1344 1954 1466 2013 omissis
1490 1957 1522 2040 iri
1547 1973 1601 2031 que
1622 1974 1679 2015 nou

72 2026 127 2085 iia
139 2027 256 2083 Missali
270 2043 389 2100 quoque
403 2031 497 2083 veteri
511 2029 553 2084 Ga
578 2045 614 2084 ic.
631 2033 786 2098 reperitur.
848 2035 894 2082 cst
910 2035 1022 2093 rinctus,
1040 2035 1067 2081 et
1083 2034 1241 2096 postremis
1268 2028 1326 2083 illis
1350 2045 1406 2100 per
1422 2027 1583 2096 Christum,
1609 2034 1678 2099 ete,

77 2102 161 2180 piet
175 2099 300 2154 termam
317 2099 559 2182 confirmationis,
585 2100 612 2153 si
636 2104 739 2181 tamen·
754 2100 789 2153 de
848 2100 944 2154 locum
963 2100 1014 2180 ¹sic
1038 2099 1146 2152 liabciit
1163 2099 1263 2180 [5⁰1¹]
1286 2099 1400 2169 eligere
1416 2119 1424 2153 :
1440 2099 1556 2172 Benig,
1581 2101 1679 2182 negti·

80 2170 456 2296 ·-tt¹ti¹‘.t⁰t‘.⁰ttil⁸u
478 2169 790 2296 “iietittmtlti
846 2168 1281 2295 tititlt'ul‘itltbl
1302 2176 1677 2295 attitularetur

72 2264 99 2369 41
119 2311 210 2382 epist.
225 2310 271 2381 ie,
296 2326 334 2367 ex
357 2282 479 2366 Hieron.
502 2311 572 2367 Dial
592 2258 790 2367 adverada·
847 2282 1020 2382 cunctaeque
1044 2309 1113 2365 edit.
1138 2309 1308 2380 praeierant,
1334 2310 1474 2365 credibile
1498 2279 1546 2365 est
1568 2311 1616 2365 liic
1638 2282 1680 2366 la:

73 2386 161 2457 pt.
175 2382 227 2436 lib.
243 2398 284 2438 xv
296 2382 342 2439 De
360 2382 480 2452 lririit.,
497 2383 611 2439 isidoro
626 2382 678 2437 lib.
695 2399 725 2449 ii,
745 2382 790 2438 De
847 2396 951 2437 cunam
966 2396 1035 2436 esse
1051 2381 1205 2451 scriptoris
1220 2380 1330 2436 veteris
1345 2380 1474 2452 alicujus
1488 2382 1677 2454 exemplaris,

73 2466 123 2527 up.
147 2451 194 2524 26,
218 2454 247 2509 et
268 2452 319 2509 lib.
344 2469 374 2509 ri
398 2452 514 2526 Origin.
540 2469 594 2526 cap
627 2454 790 2525 citatque
845 2453 923 2508 unde
938 2453 1109 2524 transcripti
1123 2451 1173 2507 atii
1188 2451 1315 2523 ruerunt,
1332 2451 1549 2509 ascribendam.

613 2776 1018 2882 iiiiiiii'rnirius·

154 3083 225 3153 361
251 3091 378 3153 cirur
398 3093 560 3154 raritati.
801 3096 826 3156 c
845 3052 989 3155 ⁸i⁰3⁰t¹¹¹3¹
1008 3051 1239 3124 (1¹⁰²·³¹¹¹¹·³³)2
1265 3055 1351 3153 itud,
1369 3054 1418 3154 (ΗΘ
1439 3051 1610 3110 versiculus
1630 3051 1682 3125 mi

844 3143 951 3198 dicitur
966 3158 997 3197 in
1011 3141 1125 3212 psalmo
1141 3143 1273 3197 seeundo
1290 3158 1296 3198 :
1314 3143 1411 3198 Filius
1426 3158 1508 3198 meus
1522 3157 1556 3198 es
1571 3147 1610 3211 tu,
1627 3157 1683 3213 ege

73 3200 254 3305 abruliam
268 3222 400 3304 demersi
415 3239 449 3278 ³0
466 3221 615 3304 ¹vivificati
636 3222 784 3303 4661))Ῐᾷϋί
843 3231 932 3286 liodic
945 3231 1035 3303 genui
1051 3237 1090 3301 te,
1106 3231 1142 3285 ad
1157 3231 1406 3286 resurrectionem
1421 3234 1556 3302 spectare
1577 3229 1682 3285 videa·

73 3298 159 3351 ἰω
181 3310 214 3348 ¹¹¹
235 3299 342 3364 ⁶⁸P¹⁸⁰t
369 3300 399 3375 ef
422 3294 492 3375 ‘inid
508 3299 548 3347 δ’(
568 3299 783 3375 ²2³9⁶¹¹⁰m¹⁰i
843 3322 899 3374 tur.
916 3319 1049 3390 Namque
1063 3320 1185 3374 sanctus
1199 3318 1352 3390 apestolus
1369 3318 1474 3374 Petrus
1490 3318 1547 3387 (49)
1562 3318 1682 3373 indeti-

73 3364 169 3423 iiione
183 3365 274 3419 etiam
289 3380 343 3418 nes
353 3380 450 3435 piscis
465 3380 496 3418 iii
511 3380 586 3418 mari
607 3363 709 3418 seculi
732 3363 784 3419 liu·
842 3407 861 3462 b
1151 3407 1157 3419 .
1203 3408 1209 3419 .
1308 3424 1314 3439 ‚

73 3434 156 3493 am·
171 3443 308 3489 „mmm
323 3440 465 3506 omnm
482 3434 555 3490 nem
579 3435 617 3489 de
638 3435 784 3506 mystea-0
865 3423 900 3462 us
915 3407 1117 3478 apostolorum
1132 3422 1177 3462 sic
1202 3410 1410 3478 interpretatus
1432 3409 1487 3477 est,
1511 3406 1592 3478 quod
1610 3408 1682 3460 tunc

73 3505 232 3581 immodum,
249 3504 332 3577 umus
345 3505 417 3560 iiuei
440 3521 510 3561 usus
525 3507 556 3559 m
570 3504 708 3560 Ecclesia
723 3504 783 3560 Ru.
842 3496 959 3568 quando
974 3495 1139 3551 resurrexit
1153 3494 1247 3551 Filius
1262 3511 1279 3549 a
1293 3495 1428 3565 mortuis,
1446 3495 1543 3550 Patris
1557 3509 1618 3550 vox
1631 3509 1683 3549 re·

83 3592 147 3635 aon
171 3576 315 3644 obtineat,
342 3576 457 3631 utilitas
479 3575 559 3632 baud
572 3591 668 3648 parra
683 3575 782 3631 ‹icele-
842 3585 1017 3640 saltaverit:
1034 3583 1130 3640 Filias
1145 3599 1276 3639 meuses
1291 3589 1331 3654 tu,
1357 3599 1411 3656 cpe
1432 3583 1521 3639 bodie
1542 3583 1634 3655 genui
1653 3587 1683 3638 tc

842 3672 936 3742 (l'sal.
953 3689 984 3743 ii,
999 3672 1038 3742 t).
1059 3671 1144 3726 Unde
1159 3674 1188 3727 et
1202 3671 1418 3743 primogenitus
1433 3686 1450 3726 a
1466 3670 1591 3726 mortuis
1606 3670 1683 3725 diei-

73 3774 174 3831 ihrno
189 3771 237 3827 dio
252 3770 310 3840 (46)
326 3771 362 3826 do
377 3771 458 3826 ionio
474 3770 702 3842 disputavimus,
729 3786 783 3825 uu.
841 3767 897 3815 tur.
911 3760 991 3833 Ergo
1002 3760 1182 3816 resurrectio
1194 3760 1331 3831 quidest,
1343 3760 1402 3815 nisi
1413 3760 1531 3832 quando
1542 3758 1683 3815 demorle

73 3860 128 3919 ih
141 3860 234 3916 voluti
249 3859 385 3932 quaedum
400 3858 531 3929 sepulcri
546 3858 640 3914 imma
664 3862 727 3928 osi3
752 3859 782 3913 iu
841 3850 878 3904 ad
892 3849 983 3904 vitam
997 3848 1205 3921 resurgimus?
1226 3846 1277 3902 Sic
1300 3863 1373 3920 erge
1397 3851 1426 3903 et
1449 3848 1480 3902 in
1493 3847 1682 3933 baptismate,

74 3936 218 4015 ideam
232 3949 263 4002 in
278 3947 405 4017 Patrem,
421 3950 449 4002 et
463 3946 579 4015 Filium,
596 3948 625 4003 et
638 3947 782 4018 Spiritum
842 3939 981 4009 quoniam
1004 3936 1165 3992 similitudo
1188 3935 1293 3991 mortis
1317 3940 1373 4006 est,
1406 3936 1472 3991 sine
1496 3934 1587 3991 dubio
1613 3934 1684 3990 dnm

74 4053 91 4115 g
114 4037 280 4108 recipimur
303 4039 332 4091 ei
354 4036 555 4108 demergimur
574 4038 603 4091 ei
617 4035 781 4107 surgimus,
842 4027 955 4099 mergis
978 4028 1007 4081 et
1028 4025 1176 4098 resurgis,
1200 4025 1362 4080 similitudo
1385 4024 1417 4079 iit
1441 4023 1682 4079 resurrectionis.

74 4125 335 4199 ‚miracimmum
358 4125 479 4195 Accipis
499 4128 596 4179 autem
617 4132 706 4205 popio,
727 4123 783 4178 hoo
844 4116 935 4170 Recte
959 4115 1059 4185 itaque
1078 4114 1243 4168 secundum
1267 4112 1538 4183 interpretationem
1556 4104 1685 4183 apostoli

74 4218 191 4275 atum
207 4214 264 4285 (Π)
280 4229 370 4284 supra
387 4216 473 4285 caput
488 4212 544 4283 (De
561 4212 683 4268 conseo.
700 4213 780 4281 disi,
844 4203 922 4258 Petri
938 4202 1016 4258 sicut
1029 4202 1078 4257 illa
1094 4202 1273 4258 resurrectio
1290 4200 1476 4274 regeneratio
1502 4200 1567 4270 tuit,
1594 4199 1633 4254 ita
1656 4199 1687 4255 et

74 4302 100 4361 Ε
109 4304 218 4377 myst.)
233 4301 329 4367 Quare
344 4317 435 4372 supro
451 4303 558 4372 caput?
578 4299 651 4366 Quia
675 4316 785 4357 sensus
844 4292 902 4346 ista
916 4291 1097 4347 resurrectio
1111 4291 1299 4363 regeneratio
1316 4293 1372 4345 est.

74 4408 90 4449 ι
111 4392 145 4449 in
169 4393 265 4461 capite
289 4390 368 4462 ejus,
392 4389 530 4445 Salomon
554 4390 594 4444 ait
608 4389 738 4459 (Euctus,
754 4406 785 4458 u,
880 4380 907 4435 3.
928 4379 988 4435 Sed
1002 4379 1072 4450 quid
1097 4379 1173 4433 dicis
1193 4379 1261 4451 quia
1285 4378 1443 4450 inaquam
1458 4375 1593 4447 mergis?
1613 4373 1683 4429 Ideo

74 4482 125 4557 gd
147 4481 226 4535 enim
252 4479 396 4549 sapientia
420 4479 485 4534 sine
508 4478 603 4551 gratie
626 4495 631 4532 :
659 4477 713 4533 sed
736 4477 787 4532 ubi
802 4499 829 4560 D
845 4468 1058 4541 peregrinaris,
1075 4467 1142 4522 ideo
1158 4471 1185 4522 te
1196 4465 1339 4522 dubitatio
1350 4466 1450 4520 tenet?
1466 4464 1607 4535 Legimus
1618 4462 1684 4532 qui-

82 4569 238 4640 acceperit
253 4568 407 4639 sapientia,
429 4569 500 4622 tunc
514 4582 590 4637 opus
604 4565 672 4638 ejus
686 4565 788 4637 incipit
846 4558 913 4612 dem
928 4573 934 4612 :
951 4555 1102 4612 Producat
1119 4560 1200 4609 terra
1217 4570 1256 4609 er
1269 4570 1302 4608 sc
1318 4553 1447 4607 fructum
1461 4550 1681 4622 germinantem

74 4656 209 4717 metim
226 4655 299 4710 Haeo
314 4654 501 4728 regeneratio
516 4654 624 4709 dicitur
638 4653 705 4724 (48).
846 4645 933 4716 (Gen.
949 4661 968 4714 1,
985 4643 1040 4714 lt).
1066 4642 1206 4698 Similiter
1226 4645 1255 4696 et
1269 4641 1305 4696 de
1320 4641 1406 4710 aquis
1422 4637 1524 4711 legisti
1540 4652 1546 4692 :
1564 4636 1684 4693 Produ-

74 4744 167 4805 itui
180 4743 395 4816 regeneratio?
417 4741 518 4798 Habes
533 4742 564 4797 in
578 4743 703 4798 Actibus
718 4755 787 4813 apo·
847 4741 914 4790 ecrit
929 4748 1011 4806 aquae
1025 4731 1185 4787 animantia
1207 4728 1296 4799 (Ibid.
1312 4727 1371 4797 20),
1387 4729 1417 4782 et
1430 4729 1496 4782 nata
1521 4728 1591 4781 sunt
1614 4725 1683 4780 ani-

74 4882 176 4949 imh
189 4885 240 4942 die
255 4886 286 4940 iii
300 4900 374 4941 mss.
395 4899 487 4956 prope
509 4884 648 4940 omnibus
671 4882 787 4938 deside·
881 4876 938 4948 (48)
956 4873 1032 4929 Mas.
1048 4887 1106 4927 non
1121 4869 1217 4942 pauci,
1234 4869 1351 4951 sedebi
1361 4868 1461 4940 gratia
1477 4867 1601 4940 coperit
1616 4880 1686 4926 esec

74 4956 121 5019 d
141 4961 242 5014 antii
265 4959 296 5012 in
319 4956 388 5011 edit.
413 4955 552 5010 omnibus
569 4973 576 5010 :
593 4954 672 5026 quod
690 4958 787 5008 autem
843 4946 989 5021 perlecta,
1005 4944 1069 4999 lioec
1083 4947 1275 5013 regeneratio
1290 4939 1411 4994 dicitur.

74 5028 123 5101 it
137 5029 209 5084 voci
222 5028 364 5097 delente,
379 5025 578 5081 sub‘uaxerat
586 5025 785 5098 baptismatis,
882 5018 938 5141 (wi
959 5016 1043 5071 iloni.
1060 5012 1120 5093 edit
1134 5012 1208 5081 sola,
1225 5009 1373 5093 apostolus
1387 5008 1509 5091 Paulus.
1527 5007 1563 5064 Et
1576 5008 1686 5094 iterum

74 5096 258 5173 uuonan
274 5096 418 5169 suumgio
447 5101 556 5153 ecerat.
847 5089 904 5144 sub
939 5101 1006 5141 nem
1022 5085 1112 5154 huius
1136 5098 1228 5151 num,
1249 5086 1330 5136 mter
1351 5085 1527 5136 rotationem
1548 5080 1684 5152 Apostoli

74 5166 171 5243 bec
186 5170 258 5225 edit.
274 5184 309 5222 ac
324 5184 399 5224 mss.
415 5169 505 5240 longe
523 5166 651 5237 plurimi,
674 5171 788 5239 myste·
847 5161 924 5215 sicut
940 5156 1001 5219 illa,
1018 5160 1075 5211 etc.
1090 5153 1150 5209 Sed
1163 5153 1313 5208 memoriae
1329 5097 1446 5222 iiipsum
1460 5151 1607 5207 malumus
1617 5166 1686 5211 aues

74 5246 183 5306 unt,
200 5245 388 5313 unguentum,
413 5238 540 5308 demet,
567 5236 696 5305 Prateli,
720 5235 788 5291 Cio·
847 5230 904 5286 tori
919 5227 1089 5294 attribuere,
1106 5239 1195 5296 quam
1210 5225 1367 5293 corruptos
1383 5237 1488 5277 omnes
1510 5224 1540 5277 et
1563 5236 1639 5286 piis.
1655 5225 1686 5281 et

75 5304 204 5379 iuer.
220 5309 248 5367 t.
283 5309 425 5365 reiterant
439 5311 545 5380 partim
559 5323 693 5362 murrum
724 5322 790 5377 par·
848 5303 907 5356 vet.
924 5298 993 5354 edit.
1007 5295 1190 5352 existimare.
1205 5293 1350 5349 Continuo
1366 5307 1438 5351 vero
1453 5297 1532 5368 post,
1547 5292 1599 5350 ubi
1618 5307 1685 5348 oni-

75 5372 92 5383 “’
177 5384 236 5438 etc.
252 5327 478 5453 &legendum
487 5387 575 5461 gipes.
589 5349 712 5450 eamqu'e
724 5391 791 5449 ger·
850 5387 904 5428 nes
919 5369 989 5426 edit.
1004 5382 1040 5450 ac
1054 5381 1128 5422 inss.
1144 5365 1266 5438 aliquot,
1282 5366 1361 5447 sicut
1373 5363 1426 5422 iila
1436 5362 1686 5433 resurrectioge·

75 5388 241 5533 ΕΜ»
255 5474 327 5517 omo
339 5474 427 5516 nomo
441 5459 581 5515 ommutuu
596 5457 649 5513 ibit
663 5456 790 5512 infimus.
851 5441 969 5498 naratio
993 5437 1062 5507 rari,
1078 5437 1180 5510 plures
1201 5451 1236 5492 ao
1258 5438 1389 5507 potiores
1410 5433 1520 5489 habent
1522 5473 1576 5489 .....
1592 5445 1685 5502 rege-

75 5531 436 5669 g'mdabigraiium,
451 5532 520 5601 otu„
533 5521 793 5602 mmmuuupuuut
851 5512 970 5571 naratio
994 5509 1063 5567 init.
1095 5508 1226 5564 Alteram
1248 5509 1346 5562 autem
1373 5507 1487 5577 partem
1520 5517 1594 5559 mas.
1622 5513 1684 5554 non

75 5599 558 5759 ,mitridatem
578 5600 703 5679 “im
725 5612 793 5658 ⁰⁵⁸⁰
851 5567 1684 5733 tittt'tttttltiitlt·littttti'ttu‘eti
