3900 6128
116 280 177 352 407

867 284 900 352 S.
924 285 1145 355 amaseam

1782 295 1859 369 408,

120 496 239 551 eternae
259 491 420 551 inhalatum
440 494 535 553 vobis·
555 510 676 552 munere
701 477 991 550 sacramentornmt
1011 489 1220 563 armipotentis
1231 488 1417 560 (9)(Μ218011·
1430 508 1460 561 Π,
1470 491 1508 562 7).
1520 490 1587 548 Non
1598 495 1645 549 081
1661 491 1774 566 fallere,
1784 510 1843 553 non

121 585 240 655 carpite:
258 585 337 655 quod
350 585 437 642 vobis
452 585 699 659 significavimus,
717 601 782 640 cum
793 583 954 656 apertionis

120 673 305 728 celebrantes
324 675 544 746 mysteriumit)
555 674 740 730 diceremus:
762 673 950 746 Eplrplretlra,

120 761 196 834 quod
215 767 262 819 est
282 762 453 835 Adaperire
472 763 579 831 (Maro.
600 781 651 831 vn,
671 763 732 832 34);
758 766 789 817 ut
808 766 952 817 venturas

118 850 326 922 unusquisque
342 851 378 905 ad
394 852 519 924 gratiam
534 853 604 924 quid
621 851 861 923 interrogaretur,
878 842 951 907 326

120 942 330 1011 cognosceret:
344 941 413 1011 quid
423 940 625 1012 responderet,
636 940 808 995 meminisse
820 939 949 995 deberet.

155 1028 951 1100 t.lloomysteriumcelebravitChristusinEvangelio

119 1126 226 1194 (liare.
238 1142 289 1195 ru,
305 1125 361 1195 34),
379 1127 456 1180 siout
471 1127 609 1198 legimus,
627 1142 693 1180 oum
710 1129 820 1180 mutum
837 1128 952 1179 curaret

119 1217 148 1269 et
163 1215 296 1270 sardum.
313 1214 371 1270 Sed
396 1214 444 1270 illa
460 1231 495 1270 os
520 1215 614 1287 tetigit
628 1214 689 1284 (5);
712 1215 779 1285 quin
796 1217 824 1268 ot
839 1215 951 1267 uratum

119 1303 241 1359 curabat
254 1307 283 1359 et
293 1304 389 1359 virum
402 1319 408 1359 :
424 1305 454 1359 in
465 1303 567 1371 altero,
584 1307 614 1358 ut
625 1319 658 1359 os
674 1301 741 1375 eius
756 1303 864 1358 inlusae
875 1318 950 1357 sono

118 1392 203 1447 vocis
226 1392 373 1462 aperiret,
396 1392 427 1447 in
446 1392 549 1460 altero,
574 1393 642 1464 quia
662 1393 757 1446 taetus
782 1391 838 1446 iste
854 1392 950 1446 virum

118 1482 251 1552 decebat,
268 1481 405 1538 feminam
420 1498 479 1539 non
495 1481 627 1538 decebat.

446 1588 571 1644 CAPUT
586 1589 620 1646 ll.

120 1694 195 1761 Quid
204 1695 346 1751 initiandi
351 1695 517 1750 Ecclesiam
523 1696 658 1767 inpressi
664 1696 870 1768 promiserint,
884 1694 948 1764 qui-

153 1768 248 1822 busve
264 1782 361 1822 coram
377 1767 515 1838 testibus,
527 1774 555 1823 et
573 1767 761 1840 quamobrem
776 1784 809 1821 aa
821 1783 949 1821 normar-

154 1839 247 1894 terint
257 1838 471 1894 adorientem?

152 1928 179 1982 5.
199 1927 269 1983 l‘ost
284 1926 350 1982 haec
374 1931 506 1983 reserata
529 1927 584 1982 tibi
604 1930 675 1983 suut
698 1926 805 1983 Sancta
828 1930 949 1982 saneto-

115 2017 245 2086 numid),
262 2017 422 2089 ingressus
446 2032 480 2072 es
505 2017 741 2089 regenerationis
765 2018 946 2072 sacrarium:

115 2108 215 2176 repete
231 2105 302 2176 quid
322 2106 522 2176 interrogatus
543 2105 597 2173 sis,
613 2121 798 2177 recognosce
814 2106 884 2177 quid
899 2121 949 2160 re·

115 2194 284 2264 spondei-is.
302 2194 487 2250 Renuntiusti
498 2194 653 2251 diaboloet
663 2194 803 2265 operibus
815 2194 882 2265 ejus
897 2194 947 2265 (7),

113 2283 224 2338 mundo
240 2285 268 2338 et
287 2282 412 2338 luxuriae
437 2281 505 2355 ojus
526 2299 561 2338 ac
584 2284 795 2355 voluptatibus.
820 2285 949 2340 Tenetur

113 2387 174 2427 vox
187 2374 247 2440 tua,
264 2387 324 2428 non
338 2373 369 2427 in
393 2373 504 2428 tumulo
528 2375 720 2443 mortuorum,
738 2373 792 2429 sod
816 2374 846 2429 in
870 2373 946 2429 libro

112 2461 287 2516 viventium.

149 2550 175 2606 a.
193 2550 299 2605 Vidisti
324 2551 384 2605 illie
407 2549 548 2619 levitam,
567 2551 669 2606 vidisti
694 2552 878 2607 sacerdotem
896 2554 945 2623 (8),

114 2638 216 2693 vidisti
225 2654 373 2695 summum
387 2640 582 2696 sacerdotem.
596 2640 663 2696 Noli
673 2641 863 2697 considerare
879 2658 947 2697 eor-

113 2743 219 2797 porum
235 2728 358 2801 tlguras,
375 2730 429 2784 sed
445 2730 652 2802 mysteriorum
664 2731 798 2802 gratiam.
811 2730 947 2786 Praesen-

114 2815 195 2870 tibus
211 2817 326 2889 augelis
341 2817 458 2875 loeutus
473 2835 517 2888 es,
533 2820 611 2875 sicut
626 2819 769 2890 seriptum
784 2824 848 2876 est:
874 2819 946 2885 Quia

112 2904 193 2961 iahia
210 2906 378 2963 sacerdotis
388 2909 556 2964 cusiodiunt
567 2909 734 2978 seientiam,
750 2916 779 2964 et
789 2910 946 2982 legenter·

114 2995 235 3068 quirunt
246 3012 347 3052 exora
357 2998 462 3070 ipsius,
476 2999 609 3070 qnoniam
625 2998 750 3071 angelus
768 3004 814 3053 est
830 2999 948 3053 Domini

148 3139 187 3207 (t)
204 3110 254 3194 ¹De
282 3139 338 3195 hac
367 3142 543 3197 caeremonia
572 3142 735 3213 Gregorius
767 3142 892 3212 hlaguus
917 3143 946 3197 iu

112 3209 256 3277 Sacram,
281 3211 360 3267 Ordo
386 3213 483 3279 Rom,
504 3212 629 3268 Albinus
653 3216 682 3268 et
701 3213 750 3267 alii
775 3216 944 3284 scripsere:
963 3212 1155 3282 csingulnri.
1173 3212 1229 3267 Per
1244 3212 1320 3267 hano
1334 3216 1429 3267 autem
1454 3227 1557 3266 vocem
1573 3229 1632 3268 non
1646 3216 1834 3286 episcopum,

112 3281 330 3408 ggnotamtvero
340 3283 454 3410 (grecis
465 3300 528 3339 eam
540 3284 817 3410 sni⁸4⁵3⁰9⁰lff⁰rmst
831 3285 945 3411 llengr·

135 3368 333 3410 usnoserm
372 3372 481 3410 aeram.
527 3372 574 3410 n.
647 3399 653 3411 .
695 3372 764 3410 orro
785 3372 851 3410 oum
870 3373 945 3411 inm

112 3424 246 3479 eamdem
261 3426 431 3483 celebrasse
446 3372 582 3482 Chalsifis
602 3427 718 3495 dieitur,
735 3427 791 3481 hoe
808 3428 845 3481 ita
863 3427 946 3485 intel·

112 3494 173 3567 lige
193 3511 252 3550 non
271 3498 349 3580 quod
376 3497 455 3553 illam
480 3514 551 3553 vero
579 3498 748 3566 instituerit,
769 3499 821 3553 sed
849 3498 944 3568 ipsius

112 3565 289 3623 institutioni
317 3585 437 3624 eausam
486 3570 643 3625 raebuerit:
674 3570 781 3641 quippe
809 3586 875 3641 quar
909 3570 944 3624 ud

113 3636 249 3709 ejusdem
271 3640 405 3695 miraculi
430 3587 631 3696 celebraretur
649 3641 849 3696 imitationem.
872 3641 945 3695 Nam

114 3711 308 3767 caeremonias
322 3713 422 3768 varius
433 3713 469 3767 ab
480 3713 547 3767 aliis
558 3713 707 3767 institutas
718 3716 798 3767 reete
809 3712 946 3766 admonet

113 3780 178 3836 Vel.
198 3782 304 3838 Strabo
320 3783 371 3839 lib.
388 3784 425 3839 de
440 3784 517 3839 Rei).
534 3783 663 3846 Ecaten,
682 3800 745 3854 cap.
763 3784 807 3838 ⁶26.
823 3784 945 3847 Quando

113 3857 210 3907 antem
226 3855 310 3909 tieret
333 3857 361 3910 et
379 3870 437 3926 quo
460 3856 528 3922 ritu,
545 3855 721 3926 explicatius
743 3856 866 3910 ‹locerur
890 3855 941 3909 lib.

114 3922 151 3977 de
164 3923 377 3988 Sacrameutr's,
396 3942 459 3995 cop.
474 3926 498 3980 t.

149 3995 187 4062 (5)
204 3994 279 4051 Edit.
297 3995 393 4064 Cras,
409 3997 475 4053 Gill.
492 4000 521 4053 ct
536 3999 632 4066 llam„
645 3997 699 4051 sed
720 3996 765 4051 rili
783 4013 816 4052 os
828 3997 943 4067 tetigit:

1011 583 1057 634 est
1082 595 1208 653 negare:
1235 580 1360 652 angelus
1387 575 1505 653 estqui
1528 598 1654 655 reguum
1678 582 1790 639 Christi
1813 589 1843 641 et

1010 669 1099 721 vitam
1125 672 1265 722 aternam
1287 669 1449 724 annuntiat.
1474 669 1540 725 Non
1563 671 1664 742 speeie
1691 664 1842 732 au132'l
1864 736 1867 741 ,

1011 756 1204 811 aestimandus
1219 756 1267 824 sit,
1285 757 1337 811 sed
1359 773 1490 813 munere.
1510 757 1586 824 Quid
1605 760 1760 816 tradiderit
1773 776 1844 817 eon·

1011 845 1119 915 sidera,
1130 861 1218 899 usum
1230 844 1296 915 ejus
1306 847 1450 916 expende,
1463 848 1492 901 et
1501 850 1608 902 statum
1619 847 1687 919 ejus
1697 864 1841 922 agnosce.
1860 900 1870 911 ,.

1044 934 1070 988 l.
1095 934 1256 1006 Ingressus
1284 949 1318 988 es
1348 934 1439 1006 igitur
1467 939 1498 990 ut
1526 936 1731 993 adversarium
1760 943 1842 995 tuum

1010 1038 1160 1093 cerneres,
1179 1022 1227 1078 oui
1242 1023 1467 1078 renuntiandum
1485 1024 1514 1078 in
1531 1024 1787 1096 osputaris(10):
1807 1027 1844 1083 ad

1009 1111 1151 1166 orientum
1171 1112 1373 1181 converteri83
1390 1113 1439 1184 qui
1456 1113 1534 1168 enim
1548 1115 1695 1170 renuntiat
1709 1115 1838 1186 diabolo,

1008 1201 1043 1253 nd
1058 1199 1208 1256 Christum
1224 1201 1414 1270 convertitur,
1432 1202 1513 1256 illum
1536 1203 1648 1258 directo
1674 1203 1770 1259 ceruit
1785 1203 1839 1260 oh·

1007 1291 1081 1343 tutu.

1325 1360 1451 1417 CAPUT
1468 1362 1515 1418 lll.

1006 1446 1041 1502 ln
1057 1464 1129 1521 aqna
1142 1456 1170 1503 et
1179 1450 1276 1504 saeris
1286 1450 1437 1504 ministris
1441 1452 1838 1525 praesentiamatqueopera-

1044 1520 1152 1574 tionem
1167 1520 1339 1575 divinitatis
1354 1522 1599 1577 considerandam
1611 1539 1689 1591 esse,
1699 1523 1839 1595 pluribus

1041 1590 1148 1663 dpuris
1155 1590 1680 1664 prribnsdaptismajamindeamundi
1685 1597 1838 1651 creatione

1041 1679 1075 1717 ac
1087 1669 1190 1735 postea
1201 1663 1432 1734 praenuntiatum
1446 1669 1502 1733 est,
1520 1664 1614 1719 docet.

1040 1753 1065 1806 8.
1082 1751 1156 1817 Quid
1177 1751 1303 1806 vidisti?
1319 1753 1419 1822 Aquas
1446 1752 1556 1825 utique,
1582 1753 1635 1809 sed
1658 1769 1718 1809 non
1737 1755 1835 1812 solas:

962 1840 1123 1917 plenitas
1145 1841 1205 1895 illio
1236 1840 1446 1911 ministrantes,
1476 1848 1623 1897 summurn
1652 1843 1837 1901 sacerdotem

1003 1930 1235 2002 interrogantem
1245 1933 1274 1986 et
1283 1928 1581 2001 consecrantem(lt).
1591 1931 1691 1987 Primo
1706 1934 1837 1989 omnium

1003 2019 1103 2075 docuit
1126 2023 1154 2075 te
1177 2018 1339 2090 Apostolus
1362 2035 1422 2074 uon
1445 2035 1479 2075 ea
1503 2021 1727 2091 contemplanda
1749 2021 1837 2078 nobis

1004 2125 1066 2181 qum
1080 2107 1226 2175 ridentur,
1245 2108 1299 2162 sed
1314 2124 1376 2180 quaa
1391 2124 1446 2163 aon
1467 2108 1614 2175 videntur,
1629 2110 1764 2182 qnoniam
1775 2127 1837 2184 quea

1006 2197 1423 2269 ridentur,temporaliasunt:
1436 2213 1498 2269 aare
1506 2203 1602 2253 autem
1614 2213 1670 2254 non
1685 2200 1835 2271 ridentur,

1002 2286 1174 2356 interruit!
1188 2288 1255 2341 Cor.
1272 2303 1311 2356 ιν,
1324 2285 1382 2356 48).
1399 2285 1474 2340 Nam
1489 2289 1517 2341 et
1531 2286 1601 2341 alibi
1620 2287 1734 2344 habes:
1763 2288 1837 2355 Quia

1003 2375 1033 2428 in
1040 2374 1171 2429 risibilia
1187 2375 1244 2430 Dei
1259 2391 1275 2429 a
1290 2382 1429 2430 ereatura
1444 2374 1546 2430 ruendi
1558 2391 1616 2448 per
1627 2392 1660 2431 eu
1679 2393 1743 2450 qaae
1757 2377 1837 2433 iacta

1002 2464 1387 2536 santeemprelreudnntur:
1409 2466 1592 2536 sempiterna
1608 2481 1719 2539 piraque
1738 2468 1837 2522 virtus

1003 2553 1066 2624 ejas
1077 2569 1111 2608 ac
1130 2554 1162 2609 di
1168 2554 1276 2608 rinitas
1287 2553 1429 2624 operibus
1444 2554 1607 2609 aestimatur
1622 2554 1716 2624 (Rom.
1735 2555 1762 2626 1,
1779 2556 1834 2624 20).

1003 2641 1087 2698 Unde
1099 2645 1127 2697 et
1138 2643 1202 2712 ipse
1213 2642 1356 2698 Dominus
1367 2643 1420 2698 ait:
1433 2642 1469 2697 Si
1483 2643 1558 2696 mitri
1569 2644 1775 2714 concreditis,
1790 2644 1840 2700 rel

1002 2731 1144 2802 operibus
1152 2731 1407 2800 credite(doau.x,
1420 2731 1475 2800 38).
1487 2731 1580 2786 Crede
1591 2748 1663 2804 ergo
1674 2732 1838 2790 divinitatis

1001 2820 1061 2874 illie
1079 2820 1186 2875 adesse
1210 2820 1408 2890 praesentiam.
1424 2819 1629 2890 Operationem
1650 2822 1761 2893 eredis,
1773 2838 1837 2878 >non

1002 2908 1099 2963 eredis
1111 2910 1324 2979 praesentium?
1341 2909 1424 2965 [sude
1436 2913 1611 2980 sequeret-ur
1622 2911 1765 2981 operatio,
1776 2912 1836 2968 uisi

1000 2999 1183 3068 praecederet
1197 3001 1264 3053 ante
1279 2998 1462 3068 praesentia?

1000 3139 1051 3195 lib.
1069 3159 1076 3194 ι
1094 3140 1136 3196 De
1151 3140 1296 3208 Sarrum,
1313 3157 1376 3212 cup.
1394 3141 1420 3211 a,
1435 3140 1592 3212 presbyter
1606 3145 1789 3201 memoratur
1803 3145 1835 3199 iu

1001 3287 1031 3338 ut
1046 3284 1131 3347 solet,
1148 3284 1285 3355 designat
1300 3284 1329 3339 S.
1355 3283 1476 3354 praesul,
1502 3284 1555 3339 sad
1577 3286 1699 3340 secundi
1716 3286 1834 3341 ordinis

1000 3355 1193 3421 sacerdotem,
1206 3355 1241 3409 ad
1252 3355 1339 3426 euius
1350 3355 1567 3410 distinctionem
1583 3356 1745 3428 episcopus
1760 3373 1835 3412 oon·

1000 3426 1080 3481 tiuuo
1124 3429 1172 3481 ost
1200 3443 1334 3483 summus
1356 3427 1498 3483 sacerdos
1525 3427 1701 3484 nominatur.
1724 3430 1835 3485 lterum

999 3512 1070 3551 vero
1088 3443 1137 3552 uli
1159 3497 1273 3552 Erasm.
1299 3514 1365 3553 oum
1387 3514 1450 3569 seq.
1467 3497 1536 3552 edit.
1560 3502 1587 3552 et
1612 3515 1684 3553 mss.
1709 3500 1831 3572 aliquot,

999 3571 1211 3641 rnp'steriormu
1230 3571 1378 3637 gratiam:
1407 3568 1526 3624 Anrcrb.
1549 3569 1775 3641 cumpluribus
1798 3588 1832 3627 ae

998 3639 1174 3709 potioribus,
1188 3645 1218 3694 at
1233 3641 1261 3694 in
1277 3645 1368 3695 textu.

1035 3711 1072 3779 ia)
1090 3711 1162 3766 llas.
1180 3712 1312 3767 nonnulli
1328 3728 1394 3767 eum
1409 3715 1489 3767 textu
1506 3710 1632 3766 llebraeo
1652 3716 1680 3767 et
1698 3715 1830 3769 version.

1000 3780 1087 3853 iulg.
1100 3786 1128 3837 et
1138 3783 1240 3837 tihald.
1251 3783 1368 3838 Ilourini
1384 3785 1576 3838 exercituum.
1591 3783 1706 3855 lteliqui
1719 3789 1748 3840 ct
1762 3786 1831 3841 edit.

1000 3868 1103 3908 ornnes
1111 3871 1177 3908 oum
1188 3855 1275 3922 LXX,
1287 3854 1407 3926 Syriaca
1419 3858 1447 3909 et
1455 3852 1591 3922 Arabica,
1603 3854 1723 3911 Domini
1737 3858 1831 3912 omni·

995 3926 1137 3996 poteritis.

1033 3995 1089 4066 (10)
1105 3997 1215 4051 Omnes
1230 3996 1310 4067 edit,
1321 3998 1369 4053 eui
1379 3995 1607 4053 ramrnriandnm
1618 4014 1688 4054 mox
1695 4009 1829 4070 putares.

112 4065 234 4135 Amerb,
244 4070 273 4123 et
291 4083 394 4123 omnes
406 4083 491 4135 mss,
505 4068 559 4122 sed
575 4068 636 4136 ille,
648 4071 704 4123 ete.
721 4068 945 4139 Consequenter
997 4065 1106 4122 Omnes
1118 4084 1203 4132 mss,
1215 4069 1263 4122 eni
1273 4068 1501 4123 ronnmiandnm
1510 4070 1541 4123 in
1552 4082 1593 4129 os,
1606 4071 1727 4139 quidam
1745 4077 1832 4143 parta·

113 4139 211 4193 nutem
221 4138 271 4194 uhi
281 4138 613 4212 pluresmss.etomnes
625 4139 705 4208 edit,
720 4139 842 4192 curabat
856 4147 885 4191 rt
903 4140 944 4191 ri·
998 4154 1057 4205 res,
1071 4139 1389 4210 plnrespntaris,uuus
1401 4141 1487 4195 etiam
1499 4141 1724 4212 spatarislnos
1734 4147 1831 4197 autern
1856 4194 1859 4199 ,

111 4234 187 4286 rum,
196 4218 305 4293 legitur
315 4220 345 4275 in
355 4236 432 4276 mss.
448 4220 568 4292 aliquot,
579 4220 701 4276 curabat
712 4226 740 4274 et
752 4221 882 4274 sardam.
892 4221 944 4276 Ile-
998 4219 1166 4273 renuntiare
1192 4219 1267 4274 idem
1290 4224 1336 4274 est
1364 4236 1398 4275 ao
1421 4219 1515 4291 palam
1544 4226 1573 4280 et
1595 4224 1707 4292 aperte,
1728 4222 1778 4278 Sic
1798 4223 1832 4282 εἰς

113 4300 201 4372 nique
210 4316 263 4372 pro
275 4316 376 4356 sonum
388 4301 477 4368 racis,
490 4300 569 4373 quod
580 4303 677 4356 exstat
696 4300 724 4354 iu
746 4300 941 4356 eunetisedit.
996 4294 1130 4370 πρόσωπον
1154 4300 1281 4354 sumitur
1303 4300 1333 4355 in
1356 4301 1479 4372 Didymo
1501 4305 1530 4357 et
1558 4302 1687 4358 Scholiis
1717 4298 1830 4359 Graecis

111 4384 140 4435 et
155 4396 227 4436 mss.
254 4397 312 4437 non
336 4381 449 4452 paucis,
473 4381 579 4437 melius
604 4383 634 4436 iu
656 4380 733 4449 aliis,
757 4396 828 4436 sono
852 4381 940 4447 raris,
997 4395 1050 4450 pro
1070 4383 1186 4453 peragas.
1214 4379 1345 4436 Sumitur
1373 4383 1459 4437 etiam
1484 4383 1513 4437 in
1537 4385 1602 4438 aliis
1629 4383 1755 4439 scholiis
1779 4400 1830 4454 pro

110 4460 140 4516 id
155 4464 211 4532 est,
228 4462 264 4516 ad
279 4477 386 4517 sonum
397 4462 481 4516 vocis
493 4461 692 4516 emittendum.

146 4533 186 4601 (a)
209 4532 318 4588 Sancta
342 4540 520 4595 sanctornm,
544 4533 600 4587 hoe
629 4536 675 4587 est
701 4533 943 4604 regenerationis

110 4605 286 4673 sacrarium,
295 4603 697 4688 baptisterium,fortassean:
710 4603 840 4657 hisouim
850 4605 941 4658 nomi-

111 4673 200 4729 nibus
221 4675 306 4731 loous
329 4677 377 4731 nto
403 4692 469 4731 cum
494 4676 530 4731 ab
554 4675 722 4743 Ambrosio,
741 4679 800 4728 tum
815 4676 851 4729 ab
875 4676 942 4730 aliis

111 4744 249 4800 Patribus
264 4747 435 4818 appellatur.
452 4746 596 4802 Caeterum
613 4750 783 4802 sauctorum
801 4747 940 4817 reliquias

111 4829 178 4869 eum
194 4816 335 4872 Paulinus
346 4818 432 4888 epist.
449 4819 484 4873 ⁶2⁴2
504 4818 612 4873 Sacrata
630 4824 799 4872 mitratorum
814 4833 941 4872 rorasse

110 4886 284 4955 reperiatur,
300 4890 387 4959 atque
402 4905 439 4943 ox
455 4889 589 4944 Eunodio
600 4890 693 4944 Tioin.
710 4889 795 4959 epist.
814 4888 851 4942 ad
864 4888 939 4942 l'tai.

110 4960 137 5010 et
153 4957 297 5030 Gregorio
312 4959 421 5014 Toron.
439 4960 489 5015 lib.
516 4977 535 5014 x
554 4961 632 5015 Hist.
650 4977 713 5030 cap.
730 4958 775 5023 31,
792 4976 876 5013 saera
894 4959 941 5013 illa

109 5028 235 5109 pignora
250 5029 281 5083 in
296 5029 477 5100 baptisteriis
498 5032 585 5086 ooudi
609 5032 695 5087 solitu
718 5031 939 5102 intelligamus,

110 5101 166 5153 errt
182 5099 309 5155 tortasse
325 5101 372 5171 qui
399 5100 454 5156 bue
476 5103 540 5172 ipsa
565 5102 600 5156 de
624 5118 713 5157 carran
731 5103 827 5157 loriam
851 5102 939 5156 istum

109 5171 242 5240 putetnb
259 5171 471 5229 ambrosiana
493 5177 627 5227 vocatum
653 5174 860 5228 Verumtamen
881 5189 940 5227 me-

110 5242 263 5312 taphoram
278 5245 388 5297 tantum
404 5243 452 5296 hie
472 5259 541 5298 esse
561 5244 744 5312 probabilius
761 5248 815 5298 est.
835 5245 875 5298 [le
892 5244 939 5298 his

108 5316 205 5369 autem
236 5313 373 5369 omnibus
402 5330 468 5385 quaa
493 5312 549 5368 hoe
572 5314 637 5369 loeo
662 5319 937 5382 commemorantur,

109 5382 937 5468 consuleriliumHierosol.Catech.r,llystagetalios.

997 4459 1174 4532 ἀναισχῦντως
1188 4461 1389 4532 impudenter:
1407 4479 1465 4534 quo
1480 4463 1554 4519 torte
1569 4478 1662 4518 sensu
1677 4463 1735 4518 tob
1746 4481 1766 4531 ι,
1786 4461 1827 4531 ll,

997 4531 1154 4586 invenitur.
1166 4533 1227 4587 Neo
1239 4533 1325 4588 etiam
1334 4534 1453 4588 nimium
1465 4533 1600 4605 displicet
1615 4534 1694 4605 quod
1706 4534 1830 4589 habetur

997 4602 1026 4656 in
1042 4605 1106 4657 rod.
1121 4604 1207 4674 lteg,
1217 4606 1358 4674 spartaria,
1369 4605 1426 4659 hoe
1437 4609 1491 4672 est,
1505 4621 1539 4660 os
1549 4605 1631 4660 tibilri
1642 4609 1731 4674 sputo
1743 4605 1828 4660 illini·

996 4678 1052 4728 tur.
1063 4675 1120 4729 Sed
1132 4679 1202 4729 tune
1221 4676 1353 4730 membra
1368 4677 1412 4731 sie
1425 4683 1527 4730 essent
1546 4676 1768 4757 distinguenda,
1783 4676 1830 4731 eui

997 4746 1236 4800 remmtiandnm.
1248 4746 1282 4799 ln
1293 4763 1326 4801 os
1342 4748 1484 4818 spartanis,
1497 4752 1552 4802 eto.
1570 4747 1720 4802 llisermus
1731 4752 1828 4802 nutem

996 4833 1034 4871 ex
1049 4816 1104 4871 lroe
1120 4817 1184 4871 loeo
1201 4818 1292 4871 moris
1308 4817 1412 4886 luisse,
1431 4822 1461 4871 ut
1478 4819 1529 4888 qui
1543 4818 1660 4873 diabolo
1676 4819 1829 4874 renuntio-

996 4887 1075 4954 bant,
1092 4888 1121 4942 in
1137 4888 1319 4943 occidentem
1339 4889 1572 4957 obverterentur,
1589 4889 1829 4961 quandoquidem

996 4964 1100 5027 postea
1117 4963 1145 5015 ut
1163 4959 1313 5014 Christum
1332 4961 1465 5031 aspiciat,
1483 4961 1666 5015 convertitur
1680 4961 1710 5015 in
1727 4962 1827 5016 orien-

995 5033 1063 5084 tem.

1031 5102 1087 5170 all)
1110 5103 1150 5156 lla
1177 5101 1265 5156 tontis
1289 5103 1513 5157 rirusecrntioue
1540 5101 1647 5156 «licitur
1673 5102 1724 5156 lib.
1751 5121 1760 5156 r
1787 5104 1828 5157 tir

997 5175 1130 5227 Sarrum.
1147 5191 1210 5243 cup.
1232 5175 1258 5239 5,
1276 5190 1364 5243 quarn
1386 5176 1473 5229 eliam
1489 5176 1603 5229 constat
1618 5176 1717 5228 uotum
1733 5174 1829 5230 luisse

995 5262 1052 5299 rron
1065 5245 1161 5299 solum
1170 5245 1340 5299 auctoribus
1349 5245 1475 5300 Constit.
1485 5247 1585 5316 Apest.
1594 5244 1645 5298 lib.
1658 5261 1709 5312 vn,
1722 5262 1787 5316 cup.
1801 5246 1828 5310 l,

995 5321 1022 5370 et
1034 5317 1132 5386 operis
1143 5317 1179 5370 de
1190 5316 1312 5370 Hierar.
1328 5317 1446 5385 reales,
1458 5334 1521 5387 eap.
1539 5317 1575 5369 de
1590 5314 1761 5387 Baptismo:
1776 5317 1828 5372 sed

994 5387 1080 5442 etiam
1097 5388 1148 5442 SS.
1174 5387 1319 5456 Cypriane
1347 5389 1433 5456 epist.
1458 5388 1568 5456 Synod.
1593 5387 1630 5440 acl
1653 5386 1775 5440 ianuar.
1802 5390 1831 5441 et

143 5459 182 5528 (Ἰ)
200 5457 261 5512 Etsi
278 5471 336 5512 non
352 5471 455 5511 omnes
466 5456 604 5526 baptismi
614 5473 807 5511 caeremonias
822 5462 940 5512 orrurret
994 5463 1119 5512 caeteros
1129 5459 1272 5513 Numidas
1283 5459 1388 5526 episo.;
1404 5459 1512 5513 Basilio
1522 5457 1553 5511 ln
1569 5456 1725 5527 psalnxx,
1736 5457 1828 5529 Creg.

107 5531 297 5596 Ambrosius,
315 5527 390 5583 hauc
406 5530 502 5582 tarmen
518 5525 606 5594 enjus
622 5543 707 5582 uenio
733 5527 793 5581 lero
821 5529 937 5583 l‘atrum
993 5529 1131 5598 Nyssenu
1148 5534 1175 5583 rt
1195 5530 1270 5583 aliia.
1295 5530 1376 5583 liade
1396 5530 1498 5584 merito
1515 5528 1610 5584 editor
1624 5528 1744 5601 duglas
1761 5545 1830 5599 ope·

107 5619 166 5658 non
190 5601 331 5669 meminit,
354 5601 496 5655 omissam
521 5599 623 5666 uoluit,
642 5601 739 5670 utpote
765 5600 839 5654 inter
862 5617 935 5669 prun·
994 5618 1057 5654 rum
1074 5601 1211 5670 lippi-iani
1228 5601 1293 5654 loeo
1306 5601 1402 5669 eltuto,
1420 5604 1508 5672 negat
1523 5600 1589 5655 illas
1604 5598 1751 5655 formulas
1771 5607 1831 5655 tam

107 5674 209 5743 cipuas
225 5674 456 5729 annumeratam.
993 5689 1122 5744 nuperus
1133 5689 1200 5727 esse
1219 5690 1302 5744 qrnnn
1322 5678 1481 5727 narratores
1500 5671 1561 5727 nni
1575 5675 1606 5727 et
1621 5670 1832 5747 adispersaa·

141 5744 179 5818 (8)
196 5746 281 5803 Rom.
298 5743 367 5803 edit.
384 5743 458 5818 sola,
474 5742 579 5801 vidisti
594 5742 775 5810 sacerdotes,
789 5744 817 5799 et
826 5743 936 5801 sanein
993 5745 1067 5801 dere
1083 5748 1236 5802 conantur.
