3900 6128
846 248 877 309 S.
903 247 1124 311 AMBROSll.

122 248 204 313 1887
1772 255 1849 319 1888

126 446 351 521 generationum
371 447 478 517 series,
500 447 729 503 successionum
748 446 842 517 vices,
862 427 998 502 obitusl
1017 448 1153 503 mendatii
1186 448 1243 503 sibi
1273 449 1386 505 semina
1418 452 1559 506 usurario
1586 449 1716 524 quodam
1749 451 1851 509 tenore

125 541 269 607 ortusque
285 536 451 608 signorum,
468 535 527 591 dici
542 540 570 591 et
586 536 682 592 noctis
698 552 961 606 occasuseoium·
1016 537 1206 607 multiplicata
1239 538 1387 594 restituat.
1418 539 1493 594 Nam
1522 540 1593 612 quid
1622 540 1660 596 de
1688 542 1851 612 generibus

125 640 184 698 que
198 624 329 696 quotidie
344 629 483 697 tanquam
497 625 630 680 rediviva
650 626 816 681 successio.
833 626 960 696 Tempe·
1015 627 1153 681 arborum
1165 627 1278 698 loquer,
1290 643 1357 697 quse
1368 627 1602 701 positosurgunt
1613 629 1650 685 de
1661 630 1788 700 semine,
1800 632 1851 685 ssu-

122 713 252 768 iamenti
265 729 385 785 quoque
404 714 544 786 genitalis
566 714 658 786 hujus
676 718 763 769 terras
783 715 868 769 aliter
885 713 960 769 ratio
1015 717 1140 784 ctusqne
1155 716 1305 770 resolutos
1329 717 1460 771 rediviva
1477 717 1656 772 fecunditate
1672 718 1852 775 resuscitant

124 802 254 858 subesse
269 819 329 858 non
344 806 456 873 posset,
468 803 525 857 nisi
538 803 672 858 humoris
687 803 782 873 ipsius
792 818 851 874 quo
862 802 959 858 omnia
1015 802 1081 872 (88),
1099 808 1127 857 et
1141 802 1245 858 formae
1261 805 1355 859 veteri
1375 809 1463 876 atque
1483 805 1605 877 imagini
1623 822 1691 861 suae
1712 808 1850 876 reddunt,

123 892 241 947 terrena
265 894 455 963 generantur,
482 895 623 962 quantum
643 892 742 947 diurni
765 892 840 947 solis
864 895 958 947 aestus
1016 893 1181 962 multasque
1197 895 1299 947 aetates
1315 893 1451 964 quiedam
1465 892 1607 948 arborum
1620 910 1748 966 corpora
1765 910 1851 965 repa·

122 982 313 1051 excoqueret,
331 983 443 1037 lantum
453 994 521 1035 rore
530 983 675 1036 nocturno
691 981 848 1051 dispositio
859 979 959 1034 divina
1016 985 1078 1033 rata
1094 980 1304 1050 transmittunt,
1316 985 1352 1047 1ιιι
1365 982 1432 1052 ipsa
1446 981 1579 1038 durando
1590 983 1712 1039 vincant
1722 985 1852 1041 saecula?

121 1072 285 1138 repararet.
303 1069 378 1124 Nam
399 1068 522 1141 quidde
542 1068 690 1124 fiuctibus
709 1069 835 1141 loquar?
853 1068 959 1125 Nonne
1014 1068 1191 1124 Putresoere
1220 1069 1355 1125 videmus
1383 1071 1510 1139 acinum,
1546 1071 1636 1127 vitem
1664 1087 1849 1145 resurgere:

43 1160 45 1165 '
122 1157 175 1212 tibi
195 1157 333 1213 videntur
351 1157 501 1227 occidere,
518 1173 585 1213 euni
605 1158 762 1214 decidunt:
783 1172 953 1229 resurgere,
1014 1157 1155 1213 surculus
1171 1158 1320 1228 inseritur,
1336 1158 1426 1214 arbor
1444 1160 1621 1215 renascitur.
1637 1162 1686 1215 An
1706 1161 1744 1217 de
1766 1178 1852 1234 repa-

122 1260 190 1301 cum
205 1247 415 1303 revirescunt?
431 1246 515 1312 Quod
530 1250 628 1302 salum
644 1251 701 1316 est,
712 1246 861 1318 resurgit:
877 1246 957 1318 quod
1016 1245 1117 1301 iendis
1128 1245 1288 1302 arboribus
1299 1247 1398 1303 divine
1408 1249 1661 1320 estprovidentia,
1673 1249 1712 1305 de
1722 1250 1851 1306 bomini·

122 1339 271 1390 mortuum
294 1339 352 1405 est,
374 1335 525 1406 resurgit;
552 1338 581 1390 et
602 1335 632 1389 iii
655 1335 758 1391 eadem
782 1350 903 1407 genera,
928 1336 958 1391 in
1013 1334 1071 1391 biis
1088 1335 1168 1390 nulla
1183 1336 1278 1390 curet
1297 1335 1333 1391 Et
1351 1337 1402 1409 qui
1422 1352 1457 1392 ea
1471 1353 1538 1410 qum
1553 1339 1590 1394 ad
1605 1355 1684 1394 usus
1700 1338 1850 1395 hominu·

121 1423 243 1479 easdem
267 1424 386 1494 species
414 1421 603 1479 relormatur.
631 1423 695 1479 Hos
724 1429 802 1479 terra
831 1424 958 1494 primum
1013 1423 1103 1493 dedit,
1119 1424 1218 1495 perire
1232 1440 1292 1480 non
1307 1440 1417 1495 passus
1433 1430 1499 1493 est;
1517 1426 1666 1482 bominem
1681 1428 1785 1499 perire
1800 1445 1849 1500 pa-

122 1512 249 1568 reddidit
259 1512 384 1583 tructus,
397 1512 426 1566 iii
442 1512 490 1568 bis
506 1512 633 1582 primum
648 1514 752 1568 aetum
768 1514 871 1568 nostra
886 1527 958 1584 spe·
1012 1513 1110 1581 tietur,
1128 1513 1268 1584 quemad
1284 1514 1443 1585 imaginem
1459 1516 1507 1569 sui
1526 1514 1619 1571 l'ecit‘.l

122 1600 198 1656 ciem
213 1602 446 1657 resurrectionis
462 1602 573 1656 imitata
588 1604 644 1657 est.
1048 1602 1093 1656 57.
1109 1600 1168 1657 Sed
1184 1601 1358 1658 incredibile
1373 1602 1426 1658 tibi
1445 1602 1572 1673 videtur,
1589 1606 1620 1658 ut
1639 1606 1755 1661 mortui
1774 1607 1849 1663 revi-

156 1689 202 1744 54.
218 1688 294 1755 Quid
310 1689 428 1746 dubitas
443 1689 480 1746 de
501 1706 625 1761 corpore
645 1707 756 1762 corpus
772 1693 957 1764 resurgere?
1012 1690 1147 1746 viscant:
1172 1712 1183 1738 ι
1205 1689 1352 1761 insipiens
1368 1695 1398 1747 tu
1413 1692 1478 1762 ipse
1496 1692 1576 1765 quod
1590 1694 1739 1764 semines,
1757 1711 1849 1752 nonae

121 1776 252 1836 Granum
267 1778 389 1848 seritur,
402 1794 528 1850 granum
539 1780 689 1852 resurgit:
705 1795 825 1851 pomum
836 1779 955 1850 decidit,
969 1799 996 1862 B
1012 1780 1096 1852 prius
1106 1780 1239 1848 moritur,
1249 1782 1281 1835 ut
1291 1780 1457 1836 vivillcetur
1467 1780 1554 1850 (lhid.
1564 1782 1630 1852 aeis
1642 1807 1654 1832 ιι
1668 1781 1745 1839 Sere
1756 1800 1849 1856 quem·

121 1881 241 1939 pomum
257 1868 404 1939 resurgit3
424 1867 478 1923 sed
494 1867 567 1923 tiore
583 1883 708 1941 granum
724 1868 864 1938 induitur,
881 1869 957 1924 lolli·
1013 1868 1084 1924 libet
1111 1868 1240 1924 fructum
1266 1873 1406 1936 arentem,
1436 1870 1643 1925 resuscitatur.
1674 1870 1738 1927 Sed
1766 1872 1848 1928 babet

122 1956 250 2027 culoque
264 1957 403 2011 vestitur:
422 1979 433 2004 ι
452 1954 487 2010 Et
502 1955 559 2011 hoo
579 1956 701 2013 mortale
723 1948 821 2013 1148
840 1963 957 2028 oportet
1012 1973 1146 2013 succum.
1176 1956 1212 2013 Et
1238 1962 1373 2013 nostrum
1405 1973 1515 2029 corpus
1548 1958 1637 2015 habet
1671 1961 1848 2034 sangiuuem

122 2044 246 2100 induere
255 2044 514 2108 immortalitatem,
526 2047 555 2100 et
564 2044 621 2101 boc
631 2045 823 2117 corruptibile
832 2045 955 2104 induere
1013 2062 1111 2118 suurn,
1127 2046 1215 2102 babet
1231 2046 1384 2101 humorem
1395 2062 1493 2102 suum.
1506 2047 1562 2103 llic
1572 2050 1671 2103 nostri
1681 2055 1847 2107 succusest

121 2134 374 2205 incorruptionem
383 2133 410 2203 (Ι
419 2134 487 2189 Cor.
499 2150 548 2204 xv,
560 2135 617 2204 53).
628 2134 717 2190 »Flos
724 2136 956 2193 resurrectionis
1012 2136 1159 2206 corporis.
1172 2134 1255 2190 Unde
1266 2135 1337 2190 illud
1349 2151 1467 2208 quoque
1478 2136 1635 2206 explosum
1642 2138 1844 2210 arbitrortdti,

121 2222 326 2279 immortalitas
334 2222 454 2291 est,tlos
465 2223 696 2279 resurrectionis
706 2225 888 2296 incorruptio
898 2229 954 2281 est.
1012 2225 1091 2296 quod
1100 2226 1232 2280 arentem
1241 2224 1393 2279 surculum
1404 2225 1523 2296 quidam
1531 2227 1720 2283 reviviscere
1731 2233 1845 2301 negant,

121 2310 196 2378 Quid
212 2312 291 2367 enim
305 2311 956 2385 uberiusquieteperpetua‘lquidlocuple-
1012 2313 1100 2384 idque
1122 2314 1159 2368 ad
1184 2312 1392 2384 prejudicium
1419 2314 1518 2369 carnis
1542 2315 1680 2372 derivare
1705 2318 1843 2373 nituntur.

121 2402 182 2458 tius
198 2402 356 2457 securitate
371 2401 529 2456 diuturna?
544 2400 655 2457 Hicest
666 2402 818 2474 multiplex
828 2403 955 2477 tructus,
1012 2402 1078 2458 Non
1093 2403 1171 2457 enim
1186 2418 1255 2458 caro
1271 2402 1363 2473 arida,
1380 2419 1446 2459 cum
1462 2419 1533 2459 cero
1548 2406 1677 2461 omnise
1704 2406 1778 2462 limo
1800 2408 1843 2478 sit,

121 2492 211 2564 cujus
225 2493 371 2562 proveatu
385 2490 509 2561 pullulat
522 2488 677 2546 fecundior
691 2490 842 2549 hominum
853 2496 956 2550 natura
1011 2490 1102 2547 limas
1123 2491 1154 2546 iii
1175 2491 1308 2563 humore,
1326 2491 1433 2547 humor
1455 2508 1472 2548 e
1487 2495 1584 2548 terris.
1602 2494 1742 2567 Denique
1762 2499 1844 2553 multa

121 2583 337 2656 postmortem.
1012 2581 1165 2653 gignentia
1180 2582 1317 2652 quamvis
1329 2580 1396 2654 J'ugi
1412 2583 1572 2638 serenitate
1587 2582 1679 2639 humo
1696 2586 1779 2640 arida
1789 2603 1845 2642 aie

157 2672 202 2726 55.
218 2669 277 2725 Sed
293 2668 410 2723 mireris
430 2667 677 2739 quemadmodum
696 2671 861 2741 putrefacta
880 2671 955 2727 soli·
1010 2686 1144 2741 nosaquc
1166 2671 1223 2739 (lo)
1242 2674 1424 2739 nascuntur3
1449 2671 1589 2742 quoniam
1611 2673 1679 2743 ipsa
1696 2675 1757 2729 sibi
1771 2679 1844 2731 terra

121 2762 238 2828 dentur,
253 2759 390 2829 dispersa
402 2761 516 2828 coeant,
527 2759 682 2829 absumpta
697 2765 879 2831 reparentur,
895 2776 955 2817 non
1011 2761 1165 2817 humorem
1180 2760 1299 2814 suflicit.
1323 2750 1419 2814 1149
1435 2758 1513 2814 Num
1523 2759 1615 2832 igitur
1630 2762 1660 2815 in
1676 2761 1842 2818 hominibus

121 2846 953 2921 mirarisquemadmodumseminavaporeotcompiessu
1011 2854 1091 2906 terra
1105 2851 1266 2921 degenerat
1280 2848 1346 2918 (ιι),
1363 2864 1430 2920 quae
1449 2849 1546 2904 omniu
1567 2865 1753 2921 regenerare
1775 2867 1842 2907 con-

121 2941 211 2996 terrse
236 2936 332 2992 soluta
351 2936 540 2992 viridescant.
561 2936 637 2991 Nam
661 2938 761 3009 utique
783 2940 870 2994 ctiam
889 2941 954 3012 ipsa
1011 2940 1133 2995 suevit?
1159 2938 1243 2993 Unde
1267 2938 1358 2992 claret
1376 2953 1435 2992 non
1455 2952 1526 2994 esse
1548 2938 1746 2995 dubitandum
1769 2940 1842 3012 qued

121 3032 240 3084 terreno
278 3025 384 3081 coalitu
417 3024 581 3096 putrefacte
611 3026 786 3094 solvuntur,
824 3033 853 3085 et
886 3046 953 3086 cum
1011 3028 1175 3085 secundum
1198 3030 1333 3081 naturam
1357 3027 1464 3099 magis,
1480 3042 1568 3098 quam
1588 3033 1693 3083 contra
1715 3032 1842 3085 naturam

121 3113 583 3187 occaecata(3'l)etmortuasoli
604 3116 741 3187 genitalis
761 3133 871 3174 succus
891 3121 952 3174 eni·
968 3161 994 3227 ο
1010 3123 1075 3188 est,
1108 3133 1146 3172 ex
1173 3118 1276 3171 natura
1308 3115 1386 3169 enim
1418 3118 1464 3170 est
1497 3131 1659 3188 resurgere
1694 3119 1841 3174 nascentia

119 3206 255 3276 moverit,
271 3204 399 3277 quodam
420 3203 519 3259 calore
539 3205 619 3258 vitali
639 3206 776 3276 spiritum
795 3209 952 3278 quamdam
1009 3207 1117 3275 omnia,
1133 3208 1234 3261 contra
1249 3209 1383 3260 naturam
1396 3207 1442 3259 est
1460 3205 1591 3260 interire.

119 3298 223 3355 herba>
245 3294 402 3350 viridantis
421 3293 568 3350 exhalant.
585 3294 697 3351 Deinde
716 3295 854 3365 paulatim
876 3302 953 3355 tene·
1043 3297 1088 3352 58.
1105 3295 1245 3365 Sequitur
1259 3293 1331 3348 illud
1346 3293 1423 3364 quod
1439 3292 1567 3365 gentiles
1583 3294 1762 3368 plerumque
1778 3311 1840 3367 pei·-

119 3403 184 3443 ram
202 3384 294 3456 spiare
317 3382 516 3438 adolescentis
541 3387 657 3438 estatem
680 3385 776 3440 calmo
801 3388 898 3459 erigit,
924 3394 953 3444 et
1006 3386 1114 3455 turbat,
1130 3384 1277 3456 quomodo
1293 3382 1357 3437 lieri
1372 3383 1468 3452 possit
1484 3388 1515 3436 ut
1535 3399 1612 3454 quos
1631 3400 1719 3439 inere
1737 3387 1838 3442 abscr-

118 3475 237 3548 vaginis
257 3472 435 3545 quibusdam
455 3475 558 3526 natura
578 3475 715 3543 tanquam
735 3475 839 3530 sedula
858 3482 952 3533 mater
1007 3475 1114 3544 buerit,
1131 3472 1203 3529 terre
1223 3472 1449 3528 dilaceraverint
1468 3471 1534 3541 (tc),
1551 3471 1658 3529 bestiae
1679 3473 1838 3531 devorave-

117 3566 260 3635 inetudlt3
280 3579 316 3619 ne
336 3562 548 3633 pubescentem
567 3562 680 3634 glacies
703 3563 808 3620 adurat
831 3581 948 3638 aspera,

117 3660 204 3727 atqua
220 3672 236 3710 ιι
253 3653 343 3709 nimio
356 3652 431 3707 solis
447 3651 585 3706 defendat
600 3651 724 3724 ardor-03
742 3653 859 3726 frugem
874 3673 950 3728 quo·

117 3759 175 3818 quo
189 3744 284 3816 ipsam
299 3741 395 3796 adhuc
410 3741 497 3812 quasi
510 3740 615 3810 primis
639 3747 842 3813 erumpentem
857 3761 949 3800 cuna·

116 3832 206 3901 bulis,
232 3845 301 3886 mox
324 3829 452 3884 adultam
475 3845 512 3885 nc
532 3831 629 3899 pluvia
653 3832 790 3902 decutiat,
816 3850 853 3889 na
877 3850 949 3890 aura

115 3920 281 3992 disperget,
301 3934 338 3974 ne
360 3920 458 3974 avium
482 3919 628 3975 minorum
650 3936 770 3977 morsus
792 3923 947 3994 interimat,

115 4009 194 4064 vallo
208 4008 366 4063 aristarum
381 4008 481 4077 sopire
496 4009 662 4064 consuevit.

149 4097 196 4154 58.
211 4096 286 4163 Quid
302 4096 392 4168 igitur
410 4097 528 4152 miraris
550 4099 576 4152 si
598 4098 744 4171 homines,
765 4116 841 4172 quos
861 4117 948 4157 ucce-

113 4188 199 4262 perit,
215 4189 295 4243 terra
310 4187 464 4250 restituat3
480 4202 548 4240 cuni
563 4187 710 4242 seminum
726 4205 850 4261 corpora
864 4208 947 4262 quee-

114 4293 230 4349 cunque
239 4275 417 4346 susceperit,
427 4276 568 4345 vivillcet,
580 4278 684 4348 erigat,
697 4280 813 4348 vestiat,
826 4281 945 4349 muniet,

112 4373 200 4440 atquo
215 4363 379 4423 defendat?
393 4365 502 4421 Desine
513 4381 585 4438 crgo
597 4366 732 4422 dubitare
743 4369 821 4438 quod
832 4369 948 4440 deposi-

111 4462 174 4513 tum
190 4455 312 4528 generis
327 4455 445 4510 humani
461 4459 547 4510 terrae
563 4455 638 4510 sides
657 4456 770 4526 reddat,
787 4473 854 4529 quoe
869 4474 946 4514 coin·

147 4596 370 4670 (trivissent.
390 4620 401 4645 ι
423 4600 523 4653 occala
544 4596 619 4663 soli;
641 4598 738 4667 Ilom,
762 4621 773 4646 ι
796 4604 895 4655 occata
917 4607 945 4656 et

111 4675 227 4726 mortua
245 4692 256 4716 i
275 4669 349 4734 soli;
365 4684 469 4723 omncs
484 4684 558 4723 mss.
576 4685 591 4722 e
612 4671 769 4738 contrario,
791 4679 943 4741 conecclo,

111 4741 398 4796 stelliniineinalc:
421 4741 451 4794 tlt
471 4741 548 4794 enim
569 4739 707 4794 lrunicnti
727 4742 894 4812 occasione,
916 4748 947 4798 ut

110 4813 209 4882 ipsum
223 4813 310 4882 quasi
321 4811 452 4866 tenebris
464 4815 643 4865 occaecatuiu
654 4818 741 4883 atquc
756 4829 944 4883 oppressum,

111 4883 168 4937 sub
185 4882 271 4953 gleba
286 4883 441 4936 moriatur.
459 4882 536 4936 lnlra
552 4899 623 4937 vero
643 4899 696 4951 pro
719 4908 729 4929 ιι
752 4883 852 4938 lici-lia·
874 4886 946 4938 viii·

110 4955 219 5021 dantis,
248 4973 259 5003 i
286 4953 365 5023 quod
384 4956 430 5007 cst
450 4953 479 5006 iii
499 4955 613 5007 cunctis
635 4954 703 5007 edit.
728 4972 762 5008 ac
788 4971 861 5009 iiiss.
883 4956 945 5026 qui·

109 5025 247 5092 busdam,
265 5023 314 5077 alii
331 5040 405 5078 mss.
423 5025 513 5078 multo
534 5026 636 5094 plures
656 5024 779 5079 ellernnt
809 5046 820 5076 ι
846 5027 946 5081 lierliai

108 5097 282 5163 viridantes,
302 5118 312 5142 ι
331 5095 459 5165 quidam,
482 5096 605 5150 virides.
622 5097 767 5151 Caetcruni
783 5067 874 5167 bajus
890 5098 946 5152 loci

108 5183 177 5222 cuin
203 5167 249 5236 iis,
267 5183 334 5238 qum
354 5166 405 5219 lib.
431 5183 461 5219 iii
488 5167 629 5221 Hexaeui.
652 5183 715 5237 cap.
741 5168 768 5234 8,
793 5184 872 5222 nain.
898 5169 942 5238 ui,

106 5240 264 5294 traduntur
273 5241 309 5292 de
320 5237 535 5309 goriiiiiiatione
547 5239 716 5308 bei-buruni,
729 5239 873 5294 studiosis
885 5256 944 5295 non

107 5311 164 5365 erit
178 5310 292 5383 ingrata
307 5312 496 5379 comparatio.

106 5381 200 5509 G(88)
228 5383 343 5437 Allusio
377 5384 408 5435 lit
436 5381 477 5436 ad⁴
502 5381 618 5452 Virgilii
647 5397 768 5435 versum
798 5398 814 5436 c
842 5382 893 5438 lib.
924 5399 943 5437 ιι

136 5469 241 5526 corp:

168 5568 234 5620 Pers
246 5576 332 5618 autcin
348 5568 434 5630 posito
447 5572 561 5630 surgunt
577 5565 608 5614 de
623 5565 732 5626 semiue,
751 5571 800 5615 cto.

140 5669 198 5746 (39)
223 5668 296 5726 Mss.
324 5666 444 5743 aliquot,
473 5688 483 5716 ι
508 5664 643 5740 exemplo
664 5665 839 5723 sumendum
859 5666 939 5726 arbi·

1006 3565 1080 3634 rint,
1105 3567 1184 3620 terra
1199 3562 1344 3617 restituat.
1360 3560 1424 3627 Quo
1439 3561 1477 3616 ita
1496 3561 1614 3616 demum
1633 3563 1774 3619 veniatur
1791 3579 1837 3618 ne-

1006 3668 1094 3710 cesse
1119 3655 1175 3721 est,
1201 3654 1308 3707 utnon
1328 3649 1364 3705 de
1384 3649 1441 3705 side
1464 3651 1712 3725 resurrectionis,
1733 3653 1837 3708 sedda

1004 3746 1086 3815 parte
1102 3742 1260 3796 dubitetur.
1277 3738 1348 3794 Esto
1364 3739 1442 3794 enim
1457 3743 1488 3794 ut
1501 3738 1702 3797 laceratorum
1718 3757 1837 3813 corpora

1005 3846 1065 3887 non
1080 3831 1248 3901 resurgant,
1264 3832 1427 3899 resurgunt
1446 3829 1560 3884 caeteri:
1583 3844 1640 3885 aec
1660 3833 1837 3887 resurrectio

1004 3920 1167 3976 destruitur
1182 3917 1248 3987 (ιιι),
1265 3917 1291 3971 si
1308 3916 1437 3972 conditio
1457 3918 1613 3988 excipitur.
1630 3918 1728 3975 ltliror
1747 3925 1836 3975 tamen

1003 4008 1117 4066 curvet
1132 4007 1168 4062 de
1183 4007 1231 4062 liis
1246 4005 1439 4061 dubitandum
1453 4009 1565 4078 putent,
1574 4008 1664 4079 quasi
1676 4009 1837 4065 nonomnis

1002 4115 1070 4170 quse
1086 4114 1124 4152 ex
1137 4097 1226 4152 terris
1237 4099 1316 4165 sunt,
1328 4097 1359 4149 in
1374 4099 1482 4151 terram
1493 4095 1626 4165 redeant,
1642 4101 1673 4152 et
1688 4097 1719 4153 in
1734 4101 1837 4154 terram

1002 4187 1191 4243 resolvantur
1209 4184 1321 4255 (Eccle.
1342 4200 1383 4253 iii,
1407 4184 1464 4253 20).
1489 4184 1570 4240 blare
1596 4200 1720 4258 quoque
1746 4188 1836 4258 ipsam

1001 4290 1188 4350 quiscunque
1220 4289 1344 4344 corpora
1378 4274 1504 4328 humana
1537 4274 1734 4346 demerserit,
1770 4276 1835 4331 vici·

1002 4367 1049 4422 nis
1074 4367 1193 4435 exspuit
1216 4363 1294 4418 unda
1317 4362 1491 4435 plerumque
1512 4362 1676 4419 littoribus.
1701 4364 1787 4430 Quod
1809 4364 1836 4419 ai

1002 4457 1041 4512 ita
1060 4458 1153 4524 esset,
1175 4452 1305 4523 dilllcile,
1321 4451 1420 4522 caedo,
1438 4452 1499 4508 Deo
1521 4450 1599 4509 foret
1618 4452 1679 4523 (tt)
1700 4453 1835 4526 dispersa

1002 4603 1103 4653 tior.-

1038 4669 1094 4739 (ιθ)
1111 4666 1151 4722 lta
1167 4668 1225 4721 vot.
1241 4664 1310 4720 edit.
1329 4679 1363 4719 ac
1386 4664 1488 4736 plures
1513 4679 1600 4735 mss,
1628 4664 1718 4722 Rom.
1744 4673 1832 4722 autem

1001 4740 1070 4796 edit.
1088 4753 1121 4793 ac
1133 4755 1206 4793 mss.
1220 4736 1364 4804 nonnulli,
1378 4760 1389 4784 ι
1403 4737 1491 4791 Ιιιιιιιο
1502 4737 1595 4806 arido,
1607 4751 1807 4810 arenosoque,
1820 4758 1830 4786 ι

1000 4811 1149 4882 quomodo
1183 4811 1270 4865 ctiam
1302 4808 1461 4880 legendum
1494 4807 1646 4863 contendit
1679 4809 1829 4875 Nunnius,

1000 4883 1125 4937 adducta
1139 4880 1284 4935 Prisciani
1301 4881 1482 4935 auctoritate.
1512 4881 1549 4933 Αι
1573 4884 1676 4934 contra
1703 4880 1828 4935 Latinius

999 4953 1201 5023 reponendum
1218 4951 1369 5019 censebat,
1388 4974 1398 4997 ιι
1422 4950 1594 5005 liumiarido
1605 4966 1825 5025 arenosoque,·

1001 5026 1049 5078 cui
1064 5025 1181 5079 lectioni
1197 5039 1253 5076 iiis.
1271 5023 1371 5076 nullus
1391 5020 1583 5094 suffragatur,
1599 5022 1672 5077 licet
1693 5023 1827 5078 habeatur

1001 5095 1030 5149 in
1046 5095 1233 5165 quibusdam,
1252 5116 1262 5139 ι
1281 5093 1362 5147 humi
1377 5093 1469 5161 erista,
1487 5109 1613 5147 arenosa
1638 5109 1684 5149 ue.
1704 5116 1717 5140 ι

1035 5167 1092 5234 (ιι)
1109 5166 1181 5219 llss.
1199 5180 1257 5218 non
1273 5165 1369 5233 pauci,
1388 5187 1399 5210 ι
1419 5163 1484 5218 Νοιι
1500 5164 1590 5235 igitui-
1609 5109 1638 5219 18
1662 5164 1821 5219 hominibus

1000 5238 1076 5291 torivi
1093 5238 1233 5307 ilcncgat;
1253 5257 1263 5283 ι
1281 5234 1409 5305 quidum,
1424 5236 1598 5305 denegaret.

1034 5309 1091 5378 (48)
1106 5308 1205 5362 Codex
1226 5308 1353 5377 llemig,
1374 5327 1385 5355 ι
1408 5321 1480 5360 aves
1502 5306 1767 5361 dilaceraverint·
1791 5302 1818 5357 fi

998 5395 1057 5435 noa
1073 5379 1162 5433 inulto
1178 5382 1246 5448 post
1261 5378 1338 5432 ideiii
1354 5393 1411 5431 ms.
1428 5392 1495 5431 cuin
1509 5376 1578 5430 aliis
1591 5377 1716 5450 aliquot,
1729 5373 1816 5448 «quod

998 5452 1036 5506 ita
1051 5451 1168 5505 deinum
1184 5449 1361 5504 inveniatur.
1381 5471 1392 5497 i

1033 5523 1089 5592 (td)
1106 5520 1192 5576 Haud
1207 5521 1294 5592 pauci
1308 5535 1394 5588 mss,
1413 5540 1424 5570 ι
1438 5534 1498 5575 ιιοιι
1508 5533 1597 5574 resur
1638 5523 1679 5590 ιιι,
1690 5520 1813 5574 caeteram

997 5609 1052 5652 nec
1069 5592 1248 5649 resurrectio
1263 5591 1436 5660 destruitur,
1454 5614 1465 5639 ι
1483 5606 1579 5647 comm
1621 5605 1754 5648 oseasn.

1032 5666 1088 5743 (ιιι)
1104 5663 1228 5735 Quidam
1244 5679 1330 5737 mss,
1345 5684 1356 5713 ι
1370 5661 1490 5722 ditllcile
1505 5661 1566 5722 Deo
1582 5678 1644 5723 non
1658 5661 1741 5725 toret.
1756 5683 1768 5714 i
