3900 6128
397 439 703 505 EPISTOLARUM
727 443 843 508 ORDO
866 444 919 508 ET
939 446 1210 513 ARGUMENTA

1612 422 1672 513 aar

88 638 170 697 xime
190 641 460 714 superiorisumnia
473 645 679 700 currilibertate
695 627 819 700 dourad
837 649 1130 721 apertamvimatque
1152 651 1297 704 insaniem
1317 629 1434 706 tandem
1449 650 1546 721 erupit
1561 651 1609 705 illa
1624 650 1670 705 ie-

85 730 781 804 siamatqueexEcclcsiudomumitavisse.Ad·

85 818 179 890 trima,
198 838 264 892 qum
276 822 305 875 in
324 838 461 877 sermone
478 825 781 891 memorantur,inilla

88 910 231 963 reticeri:
250 910 347 980 qualia
369 916 437 965 sunt
463 913 648 984 promulgata
664 913 712 967 lex
727 929 779 982 pro

85 996 122 1053 isi
133 998 271 1066 coneilio,
282 998 380 1069 jussio
391 1002 527 1057 veniendi
538 1003 573 1056 ad
592 1001 778 1071 Comitatum,

93 1090 220 1141 sanctus
232 1086 345 1142 Praesul
358 1104 416 1143 nou
436 1090 596 1160 paruisset,
616 1091 778 1145 excedendi

85 1174 229 1247 .e,lij·mni
246 1176 373 1248 denique
387 1177 424 1232 ab
440 1194 475 1233 eo
492 1179 657 1249 compositi.
675 1180 778 1249 Neque

85 1264 134 1319 oni
145 1269 242 1334 potest
264 1266 361 1319 omnia
375 1267 421 1320 illa
439 1268 582 1322 sororiab
602 1283 636 1322 co
648 1268 713 1322 aliis
730 1269 777 1320 lit-

86 1367 103 1408 e
120 1353 308 1424 signiticata3
327 1371 393 1410 uam
409 1357 523 1410 etiamsi
548 1372 585 1410 ex
600 1357 702 1410 eodem
722 1357 777 1408 lla-

85 1439 248 1512 uejusdem
260 1444 327 1495 :inni
339 1446 398 1498 sint
410 1445 533 1514 epistola
544 1446 608 1512 XX,
622 1449 649 1499 ct
665 1460 777 1498 memo-

85 1530 138 1593 cia,
153 1530 184 1584 in
207 1535 330 1602 utraque
355 1537 450 1587 tarneu
465 1535 607 1588 acerrime
631 1535 659 1588 iu
688 1550 768 1588 exse·

85 1640 89 1672 ι
115 1618 190 1673 illam
219 1620 316 1692 legem
346 1622 504 1676 invehitur.
529 1623 682 1678 l‘ostremo
711 1639 777 1676 cnm

85 1704 186 1761 uillam
199 1711 226 1762 et
238 1711 410 1764 concionem
423 1711 609 1781 ejuclironas
630 1727 699 1765 esse
714 1728 775 1765 am-

85 1799 439 1868 smonstretcompanatio,
453 1816 489 1854 cx
506 1815 540 1854 eo
556 1801 622 1870 ipso
639 1800 715 1870 quod
726 1816 777 1854 eas

85 1884 177 1939 tidem
197 1885 372 1956 (arctantis,
385 1904 472 1959 quam
492 1904 594 1958 parum
613 1890 694 1942 tirma
710 1888 777 1960 ejus

85 1974 104 2044 l,
119 1974 305 2045 intelligitur.

85 2097 229 2153 clarioris
241 2102 405 2171 negotiiest
413 2103 610 2171 persecutioni
620 2104 777 2172 posteriori

85 2187 261 2243 iincarnato
281 2191 333 2244 Dei
344 2192 395 2244 38⁸1
416 2192 577 2245 oser-ibere.
595 2193 669 2245 Nam
682 2193 777 2261 potis-

85 2275 148 2331 iren
156 2278 307 2347 paschalia
319 2280 557 2334 debacchabatur
567 2281 622 2333 ista
637 2281 775 2350 procella,

85 2369 187 2436 postca
203 2366 412 2438 deferbuisset,
435 2371 550 2440 legatus
565 2370 601 2422 ad
619 2371 777 2425 Maximum

85 2456 111 2509 st
122 2456 310 2526 Ambrosius,
324 2458 411 2528 eujus
427 2459 604 2529 legationem
619 2461 704 2513 etiam
721 2460 776 2512 alia

85 2542 171 2598 eiudc
187 2549 288 2599 secuta
304 2551 360 2615 est,
377 2563 410 2600 ac
426 2547 542 2601 deuuun
558 2549 662 2616 irrupit
677 2548 706 2601 in
720 2549 777 2601 lta-

85 2646 107 2687 n
135 2635 361 2689 exereituidem
389 2640 542 2706 tj'rannus,
560 2638 637 2706 quod
668 2635 776 2689 fantum

85 2736 129 2776 tea
145 2724 282 2794 Augusto
306 2725 439 2778 nmmulli
456 2725 582 2779 tradunt.
609 2725 663 2778 llis
679 2729 776 2778 antem

88 2811 296 2881 tamexiguam
307 2814 448 2882 temporis
461 2814 588 2882 spatium
600 2814 672 2866 sutis
682 2813 776 2866 tuisse

85 2913 166 2971 {uam
182 2901 291 2955 credat.
309 2902 352 2955 rid
366 2902 430 2955 lnee
446 2904 643 2973 Augustinus
656 2906 686 2954 ut
701 2901 776 2971 peri-

85 2987 183 3043 dentis
195 2990 341 3058 delinitur,
356 3007 432 3045 anno
443 2991 495 3045 387
505 3007 557 3061 per
566 2991 640 3047 tosta
648 2991 777 3044 l'aselia-

88 3076 412 3148 lisaquresaeramento
426 3084 689 3150 regeneratusest:
709 3096 776 3150 quaa

94 3169 137 3221 tot
153 3169 358 3238 tantm-umque
374 3169 524 3223 lurlmrum
542 3185 629 3237 rinno,
641 3169 692 3222 sed
710 3184 775 3238 pro·
797 3158 800 3167 ’

87 3258 169 3309 utum
187 3255 295 3309 sartum
312 3273 379 3311 esse
392 3258 467 3311 idem
485 3260 617 3312 testatur.

838 737 926 791 mina.
940 737 1037 809 ltaque
1050 755 1115 793 eum
1127 740 1176 796 ille
1188 741 1216 793 in
1227 741 1350 794 basilica
1363 741 1558 811 obsideretur,
1568 740 1604 794 ad
1615 755 1670 809 po·

838 826 1146 896 pulumpronuutiarit
1165 829 1275 883 dicium
1289 845 1466 883 sermonem.
1487 830 1563 882 l-liue
1580 844 1668 899 porro

838 929 870 968 aa
886 931 917 968 re
933 915 1105 970 distractum
1122 917 1270 972 noluimus
1290 918 1325 971 ah
1343 919 1425 972 hisee
1447 918 1592 987 epistolis,
1609 920 1669 970 tum

837 1004 1221 1077 quodaxeacunjunetione
1232 1007 1365 1061 historiae
1381 1008 1476 1061 series
1492 1007 1609 1060 facilius
1625 1006 1668 1059 in-

836 1093 994 1165 telligatur,
1011 1097 1071 1148 tum
1087 1096 1165 1165 quod
1190 1096 1326 1150 eumdem
1351 1096 1528 1150 llarcellinae
1544 1095 1580 1148 ali
1597 1097 1668 1148 tim-

835 1181 937 1236 brosio
946 1183 1071 1238 missum
1083 1183 1177 1239 tuisse
1189 1201 1248 1239 non
1260 1185 1438 1254 dubitemus,
1449 1185 1484 1238 ad
1494 1184 1669 1256 quamsimi-

835 1270 901 1324 liter
914 1271 992 1325 idem
1020 1272 1095 1327 duos
1124 1274 1199 1328 alios
1229 1275 1364 1346 sequenti
1380 1275 1505 1344 epistola
1532 1274 1665 1327 inclusos

834 1359 1000 1414 destinavIt.

870 1466 956 1537 [Ana.
983 1467 1045 1540 3801
1070 1470 1163 1523 XXll³
1180 1473 1238 1524 tota
1255 1475 1301 1525 est
1320 1471 1350 1524 in
1375 1470 1500 1525 texenda
1516 1469 1663 1524 inventio-

833 1556 880 1609 nis
896 1572 931 1610 ne
947 1557 1148 1612 translationis
1165 1576 1322 1630 corporum
1341 1560 1476 1615 Gervasii
1494 1560 1522 1613 ct
1536 1557 1664 1612 Protesii

834 1644 955 1698 fratrum
971 1650 1131 1716 martyrum
1148 1648 1356 1719 descriptione.
1374 1649 1507 1703 Alterum
1522 1664 1537 1702 e
1552 1663 1665 1702 sermo·

833 1733 932 1802 uihuS,
950 1749 1026 1805 quos
1042 1735 1097 1789 hac
1113 1736 1236 1806 epistola
1254 1737 1396 1791 contineri
1417 1736 1664 1806 supradiximus,

832 1821 942 1892 injuria
954 1823 1078 1878 Romani
1095 1825 1225 1880 editores
1245 1825 1448 1895 expuleraute
1470 1825 1535 1878 loco
1546 1824 1666 1894 proprio

833 1911 862 1964 in
874 1927 988 1982 querna
1003 1913 1091 1966 nobis
1102 1914 1273 1983 postliminii
1282 1913 1511 1984 jurerestitutus
1522 1916 1577 1967 est.
1593 1911 1666 1966 Cam

793 2004 920 2069 Bparro
945 2002 1032 2055 linem
1049 2003 1176 2056 attulerit
1191 2003 1392 2072 persecutioni
1408 2004 1509 2056 eadem
1523 2001 1664 2070 inventio,

832 2089 1078 2158 liancepistolam
1103 2090 1246 2145 aun0387
1273 2090 1441 2159 aBaronio,
1471 2091 1591 2144 arichis
1619 2105 1668 2142 nu·

832 2177 953 2231 temnat
971 2178 1167 2247 adjudicatur.
1191 2179 1303 2233 Horum
1322 2194 1480 2248 corporum
1495 2177 1665 2232 translatio-

832 2282 899 2320 nem
911 2267 1073 2320 [tornacum
1092 2267 1334 2338 llartyrologium
1354 2284 1408 2320 xm
1432 2267 1490 2319 lral.
1508 2265 1600 2336 julias
1616 2281 1665 2319 re·

832 2355 954 2423 nuntiat,
965 2369 1023 2426 quo
1033 2354 1079 2407 die
1090 2353 1207 2407 habitus
1217 2354 1303 2407 etiam
1314 2354 1350 2407 ab
1366 2354 1532 2425 Augustino
1544 2354 1573 2406 in
1587 2368 1665 2408 eam·

832 2445 898 2498 dem
913 2459 975 2497 rem
991 2458 1091 2497 sermo
1122 2444 1278 2510 superest3
1309 2442 1386 2496 uude
1409 2441 1513 2495 sintin
1537 2442 1667 2496 animum

832 2532 1011 2586 induxerunt
1022 2531 1112 2602 ntiqui
1123 2531 1179 2584 hoc
1191 2530 1255 2599 ipso
1267 2532 1313 2600 pie
1329 2546 1414 2584 sacra
1424 2530 1474 2583 illa
1489 2531 1613 2601 pignora
1629 2531 1665 2585 ab

832 2621 990 2674 Ambrosio
1001 2620 1143 2674 translata
1158 2635 1237 2674 csse.
1265 2619 1472 2672 Verumtamen
1495 2634 1666 2689 oporsecu-

831 2710 920 2763 tionis
933 2710 1000 2776 tine,
1011 2724 1098 2779 quem
1111 2709 1151 2761 illi
1163 2708 1218 2778 ipsi
1228 2707 1315 2762 icstis
1321 2707 1513 2777 paschalibus
1524 2707 1665 2762 tributum

831 2798 942 2865 volunt,
960 2798 1034 2851 satis
1049 2797 1199 2863 doeemur,
1217 2796 1353 2868 ejusdem
1368 2796 1570 2850 translationis
1587 2796 1666 2849 cele-

831 2887 995 2940 brationem
1011 2888 1132 2955 propter
1146 2886 1303 2955 paschales
1320 2885 1523 2940 solemnitates
1542 2886 1572 2938 ia
1588 2884 1667 2939 aliud

830 2979 946 3045 tempus
963 2990 1033 3029 esse
1051 2973 1203 3043 rejectam.

866 3100 973 3153 XXlll²
988 3099 1164 3170 quibusdam
1185 3099 1346 3168 episeopis,
1363 3099 1412 3170 qui
1429 3114 1520 3168 super
1535 3098 1667 3152 Pascha-

832 3190 868 3242 tis
879 3206 917 3240 ru
935 3188 998 3241 lial.
1017 3188 1109 3240 maias
1132 3202 1209 3241 cinno
1238 3186 1290 3241 337
1307 3187 1464 3241 incidentis
1494 3186 1666 3240 diilleultate

832 3277 1021 3330 :lmlnosium
1038 3276 1257 3343 consuluerant,
1276 3276 1445 3344 respondet.
1465 3275 1540 3328 Huic
1556 3290 1667 3329 annum

86 3380 203 3435 mnium
228 3386 314 3451 mque
338 3382 413 3436 „1105
429 3384 458 3436 j„
481 3399 613 3437 0,.,.0,.0ffl
636 3383 707 3436 jjjuj
733 3383 775 3435 jn,
795 3356 847 3418 Ca
867 3365 984 3420 Christo
1003 3367 1071 3419 uoto
1091 3364 1139 3417 diti
1160 3365 1226 3418 ideo
1242 3366 1378 3434 assignat
1394 3364 1569 3432 Bucherius,
1588 3363 1666 3433 qaod

85 3468 127 3523 ‚od
153 3469 249 3539 legem
277 3487 353 3524 anno
369 3472 422 3524 aa}
445 3473 549 3540 ej'nodi
576 3471 775 3525 nruaiaeasis

84 3571 131 3610 um
142 3558 273 3611 arbitrati
286 3561 487 3614 suatrexandi
496 3561 774 3614 Catlrolieesansam

85 3644 227 3701 Novimus
239 3664 356 3718 quoquo
366 3665 382 3702 a
394 3649 575 3715 llabillonio,
593 3665 630 3703 ex
645 3664 679 3702 co
696 3649 774 3719 quod

85 3750 133 3789 uui
142 3735 178 3790 de
190 3735 330 3806 ingressu
342 3737 452 3790 Christi
463 3737 774 3807 llierosoljnnamolim

92 3822 775 3894 EcclesiisprimaAdventusdominicarecita-

92 3913 180 3967 etiam
203 3930 281 3967 nunc
299 3915 455 3968 lledioluui
481 3931 545 3969 mos
561 3916 637 3969 idem
653 3917 772 3984 perstet,

85 4002 173 4069 inari,
190 4003 328 4056 nimirum
342 4005 436 4057 eidem
450 4005 571 4057 ennoita
587 4004 674 4058 tribui
685 4019 776 4073 posse

85 4091 242 4162 iepistolas
255 4095 340 4162 atque
353 4095 534 4159 sonnonem,
553 4096 583 4145 ut
598 4110 664 4162 (joie
680 4092 714 4145 ad
727 4109 775 4146 so-

85 4179 775 4252 t,inl‘asclmteditaturscripta,iusetjucntem

85 4271 180 4322 cutum
193 4269 247 4322 ulia
257 4274 284 4322 et
300 4275 479 4324 memoratus
493 4274 596 4325 Serruo
613 4271 773 4341 rejiciatur.

87 4357 249 4411 tsilcaums
265 4362 333 4412 tuuc
351 4360 492 4428 temporis
508 4376 564 4413 nou
583 4376 597 4414 e
614 4363 775 4415 eonsuetu-

94 4462 168 4501 easu
184 4447 309 4516 quodam
334 4448 442 4501 lectum
468 4465 536 4502 csse
553 4449 622 4501 illud
641 4448 775 4520 Evange-

85 4534 101 4587 ri
111 4534 171 4589 duo
183 4537 383 4604 persecutioni
395 4537 455 4589 assi
460 4540 587 4606 guantur
598 4538 633 4589 ali
652 4538 775 4592 ,malaro-

88 4639 146 4695 que
157 4624 271 4695 exlege
283 4625 394 4694 saepius
406 4625 556 4679 (lecantata
569 4629 669 4679 contra
683 4627 774 4679 llore-

831 3454 1188 3508 mrtetricnoiumPascha·
1201 3454 1376 3508 dominicam
1389 3470 1418 3507 ιιι
1429 3452 1493 3506 llal.
1506 3452 1574 3505 llaii
1586 3452 1666 3506 cela-

831 3543 1141 3612 liratamillatestatur,
1164 3559 1221 3614 quo
1238 3543 1284 3597 die
1304 3543 1380 3595 idem
1392 3542 1449 3596 lice
1466 3541 1572 3595 testum
1588 3556 1665 3595 auno

828 3632 881 3687 379
891 3633 1029 3687 evenisse
1040 3633 1070 3685 in
1082 3631 1223 3686 confesso
1233 3635 1288 3685 est.
1306 3631 1415 3684 l'eram
1433 3629 1577 3683 Bucherio
1594 3629 1667 3682 illud

830 3722 979 3789 reclamat,
997 3721 1075 3791 quod
1092 3736 1146 3774 nec
1171 3720 1348 3772 ‚lmlnosius
1374 3719 1409 3772 de
1426 3719 1570 3772 Paschate
1600 3720 1666 3772 ante

831 3827 884 3865 sex
896 3825 1057 3863 aanosnon
1071 3809 1199 3862 redituro
1212 3809 1344 3862 dicturus
1362 3808 1425 3875 suit,
1443 3808 1518 3879 quod
1533 3807 1663 3860 tatarum

831 3905 896 3954 erat
918 3898 1054 3970 proxime
1068 3914 1073 3952 :
1099 3913 1154 3952 nee
1170 3898 1190 3950 ii
1206 3913 1221 3951 a
1237 3897 1347 3967 quibus
1376 3898 1424 3951 ille
1439 3896 1662 3958 consulabatur.

831 3991 888 4041 tam
903 3989 1079 4058 praematura
1096 3986 1293 4041 sollieitudine
1310 3986 1480 4040 laboraturi.
1511 3985 1576 4039 llue
1591 3984 1665 4039 adde

832 4077 860 4130 in
876 4076 1010 4145 epistola,
1023 4092 1110 4146 qnam
1120 4091 1197 4129 anno
1208 4075 1256 4128 aet
1272 4075 1412 4145 scriptam
1427 4074 1521 4129 luisse
1533 4075 1610 4128 idem
1622 4090 1667 4126 as·

832 4167 913 4231 serit,
925 4166 990 4219 lnce
998 4165 1086 4219 verba
1096 4163 1590 4235 temporibuspanlasuperioribus
1599 4179 1666 4233 quae

832 4255 1089 4308 desol0380anno
1100 4257 1224 4322 possent
1240 4253 1375 4324 intelligi,
1394 4254 1491 4322 inepte
1507 4256 1664 4319 sonatura3

831 4344 1071 4414 cumpulelirein
1093 4343 1249 4414 hypothesi
1269 4346 1369 4396 nostra
1390 4344 1447 4395 tam
1460 4342 1495 4395 de
1507 4341 1557 4393 illo
1576 4356 1663 4407 anno,

831 4449 918 4502 quam
929 4433 965 4486 de
975 4432 1027 4487 383
1038 4432 1227 4502 accipiantur.
1242 4432 1452 4503 designandus
1462 4443 1534 4499 ergo
1544 4428 1664 4481 esthuic

830 4522 964 4592 epistolae
973 4538 1068 4577 annus
1081 4521 1143 4589 386,
1152 4521 1420 4594 agnoscendusquc
1428 4519 1530 4586 lapsus
1540 4517 1569 4569 in
1580 4516 1664 4569 hisee

830 4610 981 4665 triennium
996 4627 1083 4682 quara
1098 4611 1166 4665 inde
1181 4611 1288 4663 tactam
1302 4608 1370 4662 licet
1387 4606 1546 4676 conjicere,
1559 4604 1664 4674 quode

85 4712 220 4780 jejun-,01
238 4715 265 4766 j„
288 4714 362 4766 pam·
380 4715 547 4782 opinionem
563 4715 671 4783 parim·
688 4715 773 4769 vjjjj,
794 4709 819 4769 1)
831 4715 952 4753 numero
964 4699 1131 4770 septenario
1144 4699 1191 4752 his
1202 4698 1280 4752 notis
1289 4697 1400 4765 scripto
1412 4713 1451 4747 vu
1470 4695 1583 4764 primus
1595 4692 1664 4747 cha·

85 4816 137 4857 em
161 4804 383 4873 agnoscendum
408 4807 453 4857 est
481 4804 598 4858 duobus
628 4804 775 4858 distinctis

85 4890 187 4946 telaria
198 4892 311 4945 lustina
324 4893 459 4946 saevitum
475 4909 554 4946 esse.
569 4893 626 4947 Sed
642 4892 715 4946 nihil
731 4910 776 4947 re-

85 4996 154 5035 veno
171 4987 274 5033 cirneta
291 4982 480 5050 persuadent,
507 4984 537 5035 ut
553 4982 654 5036 eadem
670 4997 774 5052 perse·

89 5069 775 5140 ,quaeiusolaimperatricisimpotentialentem

85 5174 149 5213 ima
167 5158 252 5213 testis
276 5159 514 5213 ltesurreclionis
530 5161 599 5213 anui
615 5160 666 5212 385
683 5164 775 5213 ortam

85 5262 108 5301 s.
121 5246 205 5300 Hanc
216 5252 337 5302 serietas
348 5248 457 5318 praesul
468 5249 569 5317 inipso
587 5248 667 5301 initio
678 5250 776 5302 sorori

85 5334 211 5390 riticavit.
235 5336 350 5390 lustina
373 5352 443 5391 rero
459 5353 525 5390 euin
546 5337 679 5391 caruism
698 5338 776 5390 illam

85 5424 177 5481 oleste
188 5426 287 5489 serr-ct,
299 5427 460 5480 aliosalito
470 5426 666 5494 exstimulata,
679 5427 775 5497 legem

85 5514 185 5571 nensis
208 5516 324 5569 concilii
346 5517 471 5586 gratiam
495 5516 612 5569 ineunte
639 5515 775 5586 sequenti

85 5604 234 5659 demerit.
248 5605 319 5658 tium
333 5606 484 5659 nacoliam
499 5605 572 5658 satis
587 5604 641 5657 troo
660 5605 705 5658 ria
718 5605 775 5674 ipsi

85 5694 127 5761 et,
142 5694 204 5746 tum
229 5694 379 5746 conserui-i
398 5694 490 5747 voluit
514 5692 704 5746 Anibi-osium
721 5710 775 5748 no-

92 5782 319 5837 cumrluaentio
336 5785 483 5836 certamen
501 5781 587 5834 iniret
611 5781 638 5833 in
657 5782 773 5850 palatio.

85 5872 150 5929 anie
166 5869 241 5926 trane
260 5871 456 5928 conditionem
474 5872 575 5926 soracte
594 5870 728 5935 dlectare,
747 5872 776 5925 in

831 4792 927 4841 raeter
938 4805 954 4839 v
964 4788 1088 4842 detritus
1097 4788 1145 4855 sit,
1158 4789 1186 4840 et
1196 4785 1391 4840 remanserint
1410 4787 1522 4836 tantum
1533 4797 1664 4852 sequeu-

830 4881 875 4930 tes
891 4877 948 4931 duo
965 4876 1089 4940 numeri,
1106 4893 1125 4927 ιι
1142 4873 1287 4927 videlicet.
1311 4872 1429 4926 Erroris
1445 4871 1590 4944 originem
1606 4872 1664 4927 alio

830 4965 930 5020 refert.
949 4964 1055 5019 l'rnnc.
1082 4963 1203 5029 ltalhus,
1229 4965 1260 5014 ut
1274 4960 1423 5015 ridebitur
1445 4960 1663 5031 propriolum,

830 5053 880 5107 ubi
892 5053 978 5107 etiam
990 5052 1027 5107 de
1043 5052 1100 5105 alio
1112 5051 1240 5122 quodam
1258 5050 1341 5120 cyclo
1359 5049 1493 5119 paschali
1508 5050 1665 5105 dicendum

830 5142 894 5196 erit.

868 5255 952 5322 jrlnu.
971 5248 1031 5318 3871
1054 5248 1161 5302 xxti-²
1180 5248 1290 5317 scripta
1306 5250 1352 5302 est
1366 5247 1395 5302 in
1412 5247 1505 5302 reditu
1524 5247 1665 5301 scruudm

830 5337 988 5410 legationis
996 5336 1033 5390 ab
1044 5337 1201 5391 Ambrosio
1211 5337 1246 5389 ad
1259 5336 1417 5390 Maximum
1435 5340 1595 5407 susceptae,
1612 5352 1662 5390 eii-

828 5425 879 5497 jus
904 5426 1046 5479 rationem
1067 5429 1153 5497 atquo
1176 5425 1309 5480 ordinem
1324 5425 1528 5480 Valentiniano
1549 5425 1661 5495 juniori

831 5517 938 5568 narrat.
955 5513 1113 5569 Profectus
1130 5517 1192 5567 erat
1206 5517 1328 5568 sanetus
1354 5516 1478 5568 antistes
1493 5514 1580 5582 paulo
1595 5512 1662 5577 past

832 5604 960 5671 sedatae,
973 5619 1048 5675 quas
1060 5604 1174 5658 lustina
1184 5604 1212 5656 in
1226 5604 1359 5658 currulem
1373 5603 1532 5658 concitarat
1543 5599 1661 5662 turbas,

831 5692 1003 5747 redeuntem
1031 5708 1102 5746 vero
1133 5692 1162 5746 in
1192 5692 1302 5746 ltaliam
1333 5691 1568 5760 iderntjronnus
1596 5700 1661 5737 cnm

831 5783 963 5837 exercitu
979 5796 1055 5853 pone
1071 5786 1192 5836 secutus
1209 5787 1256 5835 est
1272 5780 1321 5835 ait
1338 5780 1443 5836 salutis
1458 5791 1544 5828 anno.

866 5870 959 5926 XXV*
975 5870 1078 5927 Studio
1092 5869 1268 5944 respondet,
1278 5886 1313 5924 un
1324 5867 1454 5940 aliquem
1464 5863 1581 5933 capitali
1595 5876 1665 5917 sen-
