3900 6128
508 326 817 405 sereremus
834 328 1009 402 ⁴crassrs
1030 328 1054 396 1.
1588 335 1669 403 roes
1765 310 1770 317 ’

85 531 294 605 rutprudentiae
304 531 426 605 irriguis
440 530 660 604 atquejustitiae
671 512 813 588 secun-A
829 531 1011 589 necessitate
1026 547 1096 589 esse
1111 534 1258 604 oportere,
1274 549 1312 592 ne
1326 535 1356 591 iu
1367 535 1666 607 bospitiodelerendo

85 621 383 692 esiideliuni,quibus
394 620 472 675 sacri
482 620 774 692 baptismatis,cujus
829 620 1037 693 inhospitalem
1061 619 1198 677 ellectum
1222 623 1311 679 animi
1327 625 1375 680 sui
1393 626 1508 696 prodat,
1519 627 1548 682 et
1562 625 1667 698 inipsa

85 710 203 767 secessit
216 710 247 765 in
271 710 373 765 Rubro
398 709 473 764 mari
497 709 623 764 inlundit
637 711 773 782 gratiam,
830 710 960 781 hospitis
975 711 1167 782 susceptione
1182 726 1236 782 per
1250 712 1388 784 injuriam
1404 714 1531 770 violetur
1553 715 1666 787 gratia:

85 814 116 857 nc
129 798 233 854 abluit.
249 799 328 854 Doce
352 815 425 872 ergo
447 798 574 871 plebem,
600 800 632 853 ut
656 814 715 854 non
735 813 774 853 ex
831 799 885 855 sed
896 798 994 872 magis
1004 799 1331 857 excolaturottlciorum
1342 818 1410 873 usu,
1421 805 1449 858 et
1458 802 1557 874 aliquo
1565 803 1668 859 huma·

85 889 129 959 u's,
152 888 207 943 sed
230 904 268 943 ex
290 888 429 944 domibus
448 887 626 943 Christianis
642 887 777 960 conjugii
831 888 931 943 nitetis
945 887 1121 945 ministerio.
1134 889 1289 945 Noneuim
1304 894 1492 947 alemunera
1505 893 1666 964 exiguntur

85 977 218 1048 ·oopule.
832 976 913 1045 ditia,
929 977 982 1031 sed
999 967 1076 1033 844
1098 976 1197 1032 officia
1210 978 1375 1034 voluntaria
1389 978 1456 1050 (75),
1472 979 1559 1050 plena
1573 981 1666 1052 pacis,

85 1080 113 1122 ro
133 1064 251 1120 fraudet
273 1065 489 1120 mercenarium
518 1066 655 1121 mercede
679 1064 776 1120 debita
833 1068 862 1120 et
889 1065 1094 1120 convenientis
1121 1067 1311 1137 concordire3
1340 1066 1462 1122 meliora
1490 1071 1560 1123 sunt
1587 1070 1667 1125 euim

85 1153 207 1225 rx,18);
224 1155 292 1224 quia
308 1156 336 1208 et
352 1169 408 1209 uos
420 1155 596 1209 mercenarii
607 1169 712 1209 sumus
724 1152 777 1207 Dei
834 1153 914 1208 olera
930 1168 997 1209 eum
1015 1153 1143 1209 amicitia
1170 1159 1200 1210 et
1226 1156 1331 1228 gratia,
1349 1171 1438 1227 quam
1467 1157 1494 1211 si
1509 1157 1668 1229 exquisitis

85 1242 141 1299 tab
158 1258 194 1298 eo
209 1243 377 1297 mercedem
391 1243 504 1299 laboris
515 1243 611 1298 nostri
622 1244 777 1312 exspecta·
833 1241 960 1312 dapibus
976 1241 1137 1298 adornetur
1152 1244 1331 1315 convivium,
1343 1244 1370 1298 si
1380 1243 1588 1300 desitatiectus
1601 1261 1668 1316 gra·

91 1331 272 1404 tequidem,
294 1347 311 1386 o
338 1331 508 1404 quicunque
537 1347 571 1386 es
597 1331 774 1403 negotiator,
832 1331 882 1386 tiae
898 1331 1003 1402 (Pron.
1020 1348 1069 1400 xv,
1087 1331 1142 1401 17).
1157 1332 1300 1404 Legimus
1321 1335 1491 1404 peremptos
1516 1334 1601 1406 gravi
1615 1349 1668 1404 po·

85 1420 125 1477 rio
139 1422 190 1476 tuo
214 1418 381 1475 mercedem
403 1420 603 1491 pecuniariam
626 1434 730 1492 negas,
747 1418 778 1473 id
833 1419 920 1490 pulos
932 1418 1606 1493 excidiopropterviolatajurahospitiitduclic.
1615 1438 1667 1493 xx,

85 1525 114 1579 n,
129 1509 290 1565 caducam:
309 1509 361 1562 tibi
374 1512 472 1564 autem
488 1509 778 1581 negabiturmerees
834 1507 890 1578 ιι).
920 1508 1046 1579 Propter
1071 1508 1225 1563 libidinem
1252 1524 1371 1582 quoque
1400 1510 1561 1567 commissa
1587 1509 1667 1566 bella

85 1614 158 1655 rrum
173 1596 358 1653 coelestium:
379 1621 390 1643 ..
404 1597 471 1652 Nou
487 1597 642 1654 fraudabis
652 1610 735 1669 ergo,
748 1597 779 1653 ιιι
833 1596 945 1652 atrocia
960 1595 1047 1667 (Gen.
1062 1613 1164 1666 xxxiv,
1180 1597 1236 1667 25).

85 1689 102 1761 l,
115 1686 333 1743 mercenarium
347 1686 484 1742 mercede
508 1702 564 1742 sua
579 1686 677 1757 (Dent.
694 1700 777 1755 xxiv,
868 1683 896 1739 7.
912 1683 972 1741 Sed
986 1699 1078 1756 prope
1093 1684 1167 1740 nihil
1181 1685 1304 1756 gravius
1320 1701 1408 1757 quem
1424 1687 1555 1757 copulari
1565 1688 1670 1744 alieni-

85 1863 189 1921 ‚dabis
204 1864 361 1935 pecuniam
375 1866 454 1919 tuam
476 1864 513 1919 ad
532 1878 671 1934 usuram3
702 1877 819 1948 quo-B
836 1862 988 1934 sacrilegii
1002 1862 1113 1934 tlagitia
1128 1862 1301 1917 conflentur.
1318 1862 1472 1918 Nemeum
1487 1865 1586 1935 ipsum
1601 1880 1672 1922 coa·

85 1953 179 2027 iptum
193 1955 241 2008 est
255 1953 334 2024 quod
350 1953 377 2007 is
393 1952 444 2025 qui
453 1953 609 2022 pecuniam
623 1966 709 2007 suam
720 1965 781 2006 non
834 1950 953 2024 jugium
971 1949 1118 2006 velamine
1138 1949 1316 2006 sacerdotali
1330 1948 1397 2023 (76),
1415 1954 1444 2007 et
1464 1952 1671 2011 benedictione

85 2086 89 2099 .
116 2058 249 2113 usuram,
278 2041 423 2096 habitabit
450 2042 481 2096 in
509 2041 698 2097 tabernaculo
728 2039 780 2095 Dei
837 2039 1020 2096 sanctificari
1038 2041 1191 2110 oporteat,
1215 2040 1363 2110 quomodo
1386 2042 1484 2110 potest
1498 2041 1672 2115 conjugium

85 2146 120 2203 ιι,
144 2131 209 2201 51),
231 2146 300 2185 nam
325 2129 375 2184 illa
404 2128 609 2201 supplantatur
635 2128 703 2200 (ιι),
729 2129 780 2199 qui
839 2130 908 2201 dici,
924 2128 975 2184 ubi
990 2143 1050 2183 non
1065 2128 1112 2182 est
1124 2125 1191 2182 tldei
1207 2128 1388 2182 concordini
1403 2127 1476 2183 Cum
1486 2131 1580 2185 oratio
1591 2145 1671 2186 com-

85 2234 107 2275 n
121 2221 218 2290 captat
232 2218 438 2274 emolumenta.
455 2218 555 2290 ltaque
569 2219 617 2273 vir
635 2217 781 2272 Christia-
839 2219 937 2274 munis
953 2231 1023 2275 esse
1039 2215 1153 2285 debeat,
1170 2215 1318 2287 quomodo
1333 2215 1411 2271 inter
1425 2217 1562 2287 dispares
1577 2219 1672 2276 devo-

85 2307 161 2379 abet,
178 2308 227 2364 det
241 2308 397 2379 pecuniam
411 2307 497 2378 quasi
517 2322 576 2362 non
587 2308 780 2378 recepturus:
837 2309 919 2364 tione
945 2306 1043 2378 potest
1069 2319 1139 2359 esse
1167 2302 1301 2376 conjugii
1330 2305 1496 2360 communis
1520 2307 1672 2365 ebaritas?

85 2412 93 2454 ι
116 2399 238 2465 sortem,
255 2412 343 2468 quarn
369 2394 458 2467 dedit,
483 2400 670 2467 recepturus.
688 2397 784 2452 Habet
838 2396 924 2468 Saepe
940 2395 1073 2467 plerique
1088 2393 1165 2464 capti
1180 2408 1280 2448 amore
1295 2392 1469 2449 laminarum
1483 2393 1572 2451 tidem
1586 2412 1672 2453 suam

85 2501 124 2544 en
153 2486 334 2540 mediocrem
358 2484 464 2555 gratiae
488 2500 621 2540 usuram.
642 2485 783 2557 Alioquin
839 2485 1051 2558 prodiderunt3
1075 2484 1108 2537 ut
1130 2484 1244 2554 patrum
1259 2482 1387 2553 populus
1414 2482 1446 2538 in
1473 2484 1670 2559 Beelphegor.

100 2574 181 2631 istud
201 2576 256 2643 est,
278 2589 337 2628 non
356 2572 529 2628 subvenire.
550 2572 625 2638 Quid
640 2574 719 2629 enim
735 2574 786 2630 du·
840 2575 926 2632 Unde
943 2572 1081 2642 Phineos,
1096 2574 1213 2642 arrepto
1230 2571 1339 2642 gladio,
1351 2570 1498 2627 interfecit
1512 2573 1672 2632 Hebraeum

85 2678 195 2736 ,qnam
210 2661 312 2717 uides
327 2663 573 2733 pecuniamtuam
583 2678 642 2718 non
652 2662 773 2718 habenti
840 2666 869 2720 et
883 2661 1060 2718 Madianiten
1074 2659 1213 2716 seminam
1228 2659 1327 2730 (Num.
1343 2676 1414 2732 xxv,
1430 2661 1469 2732 8),
1485 2665 1514 2717 et
1527 2662 1674 2736 mitigavit

85 2751 190 2824 ,uplum
205 2750 334 2822 exiges?
358 2749 414 2816 Qui
443 2751 584 2821 simplum
606 2766 666 2809 nou
682 2739 786 2826 habui}
840 2752 1073 2824 indignationem
1083 2749 1222 2819 divinam,
1233 2764 1271 2804 ne
1280 2751 1359 2805 totus
1367 2750 1674 2826 populusexstingue·

85 2843 177 2911 aeret,
193 2838 441 2911 quemadmodum
456 2839 578 2910 duplam
594 2839 713 2898 solvet?
839 2845 931 2899 retur.

85 2928 170 3001 imple
184 2929 272 2984 nobis
287 2928 327 2982 sit
342 2927 463 2996 Tobiae,
489 2928 540 3000 qui
561 2944 712 3001 nunquam
735 2947 785 2988 re·
875 2930 904 2989 8.
919 2929 995 2998 Quid
1008 2928 1045 2986 de
1060 2927 1197 3000 pluribus
1213 2927 1358 2999 exemplis
1372 2928 1499 3001 loquar?
1513 2929 1558 2986 Ex
1573 2932 1674 2990 multis

90 3019 266 3093 pecuniam,
288 3032 376 3088 quam
398 3018 539 3089 dederat,
569 3017 629 3074 nisi
650 3021 784 3077 extremo
840 3036 932 3077 unum
946 3016 1105 3091 proteram,
1123 3015 1233 3088 atejus
1252 3019 1532 3075 commemoratione
1551 3020 1671 3095 liqueat,

85 3111 232 3179 rtemporc
243 3106 328 3178 (Tob.
341 3123 381 3176 ιιι,
392 3105 458 3176 ab:
474 3107 570 3180 magis
586 3122 624 3164 ne
634 3107 785 3166 frenderet
841 3105 1675 3183 quamperniciosumsitalieuigenaemulierisadseivisse

85 3195 178 3269 ιιιὲι),
196 3212 284 3268 quam
298 3199 330 3251 ut
344 3196 509 3267 depositam
523 3197 679 3268 pecuniam
695 3214 784 3271 coge·
842 3198 987 3271 copulam.
1009 3194 1082 3264 Quis
1106 3195 1220 3267 tortior,
1237 3197 1266 3250 et
1287 3196 1324 3251 ab
1346 3196 1534 3252 incunabulis
1557 3199 1622 3254 suis
1647 3201 1676 3256 et

799 3241 827 3312 0

85 3288 258 3358 conpararet.
273 3285 377 3356 Populi
389 3286 672 3357 saepeconcidcruut
687 3287 784 3344 ioeno-
841 3287 982 3345 munitior
995 3286 1048 3343 Dei
1064 3284 1179 3357 spiritu,
1195 3299 1283 3356 quam
1297 3283 1458 3341 Nasaraeus
1473 3285 1624 3343 Samson?
1640 3286 1678 3343 Et

85 3377 109 3432 et
121 3389 158 3431 ea
171 3373 282 3445 publici
298 3373 380 3429 exitii
394 3389 484 3429 causa
495 3374 618 3432 exstitit.
631 3375 716 3432 Unde
732 3393 784 3433 no·
841 3379 906 3450 ipse
920 3375 1055 3448 proditus
1071 3375 1127 3443 est,
1144 3375 1173 3429 et
1187 3373 1251 3444 ipse
1265 3388 1319 3444 per
1333 3373 1487 3430 mulierem
1509 3391 1568 3431 uou
1583 3375 1679 3447 potuit

85 3462 220 3520 motibus
234 3463 264 3518 id
279 3463 430 3534 praecipue
455 3479 536 3518 curae
556 3464 606 3535 sit,
622 3467 654 3520 ut
666 3480 701 3521 ea
715 3466 786 3522 vitia
842 3482 928 3523 suam
947 3469 1048 3521 tenere
1069 3462 1196 3535 gratiam
1217 3461 1324 3533 (dudio.
1340 3478 1400 3533 xm,
1417 3462 1462 3534 18,
1478 3465 1566 3536 seq).
1582 3464 1678 3538 Cujus

85 3566 133 3623 us,
150 3568 217 3624 quae
233 3552 263 3606 in
278 3552 423 3623 plurimos
438 3552 576 3609 videntur
590 3568 721 3625 serpere.
843 3552 1046 3629 generationis
1061 3553 1090 3607 et
1103 3551 1172 3606 vitm
1187 3550 1278 3606 totius
1293 3549 1403 3606 senem
1418 3551 1562 3610 historico
1575 3553 1677 3633 diges3

85 3641 185 3715 rpitem
199 3641 273 3698 doce
296 3640 496 3697 voluntarium
520 3644 617 3715 magis
641 3659 730 3715 quam
749 3658 787 3700 ex
842 3648 901 3700 tem
917 3640 994 3712 stylo
1007 3639 1213 3697 enarrabimus
1228 3638 1394 3695 secundum
1408 3633 1487 3696 sacri
1502 3641 1571 3696 libri
1586 3642 1677 3698 conti·

85 3781 185 3839 isdem
219 3782 391 3854 raecipiebat
418 3783 464 3839 vir
478 3787 600 3841 sanctus
615 3785 787 3842 Constantio
843 3786 880 3843 ad
899 3783 1036 3841 maritum
1064 3781 1257 3850 ducebantur,
1288 3780 1440 3838 obnubere
1467 3783 1675 3842 consuevisse.

100 3869 182 3910 num.
199 3799 243 3909 ιι.
260 3855 320 3909 lmo
336 3856 424 3910 etiam
448 3854 625 3912 Christianis
649 3858 787 3913 omnibus
843 3859 908 3914 Hoc
923 3856 1011 3912 etiam
1026 3853 1104 3924 apud
1128 3851 1315 3909 Christianos
1330 3853 1467 3924 oprimis
1491 3856 1676 3926 temporibus

85 3925 181 3990 Tabia,
199 3942 264 3997 cap.
280 3927 325 3996 91,
342 3942 422 3981 num.
438 3926 484 3983 99.
843 3946 902 3986 usu
917 3926 1070 3996 receptum
1083 3939 1153 3980 esse
1169 3925 1314 3980 discimus
1337 3940 1354 3979 a
1370 3926 1568 3998 scriptoribus
1584 3928 1679 3984 eccle·

84 4012 102 4052 ιι
119 4012 194 4053 mss.
211 3997 329 4052 duobus
352 3999 553 4054 tantummodo
575 3999 719 4071 exceptis,
736 3999 789 4055 ubi
844 3999 997 4059 siasticis:
1020 3997 1076 4054 sed
1090 3995 1158 4068 ejus
1174 3996 1218 4051 rei
1246 3996 1393 4066 originem
1416 3998 1626 4070 Tertullianus,
1642 3999 1681 4056 de

85 4082 158 4123 nanu
185 4069 315 4138 positum
344 4067 449 4140 fuerat,
471 4069 684 4141 supplantator,
710 4071 790 4143 quod
851 4070 972 4129 Velaud.
995 4074 1077 4142 Virq.
1094 4083 1158 4138 cap.
1174 4065 1218 4137 11,
1235 4070 1322 4138 atque
1342 4069 1532 4140 Ambrosius,
1549 4070 1600 4126 lib.
1619 4070 1681 4127 rde

85 4139 259 4195 nomnibus
277 4139 345 4194 edit.
362 4139 421 4194 Sed
435 4141 629 4196 verisimilius
655 4144 701 4196 est
719 4159 790 4213 sup·
844 4142 961 4199 Abralr.
980 4161 1045 4216 cap.
1060 4141 1087 4205 9,
1105 4138 1239 4194 referunt
1252 4141 1289 4193 ad
1313 4138 1460 4196 Rebeccae
1476 4141 1678 4213 imitationem,

85 4225 107 4265 u·
120 4210 319 4265 activosensu
335 4210 383 4264 hio
396 4211 543 4281 usurpari.
553 4211 699 4267 Caeterum
709 4212 789 4284 quod
846 4230 912 4287 quae
928 4228 1001 4272 cons
1024 4214 1089 4272 octo
1104 4210 1219 4280 marito,
1235 4209 1273 4264 ad
1294 4225 1382 4335 quem
1404 4211 1609 4283 contendebat,
1625 4227 1681 4267 ex-

85 4279 292 4352 mdarejubet
306 4283 371 4335 sine
392 4297 446 4352 spe
469 4283 641 4354 recipiendi,
658 4284 688 4339 id
702 4299 791 4355 quam
844 4284 1005 4357 templove
1035 4285 1078 4340 vit
1092 4296 1172 4351 sese,
1189 4295 1295 4353 quema
1317 4282 1436 4337 modum
1458 4281 1619 4353 Scripturas
1633 4282 1680 4337 di-

85 4353 262 4422 amentiis,
280 4368 346 4423 quae
362 4353 413 4407 lib.
430 4353 468 4407 de
491 4353 580 4409 Tobia
592 4370 655 4425 cap.
671 4355 699 4425 9,
715 4372 745 4410 ιι.
760 4355 788 4426 8,
846 4358 925 4412 vinae
939 4357 1112 4415 memorant.
1130 4352 1193 4407 Hac
1207 4354 1304 4406 autem
1318 4351 1465 4408 velatione
1480 4353 1681 4425 significatum

96 4438 126 4478 ιι.
143 4421 188 4493 ιιι,
205 4426 234 4478 et
249 4439 312 4547 εις.
331 4423 364 4477 lc
391 4439 419 4477 n.
435 4423 482 4494 bl,
497 4427 719 4496 praecipiuntur.
846 4428 933 4484 docet
947 4427 1126 4485 Ambrosius
1141 4422 1253 4503 nuptiis
1267 4421 1374 4492 praeire
1403 4423 1511 4504 debe're
1534 4437 1681 4479 verecun-

85 4493 173 4550 odem
188 4509 281 4549 sensu
302 4494 340 4549 ib.
353 4465 390 4549 cie
408 4494 498 4549 Tabia
513 4511 577 4566 cap.
594 4496 622 4566 l,
638 4512 719 4552 num.
734 4494 787 4552 la:
848 4499 935 4555 diam.
953 4493 1299 4557 lsidorusautemlrb.1r
1323 4493 1361 4548 de
1379 4494 1558 4549 Ecclesiast.
1581 4492 1680 4564 oure,

85 4563 165 4621 robis
180 4565 322 4635 iniquius,
337 4588 348 4612 ι
365 4564 507 4620 cleliam
523 4582 586 4637 cap.
603 4568 629 4634 9,
645 4584 726 4623 ιιιιιιι.
737 4566 768 4622 11
783 4582 789 4623 :
849 4586 913 4642 cap.
930 4571 973 4643 19,
991 4567 1208 4641 subjectionem
1224 4563 1328 4618 uxoris
1345 4578 1417 4635 erga
1430 4565 1566 4619 maritum
1581 4565 1682 4637 sigua·

98 4634 284 4707 datisetplus
292 4636 424 4708 exigitis,
435 4657 446 4687 ι
456 4640 511 4692 eto.
525 4638 657 4710 Denique
672 4638 789 4710 capit,
848 4647 907 4698 tam
920 4643 1017 4698 tradit.
1035 4634 1221 4708 Porroquod
1236 4633 1414 4689 Ambrosius
1432 4635 1523 4689 utitur
1545 4635 1594 4690 his
1610 4649 1680 4689 ver-

85 4712 105 4763 t:
123 4729 134 4757 ι
152 4707 265 4762 Durum
280 4711 326 4762 est
341 4711 483 4778 repetere,
503 4731 514 4756 ι
533 4714 588 4764 eto.
847 4714 896 4769 bis
915 4714 1059 4770 velamine
1069 4705 1261 4774 sacerdotali,
1272 4704 1390 4760 videtur
1400 4706 1530 4760 indicare
1545 4706 1618 4761 illud
1632 4720 1681 4761 re-

85 4777 157 4833 itato
171 4778 223 4833 lib.
240 4778 277 4833 de
297 4777 396 4849 Tobia,
414 4795 477 4849 cap.
493 4778 520 4849 ι,
537 4795 617 4835 num.
635 4780 670 4835 6:
697 4802 708 4828 ι
726 4780 793 4837 Non
848 4784 945 4839 lamen
960 4801 978 4840 a
991 4781 1146 4840 sacerdote
1167 4778 1234 4847 ipso
1249 4776 1360 4845 imponi
1380 4777 1511 4847 solitum,
1527 4778 1608 4904 quod
1621 4793 1682 4833 nou

85 4846 159 4904 dens
176 4849 411 4904 commendatum
425 4865 596 4920 reposcere,
615 4874 626 4900 ιι
644 4853 700 4906 etc.
848 4855 936 4911 facile
951 4854 1029 4925 apud
1044 4853 1134 4907 alium
1151 4853 1301 4902 auctorem
1312 4848 1457 4903 invenias.
1469 4848 1532 4913 Quo
1563 4864 1634 4904 vero
1644 4847 1682 4903 ad

85 4934 160 4993 ong.
177 4920 255 4988 cod.,
275 4941 287 4970 ι
305 4920 409 4990 Populi
425 4921 484 4975 sibi
500 4921 694 4977 condiderunt
710 4922 795 4978 teno-
848 4926 1097 4992 benediotiouem,
1112 4934 1171 4974 non
1186 4917 1274 4973 modo
1289 4916 1372 4973 illius
1387 4920 1616 4991 usumiuprimu
1627 4920 1682 4975 Ec·

85 4990 106 5045 ii
130 4994 217 5062 etque
240 4990 308 5045 edit.
334 4996 365 5045 ut
386 4991 416 5047 in
439 4994 531 5060 textu,
556 4993 615 5047 uisi
636 4994 716 5064 quod
741 5009 794 5064 pro
850 4997 941 5052 clesia
966 4997 1102 5070 viguisse
1125 4989 1285 5045 ostendunt
1305 4989 1522 5046 Innocentiusl
1542 4991 1628 5063 epist.
1645 4991 1683 5047 ad

85 5061 260 5130 inciderunt,
277 5062 364 5132 pauci
384 5077 459 5117 mss.
477 5063 586 5117 habent
601 5079 635 5119 se
656 5065 794 5121 concide·
850 5069 983 5136 Victrio„
999 5064 1134 5138 synodus
1148 5077 1177 5115 ιιι
1191 5059 1330 5132 Cartbag.
1347 5077 1411 5131 can,
1423 5061 1466 5132 13,
1479 5061 1613 5119 lsidorus
1628 5062 1681 5118 lib.

84 5145 124 5187 en
138 5132 188 5186 alii
203 5148 292 5202 porro
311 5133 411 5202 populi
442 5133 489 5187 hic
512 5134 688 5203 iudicantur,
707 5150 795 5207 quum
850 5156 870 5193 ιι
896 5140 933 5195 dc
954 5138 1073 5206 Erotes,
1092 5133 1193 5202 Ostia,
1212 5146 1237 5186 e.
1255 5131 1298 5202 19,
1315 5136 1342 5185 et
1356 5132 1423 5202 alii,
1445 5134 1499 5189 sed
1515 5135 1600 5188 etiam
1616 5137 1684 5192 aute

85 5200 122 5259 lli.
137 5203 175 5259 de
191 5204 300 5274 quibus
316 5203 367 5258 lib.
384 5204 421 5258 de
450 5204 540 5259 Tobia
565 5222 628 5277 cap.
653 5205 696 5274 11,
714 5222 794 5262 num.
850 5209 907 5267 bos
931 5207 1130 5265 Tertullianus
1152 5204 1203 5258 lib.
1223 5219 1245 5256 11
1263 5203 1301 5258 ad
1317 5202 1446 5260 Uxorem
1461 5220 1487 5259 c.
1503 5203 1532 5276 9,
1547 5206 1682 5277 Syricius

85 5274 289 5330 tAmbrosius
306 5297 317 5324 ι
334 5275 436 5345 plures
452 5277 517 5330 suis
532 5291 620 5348 quum
634 5276 795 5333 hostilibus
851 5283 937 5352 epist.
962 5297 982 5335 u
1006 5279 1044 5335 ad
1061 5275 1238 5344 armarium,
1261 5290 1324 5345 cap.
1346 5274 1374 5345 ι,
1397 5276 1446 5331 ubi
1469 5276 1514 5331 sic
1532 5276 1680 5347 loquitur:

85 5362 89 5398 ι
103 5345 235 5401 interire.
254 5368 265 5395 ι
853 5377 864 5404 ι
882 5353 933 5408 llla
946 5349 1164 5416 benedictione,
1181 5361 1269 5418 qaam
1284 5351 1419 5417 nupturae
1435 5348 1578 5403 sacerdos
1593 5348 1682 5415 impo-

85 5415 134 5473 lon
147 5417 206 5472 alio
221 5417 307 5487 plane
322 5432 415 5473 sensu
430 5417 508 5474 idem
523 5417 711 5490 Ambrosius,
723 5418 796 5475 lib.r
851 5426 903 5495 uit,
920 5422 998 5495 apud
1011 5420 1116 5477 lldeles
1132 5417 1289 5489 cujusdam
1309 5418 1460 5491 sacrilegii
1474 5419 1567 5473 instar
1580 5419 1636 5484 est,
1653 5414 1681 5470 sl

85 5486 171 5545 ebear
186 5504 251 5560 cap.
267 5490 294 5558 5,
318 5505 398 5546 num.
415 5489 468 5546 35:
497 5512 508 5539 ι
535 5490 602 5545 Nou
626 5505 698 5561 opes
726 5507 743 5545 a
767 5494 796 5547 te
850 5496 910 5552 ulla
924 5492 1167 5567 transgressione
1183 5488 1318 5544 violetur.
1337 5509 1349 5539 ι
1370 5489 1568 5544 Tertullianus
1583 5489 1681 5540 autem

141 5559 221 5630 uitii,
240 5583 251 5609 r
268 5564 325 5618 etc·
850 5564 1051 5623 benedictioni
1064 5561 1243 5620 oblationem
1267 5559 1379 5633 ‘uugit;
1401 5575 1457 5615 noc
1473 5572 1546 5614 sane
1561 5556 1679 5628 mirum,

85 5573 148 5764 ᾗ
163 5631 260 5704 magis
275 5631 415 5689 omuibus
429 5634 541 5703 uotum,
559 5647 648 5704 quam
667 5632 795 5689 laminas
852 5655 920 5696 eum
933 5636 1011 5711 apud
1024 5634 1185 5709 plerosque
1199 5577 1336 5699 maiores
1352 5627 1605 5709 conjugiumeine
1628 5641 1681 5689 att-

134 5716 189 5763 cos
204 5705 291 5783 caput
306 5705 404 5763 crocei
421 5703 530 5764 coloris
554 5703 709 5784 velamine,
726 5704 797 5765 darn
851 5709 964 5773 crificia
979 5723 1040 5770 non
1054 5704 1265 5769 celebraretur.
