<?xml version="1.0" encoding="UTF-8"?>
<!DOCTYPE html PUBLIC "-//W3C//DTD XHTML 1.0 Transitional//EN"
    "http://www.w3.org/TR/xhtml1/DTD/xhtml1-transitional.dtd">
<html xmlns="http://www.w3.org/1999/xhtml" xml:lang="en" lang="en">
 <head>
  <title>
</title>
<meta http-equiv="Content-Type" content="text/html;charset=utf-8" />
  <meta name='ocr-system' content='tesseract 3.04.00' />
  <meta name='ocr-capabilities' content='ocr_page ocr_carea ocr_par ocr_line ocrx_word'/>
</head>
<body>
  <div class='ocr_page' id='page_1' title='image "./patrologiaecurs70unkngoog/patrologiaecurs70unkngoog_0734.png"; bbox 0 0 3900 6128; ppageno 0'>
   <div class='ocr_carea' id='block_1_1' title="bbox 178 271 1902 356">
    <p class='ocr_par' dir='ltr' id='par_1_1' title="bbox 178 271 1902 356">
     <span class='ocr_line' id='line_1_1' title="bbox 178 271 1902 356; baseline 0.006 -28"><span class='ocrx_word' id='word_1_1' title='bbox 178 279 271 356; x_wconf 61' lang='lat' dir='ltr'><strong>wl</strong></span> <span class='ocrx_word' id='word_1_2' title='bbox 928 273 961 337; x_wconf 81' lang='grc' dir='ltr'><strong>ιι.</strong></span> <span class='ocrx_word' id='word_1_3' title='bbox 984 271 1207 339; x_wconf 74' lang='lat' dir='ltr'><strong>mtssuosu.</strong></span> <span class='ocrx_word' id='word_1_4' title='bbox 1448 327 1450 330; x_wconf 91' lang='lat'><strong>.</strong></span> <span class='ocrx_word' id='word_1_5' title='bbox 1838 276 1902 338; x_wconf 79' lang='lat' dir='ltr'><strong>un</strong></span> 
     </span>
    </p>
   </div>
   <div class='ocr_carea' id='block_1_2' title="bbox 117 472 1949 5274">
    <p class='ocr_par' dir='ltr' id='par_1_2' title="bbox 174 472 1911 1081">
     <span class='ocr_line' id='line_1_2' title="bbox 210 472 1905 550; baseline -0.006 -13"><span class='ocrx_word' id='word_1_6' title='bbox 210 478 253 537; x_wconf 83' lang='lat' dir='ltr'><strong>De</strong></span> <span class='ocrx_word' id='word_1_7' title='bbox 268 477 373 550; x_wconf 88' lang='lat' dir='ltr'><strong>quarto</strong></span> <span class='ocrx_word' id='word_1_8' title='bbox 388 474 497 548; x_wconf 76' lang='lat' dir='ltr'><strong>hymno</strong></span> <span class='ocrx_word' id='word_1_9' title='bbox 512 475 647 534; x_wconf 86' lang='lat' dir='ltr'><strong>dubitare</strong></span> <span class='ocrx_word' id='word_1_10' title='bbox 661 492 720 532; x_wconf 90' lang='lat' dir='ltr'><strong>non</strong></span> <span class='ocrx_word' id='word_1_11' title='bbox 735 475 831 549; x_wconf 87' lang='lat' dir='ltr'><strong>magis</strong></span> <span class='ocrx_word' id='word_1_12' title='bbox 847 474 924 546; x_wconf 90' lang='lat' dir='ltr'><strong>licet,</strong></span> <span class='ocrx_word' id='word_1_13' title='bbox 940 489 1028 546; x_wconf 83' lang='lat' dir='ltr'><strong>qaam</strong></span> <span class='ocrx_word' id='word_1_14' title='bbox 1043 475 1079 531; x_wconf 87' lang='lat' dir='ltr'><strong>de</strong></span> <span class='ocrx_word' id='word_1_15' title='bbox 1094 473 1190 531; x_wconf 86' lang='lat' dir='ltr'><strong>tribus</strong></span> <span class='ocrx_word' id='word_1_16' title='bbox 1205 473 1423 545; x_wconf 89' lang='lat' dir='ltr'><strong>superioribus.</strong></span> <span class='ocrx_word' id='word_1_17' title='bbox 1440 474 1569 530; x_wconf 84' lang='lat' dir='ltr'><strong>Primam</strong></span> <span class='ocrx_word' id='word_1_18' title='bbox 1585 473 1656 545; x_wconf 79' lang='lat' dir='ltr'><strong>ejus</strong></span> <span class='ocrx_word' id='word_1_19' title='bbox 1674 472 1905 546; x_wconf 71' lang='lat' dir='ltr'><strong>stropheninsp·</strong></span> 
     </span>
     <span class='ocr_line' id='line_1_3' title="bbox 174 563 1909 636; baseline -0.004 -11"><span class='ocrx_word' id='word_1_20' title='bbox 174 567 252 625; x_wconf 86' lang='lat' dir='ltr'><strong>uodo</strong></span> <span class='ocrx_word' id='word_1_21' title='bbox 267 568 400 622; x_wconf 80' lang='lat' dir='ltr'><strong>Romana</strong></span> <span class='ocrx_word' id='word_1_22' title='bbox 415 581 452 620; x_wconf 84' lang='lat' dir='ltr'><strong>ex</strong></span> <span class='ocrx_word' id='word_1_23' title='bbox 469 566 625 621; x_wconf 87' lang='lat' dir='ltr'><strong>Baluziana</strong></span> <span class='ocrx_word' id='word_1_24' title='bbox 644 564 823 622; x_wconf 86' lang='lat' dir='ltr'><strong>Collecticna</strong></span> <span class='ocrx_word' id='word_1_25' title='bbox 839 581 916 621; x_wconf 89' lang='lat' dir='ltr'><strong>auno</strong></span> <span class='ocrx_word' id='word_1_26' title='bbox 933 564 987 620; x_wconf 73' lang='grc'><strong>430</strong></span> <span class='ocrx_word' id='word_1_27' title='bbox 1003 563 1152 622; x_wconf 85' lang='lat' dir='ltr'><strong>celebrata</strong></span> <span class='ocrx_word' id='word_1_28' title='bbox 1175 563 1334 620; x_wconf 77' lang='lat' dir='ltr'><strong>Ambrosio</strong></span> <span class='ocrx_word' id='word_1_29' title='bbox 1350 563 1510 636; x_wconf 70' lang='lat' dir='ltr'><strong>ascriptam</strong></span> <span class='ocrx_word' id='word_1_30' title='bbox 1533 565 1720 634; x_wconf 87' lang='lat' dir='ltr'><strong>reperimus,</strong></span> <span class='ocrx_word' id='word_1_31' title='bbox 1737 577 1793 616; x_wconf 89' lang='lat' dir='ltr'><strong>nec</strong></span> <span class='ocrx_word' id='word_1_32' title='bbox 1810 578 1861 616; x_wconf 89' lang='lat' dir='ltr'><strong>non</strong></span> <span class='ocrx_word' id='word_1_33' title='bbox 1879 566 1909 618; x_wconf 85' lang='lat' dir='ltr'><strong>ab</strong></span> 
     </span>
     <span class='ocr_line' id='line_1_4' title="bbox 174 651 1910 731; baseline -0.002 -20"><span class='ocrx_word' id='word_1_34' title='bbox 174 654 354 726; x_wconf 87' lang='lat' dir='ltr'><strong>lldaphonso</strong></span> <span class='ocrx_word' id='word_1_35' title='bbox 370 654 414 708; x_wconf 85' lang='lat' dir='ltr'><strong>lle</strong></span> <span class='ocrx_word' id='word_1_36' title='bbox 429 653 542 725; x_wconf 83' lang='lat' dir='ltr'><strong>Perpet</strong></span> <span class='ocrx_word' id='word_1_37' title='bbox 566 653 679 731; x_wconf 81' lang='lat' dir='ltr'><strong>Virpin.</strong></span> <span class='ocrx_word' id='word_1_38' title='bbox 695 654 797 710; x_wconf 72' lang='lat' dir='ltr'><strong>Beate</strong></span> <span class='ocrx_word' id='word_1_39' title='bbox 812 653 919 709; x_wconf 74' lang='lat' dir='ltr'><strong>Marta</strong></span> <span class='ocrx_word' id='word_1_40' title='bbox 934 668 992 708; x_wconf 90' lang='lat' dir='ltr'><strong>non</strong></span> <span class='ocrx_word' id='word_1_41' title='bbox 1008 655 1101 709; x_wconf 88' lang='lat' dir='ltr'><strong>semel</strong></span> <span class='ocrx_word' id='word_1_42' title='bbox 1116 654 1317 725; x_wconf 88' lang='lat' dir='ltr'><strong>propositam:</strong></span> <span class='ocrx_word' id='word_1_43' title='bbox 1334 656 1469 725; x_wconf 79' lang='lat' dir='ltr'><strong>quartam</strong></span> <span class='ocrx_word' id='word_1_44' title='bbox 1484 670 1558 708; x_wconf 85' lang='lat' dir='ltr'><strong>vero</strong></span> <span class='ocrx_word' id='word_1_45' title='bbox 1572 668 1635 708; x_wconf 90' lang='lat' dir='ltr'><strong>non</strong></span> <span class='ocrx_word' id='word_1_46' title='bbox 1651 652 1744 707; x_wconf 89' lang='lat' dir='ltr'><strong>modo</strong></span> <span class='ocrx_word' id='word_1_47' title='bbox 1762 653 1837 721; x_wconf 86' lang='lat' dir='ltr'><strong>apud</strong></span> <span class='ocrx_word' id='word_1_48' title='bbox 1849 651 1910 707; x_wconf 82' lang='lat' dir='ltr'><strong>Cas·</strong></span> 
     </span>
     <span class='ocr_line' id='line_1_5' title="bbox 175 741 1911 814; baseline -0.004 -11"><span class='ocrx_word' id='word_1_49' title='bbox 175 744 328 803; x_wconf 79' lang='lat' dir='ltr'><strong>siodorum</strong></span> <span class='ocrx_word' id='word_1_50' title='bbox 343 742 389 813; x_wconf 89' lang='lat' dir='ltr'><strong>(ln</strong></span> <span class='ocrx_word' id='word_1_51' title='bbox 405 741 486 798; x_wconf 87' lang='lat' dir='ltr'><strong>l&#39;sal.</strong></span> <span class='ocrx_word' id='word_1_52' title='bbox 503 759 552 797; x_wconf 82' lang='lat' dir='ltr'><strong>vni</strong></span> <span class='ocrx_word' id='word_1_53' title='bbox 567 743 599 797; x_wconf 89' lang='lat' dir='ltr'><strong>in</strong></span> <span class='ocrx_word' id='word_1_54' title='bbox 617 742 716 798; x_wconf 85' lang='lat' dir='ltr'><strong>Conel.</strong></span> <span class='ocrx_word' id='word_1_55' title='bbox 733 750 761 801; x_wconf 89' lang='lat' dir='ltr'><strong>et</strong></span> <span class='ocrx_word' id='word_1_56' title='bbox 777 745 809 797; x_wconf 92' lang='lat' dir='ltr'><strong>in</strong></span> <span class='ocrx_word' id='word_1_57' title='bbox 823 741 905 797; x_wconf 84' lang='lat' dir='ltr'><strong>Psal.</strong></span> <span class='ocrx_word' id='word_1_58' title='bbox 922 745 1012 811; x_wconf 76' lang='lat' dir='ltr'><strong>cxxi),</strong></span> <span class='ocrx_word' id='word_1_59' title='bbox 1028 742 1084 800; x_wconf 90' lang='lat' dir='ltr'><strong>sed</strong></span> <span class='ocrx_word' id='word_1_60' title='bbox 1103 744 1190 797; x_wconf 86' lang='lat' dir='ltr'><strong>etiam</strong></span> <span class='ocrx_word' id='word_1_61' title='bbox 1211 743 1289 813; x_wconf 87' lang='lat' dir='ltr'><strong>apud</strong></span> <span class='ocrx_word' id='word_1_62' title='bbox 1309 741 1450 799; x_wconf 78' lang='lat' dir='ltr'><strong>Faustum</strong></span> <span class='ocrx_word' id='word_1_63' title='bbox 1479 743 1666 814; x_wconf 77' lang='lat' dir='ltr'><strong>liegiensem</strong></span> <span class='ocrx_word' id='word_1_64' title='bbox 1688 742 1789 813; x_wconf 82' lang='lat' dir='ltr'><strong>legas,</strong></span> <span class='ocrx_word' id='word_1_65' title='bbox 1805 743 1851 812; x_wconf 91' lang='lat' dir='ltr'><strong>qui</strong></span> <span class='ocrx_word' id='word_1_66' title='bbox 1865 745 1911 812; x_wconf 85' lang='lat' dir='ltr'><strong>api·</strong></span> 
     </span>
     <span class='ocr_line' id='line_1_6' title="bbox 176 831 1911 906; baseline -0.003 -16"><span class='ocrx_word' id='word_1_67' title='bbox 176 850 288 906; x_wconf 89' lang='lat' dir='ltr'><strong>scopus</strong></span> <span class='ocrx_word' id='word_1_68' title='bbox 303 834 339 888; x_wconf 87' lang='lat' dir='ltr'><strong>de</strong></span> <span class='ocrx_word' id='word_1_69' title='bbox 354 834 457 889; x_wconf 82' lang='lat' dir='ltr'><strong>eadem</strong></span> <span class='ocrx_word' id='word_1_70' title='bbox 473 832 520 888; x_wconf 83' lang='lat' dir='ltr'><strong>his</strong></span> <span class='ocrx_word' id='word_1_71' title='bbox 536 834 637 888; x_wconf 85' lang='lat' dir='ltr'><strong>verbis</strong></span> <span class='ocrx_word' id='word_1_72' title='bbox 652 834 714 905; x_wconf 86' lang='lat' dir='ltr'><strong>agit</strong></span> <span class='ocrx_word' id='word_1_73' title='bbox 728 833 838 905; x_wconf 81' lang='lat' dir='ltr'><strong>(Epist.</strong></span> <span class='ocrx_word' id='word_1_74' title='bbox 855 833 893 888; x_wconf 90' lang='lat' dir='ltr'><strong>ad</strong></span> <span class='ocrx_word' id='word_1_75' title='bbox 910 832 943 888; x_wconf 85' lang='lat' dir='ltr'><strong>G.</strong></span> <span class='ocrx_word' id='word_1_76' title='bbox 961 832 1080 903; x_wconf 74' lang='lat' dir='ltr'><strong>Diaul:</strong></span> <span class='ocrx_word' id='word_1_77' title='bbox 1095 833 1206 904; x_wconf 80' lang='lat' dir='ltr'><em>Accipe</em></span> <span class='ocrx_word' id='word_1_78' title='bbox 1222 833 1311 888; x_wconf 84' lang='lat' dir='ltr'><strong>etiarn</strong></span> <span class='ocrx_word' id='word_1_79' title='bbox 1326 831 1357 887; x_wconf 88' lang='lat' dir='ltr'><strong>in</strong></span> <span class='ocrx_word' id='word_1_80' title='bbox 1367 833 1477 905; x_wconf 80' lang='lat' dir='ltr'><strong>hymno</strong></span> <span class='ocrx_word' id='word_1_81' title='bbox 1487 833 1586 887; x_wconf 87' lang='lat' dir='ltr'><strong>sancti</strong></span> <span class='ocrx_word' id='word_1_82' title='bbox 1601 831 1762 887; x_wconf 87' lang='lat' dir='ltr'><strong>antistitis</strong></span> <span class='ocrx_word' id='word_1_83' title='bbox 1777 831 1911 885; x_wconf 79' lang='lat' dir='ltr'><strong>utconlrs-</strong></span> 
     </span>
     <span class='ocr_line' id='line_1_7' title="bbox 176 919 1911 996; baseline -0.002 -17"><span class='ocrx_word' id='word_1_84' title='bbox 176 924 257 980; x_wconf 89' lang='lat' dir='ltr'><strong>soris</strong></span> <span class='ocrx_word' id='word_1_85' title='bbox 271 922 436 986; x_wconf 81' lang='lat' dir='ltr'><strong><em>Ambrosii,</em></strong></span> <span class='ocrx_word' id='word_1_86' title='bbox 454 937 537 994; x_wconf 82' lang='lat' dir='ltr'><strong>quem</strong></span> <span class='ocrx_word' id='word_1_87' title='bbox 555 926 583 976; x_wconf 90' lang='lat' dir='ltr'><strong>in</strong></span> <span class='ocrx_word' id='word_1_88' title='bbox 600 922 692 976; x_wconf 80' lang='lat' dir='ltr'><strong>natali</strong></span> <span class='ocrx_word' id='word_1_89' title='bbox 708 923 861 978; x_wconf 76' lang='lat' dir='ltr'><strong>Donninico</strong></span> <span class='ocrx_word' id='word_1_90' title='bbox 873 938 930 996; x_wconf 87' lang='lat' dir='ltr'><strong>per</strong></span> <span class='ocrx_word' id='word_1_91' title='bbox 945 938 1046 979; x_wconf 69' lang='lat' dir='ltr'><strong>errones</strong></span> <span class='ocrx_word' id='word_1_92' title='bbox 1061 921 1157 977; x_wconf 80' lang='lat' dir='ltr'><strong>ltaliae</strong></span> <span class='ocrx_word' id='word_1_93' title='bbox 1173 927 1202 977; x_wconf 89' lang='lat' dir='ltr'><strong>ot</strong></span> <span class='ocrx_word' id='word_1_94' title='bbox 1219 920 1324 976; x_wconf 78' lang='lat' dir='ltr'><strong>Galliae</strong></span> <span class='ocrx_word' id='word_1_95' title='bbox 1338 923 1479 994; x_wconf 73' lang='lat' dir='ltr'><strong>regiones</strong></span> <span class='ocrx_word' id='word_1_96' title='bbox 1494 921 1650 995; x_wconf 85' lang='lat' dir='ltr'><strong>persultat</strong></span> <span class='ocrx_word' id='word_1_97' title='bbox 1669 919 1832 976; x_wconf 77' lang='lat' dir='ltr'><strong>Ecclesia:</strong></span> <span class='ocrx_word' id='word_1_98' title='bbox 1849 920 1911 976; x_wconf 87' lang='lat' dir='ltr'><strong>l‘ro-</strong></span> 
     </span>
     <span class='ocr_line' id='line_1_8' title="bbox 176 1009 595 1081; baseline -0.005 -12"><span class='ocrx_word' id='word_1_99' title='bbox 176 1011 250 1069; x_wconf 85' lang='lat' dir='ltr'><strong>cede</strong></span> <span class='ocrx_word' id='word_1_100' title='bbox 264 1010 303 1066; x_wconf 81' lang='lat' dir='ltr'><strong>de</strong></span> <span class='ocrx_word' id='word_1_101' title='bbox 319 1009 447 1066; x_wconf 87' lang='lat' dir='ltr'><strong>thalamo</strong></span> <span class='ocrx_word' id='word_1_102' title='bbox 463 1016 520 1081; x_wconf 91' lang='lat' dir='ltr'><strong>tuo,</strong></span> <span class='ocrx_word' id='word_1_103' title='bbox 538 1015 595 1067; x_wconf 91' lang='lat' dir='ltr'><strong>otc.</strong></span> 
     </span>
    </p>

    <p class='ocr_par' dir='ltr' id='par_1_3' title="bbox 175 1098 1914 1691">
     <span class='ocr_line' id='line_1_9' title="bbox 211 1098 1911 1172; baseline -0.002 -16"><span class='ocrx_word' id='word_1_104' title='bbox 211 1100 338 1167; x_wconf 90' lang='lat' dir='ltr'><strong>Quintus</strong></span> <span class='ocrx_word' id='word_1_105' title='bbox 353 1100 500 1156; x_wconf 90' lang='lat' dir='ltr'><strong>indicatur</strong></span> <span class='ocrx_word' id='word_1_106' title='bbox 514 1117 531 1154; x_wconf 91' lang='lat' dir='ltr'><strong>a</strong></span> <span class='ocrx_word' id='word_1_107' title='bbox 545 1099 737 1170; x_wconf 84' lang='lat' dir='ltr'><strong>Cassiodoro,</strong></span> <span class='ocrx_word' id='word_1_108' title='bbox 752 1102 822 1157; x_wconf 90' lang='lat' dir='ltr'><strong>dum</strong></span> <span class='ocrx_word' id='word_1_109' title='bbox 842 1100 888 1157; x_wconf 86' lang='lat' dir='ltr'><strong>sic</strong></span> <span class='ocrx_word' id='word_1_110' title='bbox 907 1100 1038 1172; x_wconf 83' lang='lat' dir='ltr'><strong>loquitur</strong></span> <span class='ocrx_word' id='word_1_111' title='bbox 1052 1100 1099 1172; x_wconf 90' lang='lat' dir='ltr'><strong>(ln</strong></span> <span class='ocrx_word' id='word_1_112' title='bbox 1120 1098 1201 1154; x_wconf 85' lang='lat' dir='ltr'><strong>Psal.</strong></span> <span class='ocrx_word' id='word_1_113' title='bbox 1217 1100 1335 1170; x_wconf 75' lang='lat' dir='ltr'><strong>nxxrvt:</strong></span> <span class='ocrx_word' id='word_1_114' title='bbox 1359 1099 1399 1155; x_wconf 78' lang='lat' dir='ltr'><strong>tlt</strong></span> <span class='ocrx_word' id='word_1_115' title='bbox 1418 1099 1525 1156; x_wconf 86' lang='lat' dir='ltr'><strong>latices</strong></span> <span class='ocrx_word' id='word_1_116' title='bbox 1543 1100 1674 1156; x_wconf 80' lang='lat' dir='ltr'><strong>lentium</strong></span> <span class='ocrx_word' id='word_1_117' title='bbox 1695 1098 1838 1154; x_wconf 83' lang='lat' dir='ltr'><strong>ruborem</strong></span> <span class='ocrx_word' id='word_1_118' title='bbox 1856 1100 1911 1169; x_wconf 85' lang='lat' dir='ltr'><strong>riri,</strong></span> 
     </span>
     <span class='ocr_line' id='line_1_10' title="bbox 175 1187 1912 1263; baseline -0.002 -18"><span class='ocrx_word' id='word_1_119' title='bbox 175 1194 285 1245; x_wconf 88' lang='lat' dir='ltr'><strong>mutata</strong></span> <span class='ocrx_word' id='word_1_120' title='bbox 302 1188 454 1262; x_wconf 74' lang='lat' dir='ltr'><strong>paralitate,</strong></span> <span class='ocrx_word' id='word_1_121' title='bbox 469 1191 666 1261; x_wconf 86' lang='lat' dir='ltr'><strong>susciperent,</strong></span> <span class='ocrx_word' id='word_1_122' title='bbox 684 1204 767 1262; x_wconf 82' lang='lat' dir='ltr'><strong>qnam</strong></span> <span class='ocrx_word' id='word_1_123' title='bbox 784 1195 890 1244; x_wconf 86' lang='lat' dir='ltr'><strong>natura</strong></span> <span class='ocrx_word' id='word_1_124' title='bbox 906 1206 963 1246; x_wconf 90' lang='lat' dir='ltr'><strong>non</strong></span> <span class='ocrx_word' id='word_1_125' title='bbox 979 1188 1093 1245; x_wconf 86' lang='lat' dir='ltr'><strong>babuit.</strong></span> <span class='ocrx_word' id='word_1_126' title='bbox 1108 1187 1193 1244; x_wconf 87' lang='lat' dir='ltr'><strong>Unde</strong></span> <span class='ocrx_word' id='word_1_127' title='bbox 1204 1188 1310 1244; x_wconf 88' lang='lat' dir='ltr'><strong>beatus</strong></span> <span class='ocrx_word' id='word_1_128' title='bbox 1319 1188 1498 1245; x_wconf 76' lang='lat' dir='ltr'><strong>Ambrosios</strong></span> <span class='ocrx_word' id='word_1_129' title='bbox 1507 1189 1539 1245; x_wconf 89' lang='lat' dir='ltr'><strong>in</strong></span> <span class='ocrx_word' id='word_1_130' title='bbox 1550 1190 1666 1263; x_wconf 82' lang='lat' dir='ltr'><strong>hymno</strong></span> <span class='ocrx_word' id='word_1_131' title='bbox 1674 1194 1796 1244; x_wconf 80' lang='lat' dir='ltr'><strong>sanctae</strong></span> <span class='ocrx_word' id='word_1_132' title='bbox 1804 1188 1912 1259; x_wconf 80' lang='lat' dir='ltr'><strong>Epipha-</strong></span> 
     </span>
     <span class='ocr_line' id='line_1_11' title="bbox 177 1276 1911 1351; baseline -0.002 -17"><span class='ocrx_word' id='word_1_133' title='bbox 177 1279 235 1334; x_wconf 79' lang='lat' dir='ltr'><strong>nim</strong></span> <span class='ocrx_word' id='word_1_134' title='bbox 253 1276 438 1332; x_wconf 87' lang='lat' dir='ltr'><strong>mirabiliter</strong></span> <span class='ocrx_word' id='word_1_135' title='bbox 452 1277 630 1334; x_wconf 78' lang='lat' dir='ltr'><strong>declamavit</strong></span> <span class='ocrx_word' id='word_1_136' title='bbox 649 1279 893 1351; x_wconf 79' lang='lat' dir='ltr'><strong>splendidissima</strong></span> <span class='ocrx_word' id='word_1_137' title='bbox 908 1278 973 1334; x_wconf 89' lang='lat' dir='ltr'><strong>lnce</strong></span> <span class='ocrx_word' id='word_1_138' title='bbox 993 1277 1160 1334; x_wconf 80' lang='lat' dir='ltr'><strong>verborum.</strong></span> <span class='ocrx_word' id='word_1_139' title='bbox 1178 1277 1223 1332; x_wconf 78' lang='lat' dir='ltr'><strong>Ex</strong></span> <span class='ocrx_word' id='word_1_140' title='bbox 1239 1277 1358 1348; x_wconf 72' lang='lat' dir='ltr'><strong>hymnis</strong></span> <span class='ocrx_word' id='word_1_141' title='bbox 1371 1283 1470 1334; x_wconf 86' lang='lat' dir='ltr'><strong>autem</strong></span> <span class='ocrx_word' id='word_1_142' title='bbox 1483 1279 1605 1335; x_wconf 88' lang='lat' dir='ltr'><strong>duobus</strong></span> <span class='ocrx_word' id='word_1_143' title='bbox 1620 1278 1741 1350; x_wconf 87' lang='lat' dir='ltr'><strong>quibus</strong></span> <span class='ocrx_word' id='word_1_144' title='bbox 1759 1278 1911 1347; x_wconf 73' lang='lat' dir='ltr'><strong>mysterium</strong></span> 
     </span>
     <span class='ocr_line' id='line_1_12' title="bbox 177 1365 1914 1440; baseline 0 -20"><span class='ocrx_word' id='word_1_145' title='bbox 177 1366 349 1439; x_wconf 64' lang='lat' dir='ltr'><strong>Epiphaniae</strong></span> <span class='ocrx_word' id='word_1_146' title='bbox 365 1367 544 1424; x_wconf 87' lang='lat' dir='ltr'><strong>celebratum</strong></span> <span class='ocrx_word' id='word_1_147' title='bbox 560 1368 648 1424; x_wconf 89' lang='lat' dir='ltr'><strong>etiam</strong></span> <span class='ocrx_word' id='word_1_148' title='bbox 663 1384 741 1424; x_wconf 86' lang='lat' dir='ltr'><strong>nunc</strong></span> <span class='ocrx_word' id='word_1_149' title='bbox 757 1368 891 1437; x_wconf 85' lang='lat' dir='ltr'><strong>habetur,</strong></span> <span class='ocrx_word' id='word_1_150' title='bbox 909 1368 983 1424; x_wconf 89' lang='lat' dir='ltr'><strong>alter</strong></span> <span class='ocrx_word' id='word_1_151' title='bbox 998 1382 1086 1440; x_wconf 86' lang='lat' dir='ltr'><strong>quam</strong></span> <span class='ocrx_word' id='word_1_152' title='bbox 1101 1368 1131 1422; x_wconf 91' lang='lat' dir='ltr'><strong>in</strong></span> <span class='ocrx_word' id='word_1_153' title='bbox 1146 1365 1214 1437; x_wconf 82' lang='lat' dir='ltr'><strong>ejus</strong></span> <span class='ocrx_word' id='word_1_154' title='bbox 1230 1367 1288 1423; x_wconf 86' lang='lat' dir='ltr'><strong>diei</strong></span> <span class='ocrx_word' id='word_1_155' title='bbox 1303 1366 1408 1423; x_wconf 88' lang='lat' dir='ltr'><strong>Olticio</strong></span> <span class='ocrx_word' id='word_1_156' title='bbox 1424 1367 1501 1423; x_wconf 90' lang='lat' dir='ltr'><strong>canit</strong></span> <span class='ocrx_word' id='word_1_157' title='bbox 1517 1367 1669 1439; x_wconf 73' lang='lat' dir='ltr'><strong>Ecclesia,</strong></span> <span class='ocrx_word' id='word_1_158' title='bbox 1689 1365 1808 1422; x_wconf 86' lang='lat' dir='ltr'><strong>Sedulii</strong></span> <span class='ocrx_word' id='word_1_159' title='bbox 1820 1370 1871 1421; x_wconf 88' lang='lat' dir='ltr'><strong>est:</strong></span> <span class='ocrx_word' id='word_1_160' title='bbox 1883 1371 1914 1420; x_wconf 83' lang='lat' dir='ltr'><strong>at·</strong></span> 
     </span>
     <span class='ocr_line' id='line_1_13' title="bbox 176 1455 1913 1528; baseline -0.002 -14"><span class='ocrx_word' id='word_1_161' title='bbox 176 1455 354 1514; x_wconf 77' lang='lat' dir='ltr'><strong>tervannia</strong></span> <span class='ocrx_word' id='word_1_162' title='bbox 375 1457 536 1512; x_wconf 84' lang='lat' dir='ltr'><strong>Breviariis</strong></span> <span class='ocrx_word' id='word_1_163' title='bbox 555 1457 673 1512; x_wconf 75' lang='lat' dir='ltr'><strong>Ordinis</strong></span> <span class='ocrx_word' id='word_1_164' title='bbox 694 1456 917 1528; x_wconf 72' lang='lat' dir='ltr'><strong>cisterciensis,</strong></span> <span class='ocrx_word' id='word_1_165' title='bbox 932 1473 988 1512; x_wconf 89' lang='lat' dir='ltr'><strong>nee</strong></span> <span class='ocrx_word' id='word_1_166' title='bbox 1005 1474 1064 1514; x_wconf 89' lang='lat' dir='ltr'><strong>non</strong></span> <span class='ocrx_word' id='word_1_167' title='bbox 1078 1458 1109 1512; x_wconf 89' lang='lat' dir='ltr'><strong>in</strong></span> <span class='ocrx_word' id='word_1_168' title='bbox 1130 1457 1291 1528; x_wconf 78' lang='lat' dir='ltr'><strong>postremis</strong></span> <span class='ocrx_word' id='word_1_169' title='bbox 1311 1455 1578 1513; x_wconf 68' lang='lat' dir='ltr'><strong>ambrosianorum</strong></span> <span class='ocrx_word' id='word_1_170' title='bbox 1599 1457 1739 1527; x_wconf 86' lang='lat' dir='ltr'><strong>Operum</strong></span> <span class='ocrx_word' id='word_1_171' title='bbox 1755 1455 1913 1511; x_wconf 82' lang='lat' dir='ltr'><strong>editionibus</strong></span> 
     </span>
     <span class='ocr_line' id='line_1_14' title="bbox 177 1545 1914 1625; baseline -0.001 -23"><span class='ocrx_word' id='word_1_172' title='bbox 177 1546 282 1602; x_wconf 72' lang='lat' dir='ltr'><strong>omui.</strong></span> <span class='ocrx_word' id='word_1_173' title='bbox 299 1545 331 1599; x_wconf 93' lang='lat' dir='ltr'><strong>ln</strong></span> <span class='ocrx_word' id='word_1_174' title='bbox 347 1560 435 1615; x_wconf 88' lang='lat' dir='ltr'><strong>quem</strong></span> <span class='ocrx_word' id='word_1_175' title='bbox 449 1561 516 1600; x_wconf 93' lang='lat' dir='ltr'><strong>cum</strong></span> <span class='ocrx_word' id='word_1_176' title='bbox 532 1546 685 1616; x_wconf 87' lang='lat' dir='ltr'><strong>aptissime</strong></span> <span class='ocrx_word' id='word_1_177' title='bbox 700 1547 846 1625; x_wconf 80' lang='lat' dir='ltr'><strong>quadrent</strong></span> <span class='ocrx_word' id='word_1_178' title='bbox 861 1546 947 1601; x_wconf 88' lang='lat' dir='ltr'><strong>citata</strong></span> <span class='ocrx_word' id='word_1_179' title='bbox 963 1546 1054 1602; x_wconf 78' lang='lat' dir='ltr'><strong>rerba</strong></span> <span class='ocrx_word' id='word_1_180' title='bbox 1073 1545 1257 1616; x_wconf 83' lang='lat' dir='ltr'><strong>Cassiodori,</strong></span> <span class='ocrx_word' id='word_1_181' title='bbox 1273 1561 1332 1602; x_wconf 91' lang='lat' dir='ltr'><strong>non</strong></span> <span class='ocrx_word' id='word_1_182' title='bbox 1351 1546 1551 1602; x_wconf 83' lang='lat' dir='ltr'><strong>dubitavimus</strong></span> <span class='ocrx_word' id='word_1_183' title='bbox 1571 1547 1719 1602; x_wconf 88' lang='lat' dir='ltr'><strong>eamdem</strong></span> <span class='ocrx_word' id='word_1_184' title='bbox 1740 1545 1816 1601; x_wconf 82' lang='lat' dir='ltr'><strong>inter</strong></span> <span class='ocrx_word' id='word_1_185' title='bbox 1832 1545 1914 1616; x_wconf 81' lang='lat' dir='ltr'><strong>tegili·</strong></span> 
     </span>
     <span class='ocr_line' id='line_1_15' title="bbox 177 1633 761 1691; baseline 0 -1"><span class='ocrx_word' id='word_1_186' title='bbox 177 1648 244 1690; x_wconf 85' lang='lat' dir='ltr'><strong>mos</strong></span> <span class='ocrx_word' id='word_1_187' title='bbox 259 1633 330 1688; x_wconf 86' lang='lat' dir='ltr'><strong>tanti</strong></span> <span class='ocrx_word' id='word_1_188' title='bbox 347 1634 484 1689; x_wconf 85' lang='lat' dir='ltr'><strong>Doctoris</strong></span> <span class='ocrx_word' id='word_1_189' title='bbox 500 1634 579 1690; x_wconf 87' lang='lat' dir='ltr'><strong>letus</strong></span> <span class='ocrx_word' id='word_1_190' title='bbox 596 1635 761 1691; x_wconf 80' lang='lat' dir='ltr'><strong>admittam.</strong></span> 
     </span>
    </p>

    <p class='ocr_par' dir='ltr' id='par_1_4' title="bbox 212 1721 1916 1796">
     <span class='ocr_line' id='line_1_16' title="bbox 212 1721 1916 1796; baseline -0.001 -18"><span class='ocrx_word' id='word_1_191' title='bbox 212 1721 334 1778; x_wconf 83' lang='lat' dir='ltr'><strong>Sextum</strong></span> <span class='ocrx_word' id='word_1_192' title='bbox 352 1723 492 1794; x_wconf 70' lang='lat' dir='ltr'><strong>hymnum</strong></span> <span class='ocrx_word' id='word_1_193' title='bbox 507 1727 556 1778; x_wconf 89' lang='lat' dir='ltr'><strong>aut</strong></span> <span class='ocrx_word' id='word_1_194' title='bbox 572 1724 670 1793; x_wconf 88' lang='lat' dir='ltr'><strong>potins</strong></span> <span class='ocrx_word' id='word_1_195' title='bbox 687 1723 786 1794; x_wconf 68' lang='lat' dir='ltr'><strong>hymni</strong></span> <span class='ocrx_word' id='word_1_196' title='bbox 801 1724 999 1796; x_wconf 75' lang='lat' dir='ltr'><strong>fragmentum</strong></span> <span class='ocrx_word' id='word_1_197' title='bbox 1014 1725 1185 1780; x_wconf 89' lang='lat' dir='ltr'><strong>auctoritate</strong></span> <span class='ocrx_word' id='word_1_198' title='bbox 1201 1724 1337 1795; x_wconf 84' lang='lat' dir='ltr'><strong>ejusdcm</strong></span> <span class='ocrx_word' id='word_1_199' title='bbox 1352 1723 1524 1780; x_wconf 83' lang='lat' dir='ltr'><strong>Cassiodori</strong></span> <span class='ocrx_word' id='word_1_200' title='bbox 1544 1724 1571 1794; x_wconf 87' lang='lat' dir='ltr'><strong>(l</strong></span> <span class='ocrx_word' id='word_1_201' title='bbox 1593 1723 1685 1780; x_wconf 84' lang='lat' dir='ltr'><strong>Psal.</strong></span> <span class='ocrx_word' id='word_1_202' title='bbox 1704 1724 1748 1792; x_wconf 78' lang='lat' dir='ltr'><strong>cr)</strong></span> <span class='ocrx_word' id='word_1_203' title='bbox 1770 1738 1916 1793; x_wconf 78' lang='lat' dir='ltr'><strong>rcpmcn·</strong></span> 
     </span>
    </p>

    <p class='ocr_par' dir='ltr' id='par_1_5' title="bbox 117 1809 1915 3043">
     <span class='ocr_line' id='line_1_17' title="bbox 176 1809 1915 1885; baseline -0.001 -17"><span class='ocrx_word' id='word_1_204' title='bbox 176 1812 285 1879; x_wconf 61' lang='lat' dir='ltr'><strong>umus,</strong></span> <span class='ocrx_word' id='word_1_205' title='bbox 306 1809 373 1882; x_wconf 83' lang='lat' dir='ltr'><strong>ejus</strong></span> <span class='ocrx_word' id='word_1_206' title='bbox 394 1812 503 1882; x_wconf 88' lang='lat' dir='ltr'><strong>quippe</strong></span> <span class='ocrx_word' id='word_1_207' title='bbox 523 1811 559 1866; x_wconf 91' lang='lat' dir='ltr'><strong>de</strong></span> <span class='ocrx_word' id='word_1_208' title='bbox 580 1812 629 1867; x_wconf 91' lang='lat' dir='ltr'><strong>illo</strong></span> <span class='ocrx_word' id='word_1_209' title='bbox 653 1814 852 1868; x_wconf 90' lang='lat' dir='ltr'><strong>testimonium</strong></span> <span class='ocrx_word' id='word_1_210' title='bbox 872 1813 1000 1885; x_wconf 87' lang='lat' dir='ltr'><strong>legimus</strong></span> <span class='ocrx_word' id='word_1_211' title='bbox 1015 1814 1045 1870; x_wconf 92' lang='lat' dir='ltr'><strong>iu</strong></span> <span class='ocrx_word' id='word_1_212' title='bbox 1065 1814 1130 1869; x_wconf 87' lang='lat' dir='ltr'><strong>baec</strong></span> <span class='ocrx_word' id='word_1_213' title='bbox 1146 1815 1255 1870; x_wconf 86' lang='lat' dir='ltr'><strong>verba:</strong></span> <span class='ocrx_word' id='word_1_214' title='bbox 1278 1814 1355 1869; x_wconf 88' lang='lat' dir='ltr'><strong>Hinc</strong></span> <span class='ocrx_word' id='word_1_215' title='bbox 1370 1813 1459 1869; x_wconf 87' lang='lat' dir='ltr'><strong>etiam</strong></span> <span class='ocrx_word' id='word_1_216' title='bbox 1474 1814 1574 1869; x_wconf 87' lang='lat' dir='ltr'><strong>sancti</strong></span> <span class='ocrx_word' id='word_1_217' title='bbox 1588 1812 1758 1868; x_wconf 82' lang='lat' dir='ltr'><strong>Ambrosii</strong></span> <span class='ocrx_word' id='word_1_218' title='bbox 1776 1812 1915 1868; x_wconf 68' lang='lat' dir='ltr'><strong>semein</strong></span> 
     </span>
     <span class='ocr_line' id='line_1_18' title="bbox 176 1898 1915 1974; baseline 0 -18"><span class='ocrx_word' id='word_1_219' title='bbox 176 1898 350 1971; x_wconf 77' lang='lat' dir='ltr'><strong>Apostolum</strong></span> <span class='ocrx_word' id='word_1_220' title='bbox 366 1899 447 1955; x_wconf 77' lang='lat' dir='ltr'><strong>horre</strong></span> <span class='ocrx_word' id='word_1_221' title='bbox 462 1907 557 1956; x_wconf 69' lang='lat' dir='ltr'><strong>sertae</strong></span> <span class='ocrx_word' id='word_1_222' title='bbox 568 1916 673 1957; x_wconf 87' lang='lat' dir='ltr'><strong>roseas</strong></span> <span class='ocrx_word' id='word_1_223' title='bbox 683 1901 810 1974; x_wconf 79' lang='lat' dir='ltr'><strong>hymnus</strong></span> <span class='ocrx_word' id='word_1_224' title='bbox 820 1901 871 1958; x_wconf 90' lang='lat' dir='ltr'><strong>ille</strong></span> <span class='ocrx_word' id='word_1_225' title='bbox 883 1902 1032 1968; x_wconf 86' lang='lat' dir='ltr'><strong>redoluit;</strong></span> <span class='ocrx_word' id='word_1_226' title='bbox 1046 1904 1089 1959; x_wconf 90' lang='lat' dir='ltr'><strong>ait</strong></span> <span class='ocrx_word' id='word_1_227' title='bbox 1100 1904 1194 1959; x_wconf 87' lang='lat' dir='ltr'><strong>enim:</strong></span> <span class='ocrx_word' id='word_1_228' title='bbox 1210 1902 1310 1959; x_wconf 87' lang='lat' dir='ltr'><strong>Oraba</strong></span> <span class='ocrx_word' id='word_1_229' title='bbox 1318 1909 1419 1958; x_wconf 83' lang='lat' dir='ltr'><strong>niente</strong></span> <span class='ocrx_word' id='word_1_230' title='bbox 1427 1902 1595 1973; x_wconf 86' lang='lat' dir='ltr'><strong>llonrinum,</strong></span> <span class='ocrx_word' id='word_1_231' title='bbox 1607 1908 1669 1958; x_wconf 89' lang='lat' dir='ltr'><strong>otc.</strong></span> <span class='ocrx_word' id='word_1_232' title='bbox 1685 1901 1794 1973; x_wconf 80' lang='lat' dir='ltr'><strong>Neque</strong></span> <span class='ocrx_word' id='word_1_233' title='bbox 1803 1901 1915 1956; x_wconf 75' lang='lat' dir='ltr'><strong>remia</strong></span> 
     </span>
     <span class='ocr_line' id='line_1_19' title="bbox 177 1987 1915 2064; baseline 0 -19"><span class='ocrx_word' id='word_1_234' title='bbox 177 1987 330 2045; x_wconf 63' lang='lat' dir='ltr'><strong>&amp;nataris</strong></span> <span class='ocrx_word' id='word_1_235' title='bbox 350 1988 487 2044; x_wconf 85' lang='lat' dir='ltr'><strong>laudibus</strong></span> <span class='ocrx_word' id='word_1_236' title='bbox 508 1989 557 2046; x_wconf 91' lang='lat' dir='ltr'><strong>hic</strong></span> <span class='ocrx_word' id='word_1_237' title='bbox 572 1990 701 2061; x_wconf 74' lang='lat' dir='ltr'><strong>hymnus</strong></span> <span class='ocrx_word' id='word_1_238' title='bbox 721 1991 863 2063; x_wconf 86' lang='lat' dir='ltr'><strong>indignus</strong></span> <span class='ocrx_word' id='word_1_239' title='bbox 877 1995 934 2060; x_wconf 89' lang='lat' dir='ltr'><strong>est,</strong></span> <span class='ocrx_word' id='word_1_240' title='bbox 951 1993 977 2047; x_wconf 88' lang='lat' dir='ltr'><strong>si</strong></span> <span class='ocrx_word' id='word_1_241' title='bbox 993 1994 1194 2050; x_wconf 88' lang='lat' dir='ltr'><strong>tantummodo</strong></span> <span class='ocrx_word' id='word_1_242' title='bbox 1209 1996 1360 2064; x_wconf 82' lang='lat' dir='ltr'><strong>spectetur</strong></span> <span class='ocrx_word' id='word_1_243' title='bbox 1382 2007 1511 2062; x_wconf 80' lang='lat' dir='ltr'><strong>sensus3</strong></span> <span class='ocrx_word' id='word_1_244' title='bbox 1535 1996 1753 2048; x_wconf 86' lang='lat' dir='ltr'><strong>verumtamen</strong></span> <span class='ocrx_word' id='word_1_245' title='bbox 1765 1991 1799 2045; x_wconf 87' lang='lat' dir='ltr'><strong>in</strong></span> <span class='ocrx_word' id='word_1_246' title='bbox 1811 1990 1915 2046; x_wconf 74' lang='lat' dir='ltr'><strong>dubim</strong></span> 
     </span>
     <span class='ocr_line' id='line_1_20' title="bbox 178 2076 1915 2153; baseline 0.002 -21"><span class='ocrx_word' id='word_1_247' title='bbox 178 2076 397 2132; x_wconf 82' lang='lat' dir='ltr'><strong>necimmerito</strong></span> <span class='ocrx_word' id='word_1_248' title='bbox 414 2079 546 2133; x_wconf 89' lang='lat' dir='ltr'><strong>revocari</strong></span> <span class='ocrx_word' id='word_1_249' title='bbox 562 2084 669 2150; x_wconf 88' lang='lat' dir='ltr'><strong>potest,</strong></span> <span class='ocrx_word' id='word_1_250' title='bbox 687 2096 756 2135; x_wconf 83' lang='lat' dir='ltr'><strong>rium</strong></span> <span class='ocrx_word' id='word_1_251' title='bbox 773 2096 843 2136; x_wconf 81' lang='lat' dir='ltr'><strong>rere</strong></span> <span class='ocrx_word' id='word_1_252' title='bbox 863 2082 899 2136; x_wconf 88' lang='lat' dir='ltr'><strong>ab</strong></span> <span class='ocrx_word' id='word_1_253' title='bbox 920 2081 1081 2139; x_wconf 71' lang='lat' dir='ltr'><strong>Ambrosio</strong></span> <span class='ocrx_word' id='word_1_254' title='bbox 1095 2081 1182 2138; x_wconf 86' lang='lat' dir='ltr'><strong>inerit</strong></span> <span class='ocrx_word' id='word_1_255' title='bbox 1202 2081 1395 2152; x_wconf 91' lang='lat' dir='ltr'><strong>compositus,</strong></span> <span class='ocrx_word' id='word_1_256' title='bbox 1413 2097 1480 2137; x_wconf 89' lang='lat' dir='ltr'><strong>cum</strong></span> <span class='ocrx_word' id='word_1_257' title='bbox 1499 2081 1530 2136; x_wconf 90' lang='lat' dir='ltr'><strong>in</strong></span> <span class='ocrx_word' id='word_1_258' title='bbox 1549 2080 1660 2137; x_wconf 89' lang='lat' dir='ltr'><strong>eodem</strong></span> <span class='ocrx_word' id='word_1_259' title='bbox 1688 2079 1778 2153; x_wconf 80' lang='lat' dir='ltr'><strong>loges</strong></span> <span class='ocrx_word' id='word_1_260' title='bbox 1794 2079 1915 2136; x_wconf 74' lang='lat' dir='ltr'><strong>cassinis</strong></span> 
     </span>
     <span class='ocr_line' id='line_1_21' title="bbox 177 2167 1915 2242; baseline 0.002 -23"><span class='ocrx_word' id='word_1_261' title='bbox 177 2181 304 2239; x_wconf 89' lang='lat' dir='ltr'><strong>prorsus</strong></span> <span class='ocrx_word' id='word_1_262' title='bbox 320 2167 519 2240; x_wconf 86' lang='lat' dir='ltr'><strong>negligantur.</strong></span> <span class='ocrx_word' id='word_1_263' title='bbox 538 2168 651 2224; x_wconf 80' lang='lat' dir='ltr'><strong>Etenim</strong></span> <span class='ocrx_word' id='word_1_264' title='bbox 667 2185 705 2225; x_wconf 82' lang='lat' dir='ltr'><strong>ex</strong></span> <span class='ocrx_word' id='word_1_265' title='bbox 725 2169 763 2224; x_wconf 90' lang='lat' dir='ltr'><strong>iis</strong></span> <span class='ocrx_word' id='word_1_266' title='bbox 784 2171 933 2239; x_wconf 88' lang='lat' dir='ltr'><strong>omnibns,</strong></span> <span class='ocrx_word' id='word_1_267' title='bbox 951 2171 986 2224; x_wconf 91' lang='lat' dir='ltr'><strong>de</strong></span> <span class='ocrx_word' id='word_1_268' title='bbox 1010 2170 1119 2242; x_wconf 89' lang='lat' dir='ltr'><strong>quibus</strong></span> <span class='ocrx_word' id='word_1_269' title='bbox 1133 2169 1195 2242; x_wconf 77' lang='lat' dir='ltr'><strong>J&#39;am</strong></span> <span class='ocrx_word' id='word_1_270' title='bbox 1215 2173 1281 2226; x_wconf 89' lang='lat' dir='ltr'><strong>ante</strong></span> <span class='ocrx_word' id='word_1_271' title='bbox 1301 2186 1317 2224; x_wconf 92' lang='lat' dir='ltr'><strong>a</strong></span> <span class='ocrx_word' id='word_1_272' title='bbox 1339 2169 1426 2226; x_wconf 90' lang='lat' dir='ltr'><strong>nobis</strong></span> <span class='ocrx_word' id='word_1_273' title='bbox 1446 2169 1557 2225; x_wconf 88' lang='lat' dir='ltr'><strong>dictum</strong></span> <span class='ocrx_word' id='word_1_274' title='bbox 1576 2173 1636 2238; x_wconf 86' lang='lat' dir='ltr'><strong>est,</strong></span> <span class='ocrx_word' id='word_1_275' title='bbox 1658 2168 1745 2224; x_wconf 78' lang='lat' dir='ltr'><strong>ctam</strong></span> <span class='ocrx_word' id='word_1_276' title='bbox 1769 2167 1915 2224; x_wconf 64' lang='lat' dir='ltr'><strong>aarum</strong></span> 
     </span>
     <span class='ocr_line' id='line_1_22' title="bbox 177 2254 1914 2332; baseline 0.002 -23"><span class='ocrx_word' id='word_1_277' title='bbox 177 2254 346 2324; x_wconf 76' lang='lat' dir='ltr'><strong>peritiorem</strong></span> <span class='ocrx_word' id='word_1_278' title='bbox 361 2257 515 2313; x_wconf 83' lang='lat' dir='ltr'><strong>exstitisse</strong></span> <span class='ocrx_word' id='word_1_279' title='bbox 531 2257 561 2313; x_wconf 94' lang='lat' dir='ltr'><strong>in</strong></span> <span class='ocrx_word' id='word_1_280' title='bbox 574 2258 630 2313; x_wconf 90' lang='lat' dir='ltr'><strong>hcc</strong></span> <span class='ocrx_word' id='word_1_281' title='bbox 647 2274 758 2330; x_wconf 88' lang='lat' dir='ltr'><strong>genero</strong></span> <span class='ocrx_word' id='word_1_282' title='bbox 773 2265 908 2315; x_wconf 85' lang='lat' dir='ltr'><strong>sanctum</strong></span> <span class='ocrx_word' id='word_1_283' title='bbox 924 2261 1102 2331; x_wconf 75' lang='lat' dir='ltr'><strong>Antistitcm,</strong></span> <span class='ocrx_word' id='word_1_284' title='bbox 1120 2275 1208 2332; x_wconf 90' lang='lat' dir='ltr'><strong>quum</strong></span> <span class='ocrx_word' id='word_1_285' title='bbox 1227 2264 1260 2314; x_wconf 91' lang='lat' dir='ltr'><strong>nt</strong></span> <span class='ocrx_word' id='word_1_286' title='bbox 1273 2264 1331 2315; x_wconf 91' lang='lat' dir='ltr'><strong>tam</strong></span> <span class='ocrx_word' id='word_1_287' title='bbox 1345 2259 1453 2316; x_wconf 89' lang='lat' dir='ltr'><strong>crebro</strong></span> <span class='ocrx_word' id='word_1_288' title='bbox 1468 2257 1662 2331; x_wconf 76' lang='lat' dir='ltr'><strong>impingeret.</strong></span> <span class='ocrx_word' id='word_1_289' title='bbox 1681 2256 1744 2313; x_wconf 82' lang='lat' dir='ltr'><strong>Sed</strong></span> <span class='ocrx_word' id='word_1_290' title='bbox 1762 2256 1914 2313; x_wconf 73' lang='lat' dir='ltr'><strong>cassiodori</strong></span> 
     </span>
     <span class='ocr_line' id='line_1_23' title="bbox 177 2345 1913 2419; baseline 0 -19"><span class='ocrx_word' id='word_1_291' title='bbox 177 2358 236 2400; x_wconf 87' lang='lat' dir='ltr'><strong>uon</strong></span> <span class='ocrx_word' id='word_1_292' title='bbox 255 2345 423 2416; x_wconf 88' lang='lat' dir='ltr'><strong>putavimus</strong></span> <span class='ocrx_word' id='word_1_293' title='bbox 443 2347 611 2419; x_wconf 88' lang='lat' dir='ltr'><strong>negandum</strong></span> <span class='ocrx_word' id='word_1_294' title='bbox 630 2349 806 2418; x_wconf 83' lang='lat' dir='ltr'><strong>auctoritati,</strong></span> <span class='ocrx_word' id='word_1_295' title='bbox 830 2355 860 2405; x_wconf 90' lang='lat' dir='ltr'><strong>ut</strong></span> <span class='ocrx_word' id='word_1_296' title='bbox 883 2349 959 2405; x_wconf 89' lang='lat' dir='ltr'><strong>inlor</strong></span> <span class='ocrx_word' id='word_1_297' title='bbox 978 2349 1129 2406; x_wconf 79' lang='lat' dir='ltr'><strong>Ambrosii</strong></span> <span class='ocrx_word' id='word_1_298' title='bbox 1153 2350 1248 2405; x_wconf 90' lang='lat' dir='ltr'><strong>nostri</strong></span> <span class='ocrx_word' id='word_1_299' title='bbox 1270 2349 1400 2405; x_wconf 87' lang='lat' dir='ltr'><strong>carmina</strong></span> <span class='ocrx_word' id='word_1_300' title='bbox 1419 2347 1637 2403; x_wconf 84' lang='lat' dir='ltr'><strong>suavissimum</strong></span> <span class='ocrx_word' id='word_1_301' title='bbox 1658 2346 1738 2402; x_wconf 89' lang='lat' dir='ltr'><strong>illud</strong></span> <span class='ocrx_word' id='word_1_302' title='bbox 1756 2345 1913 2418; x_wconf 74' lang='lat' dir='ltr'><strong>poematium</strong></span> 
     </span>
     <span class='ocr_line' id='line_1_24' title="bbox 177 2434 347 2505; baseline 0.006 -17"><span class='ocrx_word' id='word_1_303' title='bbox 177 2434 347 2505; x_wconf 87' lang='lat' dir='ltr'><strong>recipiatur.</strong></span> 
     </span>
     <span class='ocr_line' id='line_1_25' title="bbox 117 2522 1912 2601; baseline 0 -23"><span class='ocrx_word' id='word_1_304' title='bbox 117 2527 123 2538; x_wconf 88' lang='lat'>’</span> <span class='ocrx_word' id='word_1_305' title='bbox 212 2522 335 2594; x_wconf 83' lang='lat' dir='ltr'><strong>Septimi</strong></span> <span class='ocrx_word' id='word_1_306' title='bbox 350 2524 449 2595; x_wconf 71' lang='lat' dir='ltr'><strong>hymni</strong></span> <span class='ocrx_word' id='word_1_307' title='bbox 465 2527 578 2597; x_wconf 88' lang='lat' dir='ltr'><strong>primus</strong></span> <span class='ocrx_word' id='word_1_308' title='bbox 595 2528 764 2584; x_wconf 86' lang='lat' dir='ltr'><strong>versiculus</strong></span> <span class='ocrx_word' id='word_1_309' title='bbox 781 2529 819 2584; x_wconf 90' lang='lat' dir='ltr'><strong>ita</strong></span> <span class='ocrx_word' id='word_1_310' title='bbox 835 2534 1014 2584; x_wconf 88' lang='lat' dir='ltr'><strong>memoratur</strong></span> <span class='ocrx_word' id='word_1_311' title='bbox 1027 2528 1103 2601; x_wconf 90' lang='lat' dir='ltr'><strong>apud</strong></span> <span class='ocrx_word' id='word_1_312' title='bbox 1119 2528 1229 2583; x_wconf 89' lang='lat' dir='ltr'><strong>Bedam</strong></span> <span class='ocrx_word' id='word_1_313' title='bbox 1245 2528 1302 2598; x_wconf 84' lang='lat' dir='ltr'><strong>(De</strong></span> <span class='ocrx_word' id='word_1_314' title='bbox 1316 2527 1394 2583; x_wconf 84' lang='lat' dir='ltr'><strong>Arte</strong></span> <span class='ocrx_word' id='word_1_315' title='bbox 1408 2529 1508 2596; x_wconf 87' lang='lat' dir='ltr'><strong>metr.)</strong></span> <span class='ocrx_word' id='word_1_316' title='bbox 1521 2547 1530 2580; x_wconf 90' lang='lat'><em>:</em></span> <span class='ocrx_word' id='word_1_317' title='bbox 1545 2525 1610 2582; x_wconf 89' lang='lat' dir='ltr'><strong>Sed</strong></span> <span class='ocrx_word' id='word_1_318' title='bbox 1629 2531 1664 2581; x_wconf 83' lang='lat' dir='ltr'><strong>et</strong></span> <span class='ocrx_word' id='word_1_319' title='bbox 1687 2524 1876 2581; x_wconf 73' lang='lat' dir='ltr'><strong>Ambrosium</strong></span> <span class='ocrx_word' id='word_1_320' title='bbox 1887 2537 1912 2578; x_wconf 84' lang='lat' dir='ltr'><strong>et</strong></span> 
     </span>
     <span class='ocr_line' id='line_1_26' title="bbox 178 2612 1912 2690; baseline 0.001 -24"><span class='ocrx_word' id='word_1_321' title='bbox 178 2612 307 2667; x_wconf 77' lang='lat' dir='ltr'><strong>maxime</strong></span> <span class='ocrx_word' id='word_1_322' title='bbox 322 2620 447 2669; x_wconf 86' lang='lat' dir='ltr'><strong>currunt</strong></span> <span class='ocrx_word' id='word_1_323' title='bbox 460 2631 466 2670; x_wconf 91' lang='lat'>:</span> <span class='ocrx_word' id='word_1_324' title='bbox 478 2614 628 2687; x_wconf 84' lang='lat' dir='ltr'><strong>Splendor</strong></span> <span class='ocrx_word' id='word_1_325' title='bbox 640 2624 776 2689; x_wconf 71' lang='lat' dir='ltr'><strong>paternae</strong></span> <span class='ocrx_word' id='word_1_326' title='bbox 789 2618 906 2690; x_wconf 78' lang='lat' dir='ltr'><strong>plorim.</strong></span> <span class='ocrx_word' id='word_1_327' title='bbox 922 2617 975 2671; x_wconf 86' lang='lat' dir='ltr'><strong>Cui</strong></span> <span class='ocrx_word' id='word_1_328' title='bbox 990 2617 1140 2673; x_wconf 81' lang='lat' dir='ltr'><strong>versiculo</strong></span> <span class='ocrx_word' id='word_1_329' title='bbox 1160 2618 1211 2673; x_wconf 93' lang='lat' dir='ltr'><strong>ubi</strong></span> <span class='ocrx_word' id='word_1_330' title='bbox 1232 2616 1362 2688; x_wconf 85' lang='lat' dir='ltr'><strong>subjecit</strong></span> <span class='ocrx_word' id='word_1_331' title='bbox 1380 2616 1493 2688; x_wconf 90' lang='lat' dir='ltr'><strong>primos</strong></span> <span class='ocrx_word' id='word_1_332' title='bbox 1512 2619 1574 2670; x_wconf 88' lang='lat' dir='ltr'><strong>tros</strong></span> <span class='ocrx_word' id='word_1_333' title='bbox 1594 2615 1676 2670; x_wconf 88' lang='lat' dir='ltr'><strong>alios</strong></span> <span class='ocrx_word' id='word_1_334' title='bbox 1698 2614 1789 2670; x_wconf 87' lang='lat' dir='ltr'><strong>trium</strong></span> <span class='ocrx_word' id='word_1_335' title='bbox 1807 2614 1912 2684; x_wconf 66' lang='lat' dir='ltr'><strong>hymno</strong></span> 
     </span>
     <span class='ocr_line' id='line_1_27' title="bbox 178 2701 1910 2778; baseline 0.001 -22"><span class='ocrx_word' id='word_1_336' title='bbox 178 2716 255 2769; x_wconf 91' lang='lat' dir='ltr'><strong>rum,</strong></span> <span class='ocrx_word' id='word_1_337' title='bbox 270 2701 307 2755; x_wconf 88' lang='lat' dir='ltr'><strong>de</strong></span> <span class='ocrx_word' id='word_1_338' title='bbox 323 2702 432 2773; x_wconf 80' lang='lat' dir='ltr'><strong>qiiibus</strong></span> <span class='ocrx_word' id='word_1_339' title='bbox 443 2703 506 2774; x_wconf 81' lang='lat' dir='ltr'><strong>jam</strong></span> <span class='ocrx_word' id='word_1_340' title='bbox 522 2707 649 2777; x_wconf 84' lang='lat' dir='ltr'><strong>egimus,</strong></span> <span class='ocrx_word' id='word_1_341' title='bbox 668 2706 723 2760; x_wconf 88' lang='lat' dir='ltr'><strong>hoc</strong></span> <span class='ocrx_word' id='word_1_342' title='bbox 740 2707 825 2763; x_wconf 92' lang='lat' dir='ltr'><strong>modo</strong></span> <span class='ocrx_word' id='word_1_343' title='bbox 841 2707 1049 2778; x_wconf 85' lang='lat' dir='ltr'><strong>prosequitur:</strong></span> <span class='ocrx_word' id='word_1_344' title='bbox 1065 2706 1107 2762; x_wconf 77' lang='lat' dir='ltr'><strong>Et</strong></span> <span class='ocrx_word' id='word_1_345' title='bbox 1122 2706 1226 2761; x_wconf 80' lang='lat' dir='ltr'><strong>ceteri</strong></span> <span class='ocrx_word' id='word_1_346' title='bbox 1238 2706 1408 2778; x_wconf 84' lang='lat' dir='ltr'><strong>perplures,</strong></span> <span class='ocrx_word' id='word_1_347' title='bbox 1423 2705 1455 2760; x_wconf 89' lang='lat' dir='ltr'><strong>in</strong></span> <span class='ocrx_word' id='word_1_348' title='bbox 1472 2704 1580 2777; x_wconf 81' lang='lat' dir='ltr'><strong>quibus</strong></span> <span class='ocrx_word' id='word_1_349' title='bbox 1592 2703 1809 2776; x_wconf 77' lang='lat' dir='ltr'><strong>pulcherrimo</strong></span> <span class='ocrx_word' id='word_1_350' title='bbox 1821 2709 1863 2758; x_wconf 84' lang='lat' dir='ltr'><strong>est</strong></span> <span class='ocrx_word' id='word_1_351' title='bbox 1874 2703 1910 2758; x_wconf 77' lang='lat' dir='ltr'><strong>de</strong></span> 
     </span>
     <span class='ocr_line' id='line_1_28' title="bbox 179 2790 1908 2868; baseline 0.004 -28"><span class='ocrx_word' id='word_1_352' title='bbox 179 2802 248 2842; x_wconf 86' lang='lat' dir='ltr'><strong>core</strong></span> <span class='ocrx_word' id='word_1_353' title='bbox 263 2790 439 2860; x_wconf 82' lang='lat' dir='ltr'><strong>corirpositus</strong></span> <span class='ocrx_word' id='word_1_354' title='bbox 454 2793 580 2865; x_wconf 69' lang='lat' dir='ltr'><strong>lupianus</strong></span> <span class='ocrx_word' id='word_1_355' title='bbox 596 2795 748 2850; x_wconf 87' lang='lat' dir='ltr'><strong>beatorum</strong></span> <span class='ocrx_word' id='word_1_356' title='bbox 765 2802 951 2868; x_wconf 71' lang='lat' dir='ltr'><strong>martyrum:</strong></span> <span class='ocrx_word' id='word_1_357' title='bbox 967 2796 1100 2851; x_wconf 85' lang='lat' dir='ltr'><strong>AEterna</strong></span> <span class='ocrx_word' id='word_1_358' title='bbox 1116 2796 1233 2850; x_wconf 87' lang='lat' dir='ltr'><strong>Christi</strong></span> <span class='ocrx_word' id='word_1_359' title='bbox 1247 2811 1380 2862; x_wconf 86' lang='lat' dir='ltr'><strong>munera,</strong></span> <span class='ocrx_word' id='word_1_360' title='bbox 1398 2798 1454 2849; x_wconf 90' lang='lat' dir='ltr'><strong>etc.</strong></span> <span class='ocrx_word' id='word_1_361' title='bbox 1470 2794 1536 2849; x_wconf 86' lang='lat' dir='ltr'><strong>Non</strong></span> <span class='ocrx_word' id='word_1_362' title='bbox 1552 2792 1678 2849; x_wconf 83' lang='lat' dir='ltr'><strong>videtur</strong></span> <span class='ocrx_word' id='word_1_363' title='bbox 1692 2798 1795 2848; x_wconf 89' lang='lat' dir='ltr'><strong>autem</strong></span> <span class='ocrx_word' id='word_1_364' title='bbox 1803 2807 1908 2848; x_wconf 80' lang='lat' dir='ltr'><strong>commo</strong></span> 
     </span>
     <span class='ocr_line' id='line_1_29' title="bbox 178 2875 1909 2958; baseline 0.004 -27"><span class='ocrx_word' id='word_1_365' title='bbox 178 2875 253 2932; x_wconf 90' lang='lat' dir='ltr'><strong>diori</strong></span> <span class='ocrx_word' id='word_1_366' title='bbox 269 2891 361 2933; x_wconf 88' lang='lat' dir='ltr'><strong>sensu</strong></span> <span class='ocrx_word' id='word_1_367' title='bbox 376 2881 470 2952; x_wconf 89' lang='lat' dir='ltr'><strong>accipi</strong></span> <span class='ocrx_word' id='word_1_368' title='bbox 486 2897 576 2952; x_wconf 88' lang='lat' dir='ltr'><strong>passe</strong></span> <span class='ocrx_word' id='word_1_369' title='bbox 592 2884 649 2939; x_wconf 90' lang='lat' dir='ltr'><strong>hoc</strong></span> <span class='ocrx_word' id='word_1_370' title='bbox 665 2885 876 2952; x_wconf 88' lang='lat' dir='ltr'><strong>testimonium,</strong></span> <span class='ocrx_word' id='word_1_371' title='bbox 893 2901 982 2957; x_wconf 88' lang='lat' dir='ltr'><strong>quam</strong></span> <span class='ocrx_word' id='word_1_372' title='bbox 997 2885 1025 2940; x_wconf 93' lang='lat' dir='ltr'><strong>si</strong></span> <span class='ocrx_word' id='word_1_373' title='bbox 1039 2885 1175 2942; x_wconf 88' lang='lat' dir='ltr'><strong>eumdem</strong></span> <span class='ocrx_word' id='word_1_374' title='bbox 1194 2885 1335 2958; x_wconf 69' lang='lat' dir='ltr'><strong>hymnum</strong></span> <span class='ocrx_word' id='word_1_375' title='bbox 1356 2883 1515 2941; x_wconf 75' lang='lat' dir='ltr'><strong>Ambrosia</strong></span> <span class='ocrx_word' id='word_1_376' title='bbox 1535 2898 1590 2956; x_wconf 90' lang='lat' dir='ltr'><strong>par</strong></span> <span class='ocrx_word' id='word_1_377' title='bbox 1603 2883 1684 2939; x_wconf 89' lang='lat' dir='ltr'><strong>illud</strong></span> <span class='ocrx_word' id='word_1_378' title='bbox 1704 2882 1827 2940; x_wconf 80' lang='lat' dir='ltr'><strong>attribui</strong></span> <span class='ocrx_word' id='word_1_379' title='bbox 1840 2882 1909 2938; x_wconf 78' lang='lat' dir='ltr'><strong>iater-</strong></span> 
     </span>
     <span class='ocr_line' id='line_1_30' title="bbox 178 2967 1210 3043; baseline 0.013 -25"><span class='ocrx_word' id='word_1_380' title='bbox 178 2967 346 3036; x_wconf 87' lang='lat' dir='ltr'><strong>pretemur:</strong></span> <span class='ocrx_word' id='word_1_381' title='bbox 363 2983 422 3040; x_wconf 89' lang='lat' dir='ltr'><strong>qno</strong></span> <span class='ocrx_word' id='word_1_382' title='bbox 438 2970 557 3042; x_wconf 88' lang='lat' dir='ltr'><strong>quidem</strong></span> <span class='ocrx_word' id='word_1_383' title='bbox 572 2973 690 3028; x_wconf 86' lang='lat' dir='ltr'><strong>nomine</strong></span> <span class='ocrx_word' id='word_1_384' title='bbox 707 2973 804 3043; x_wconf 91' lang='lat' dir='ltr'><strong>ipsum</strong></span> <span class='ocrx_word' id='word_1_385' title='bbox 819 2974 994 3030; x_wconf 88' lang='lat' dir='ltr'><strong>admisimus</strong></span> <span class='ocrx_word' id='word_1_386' title='bbox 1010 2979 1114 3031; x_wconf 78' lang='lat' dir='ltr'><strong>oetam</strong></span> <span class='ocrx_word' id='word_1_387' title='bbox 1133 2974 1210 3031; x_wconf 88' lang='lat' dir='ltr'><strong>loco.</strong></span> 
     </span>
    </p>

    <p class='ocr_par' dir='ltr' id='par_1_6' title="bbox 175 3053 1946 3832">
     <span class='ocr_line' id='line_1_31' title="bbox 215 3053 1909 3135; baseline 0.004 -26"><span class='ocrx_word' id='word_1_388' title='bbox 215 3053 343 3126; x_wconf 90' lang='lat' dir='ltr'><strong>Nonum,</strong></span> <span class='ocrx_word' id='word_1_389' title='bbox 364 3056 521 3128; x_wconf 89' lang='lat' dir='ltr'><strong>decimum,</strong></span> <span class='ocrx_word' id='word_1_390' title='bbox 539 3065 625 3133; x_wconf 87' lang='lat' dir='ltr'><strong>atque</strong></span> <span class='ocrx_word' id='word_1_391' title='bbox 647 3062 836 3119; x_wconf 88' lang='lat' dir='ltr'><strong>undecimum</strong></span> <span class='ocrx_word' id='word_1_392' title='bbox 854 3063 941 3120; x_wconf 90' lang='lat' dir='ltr'><strong>nobis</strong></span> <span class='ocrx_word' id='word_1_393' title='bbox 964 3063 1104 3120; x_wconf 86' lang='lat' dir='ltr'><strong>indicavit</strong></span> <span class='ocrx_word' id='word_1_394' title='bbox 1123 3064 1303 3120; x_wconf 87' lang='lat' dir='ltr'><strong>liincmarus</strong></span> <span class='ocrx_word' id='word_1_395' title='bbox 1330 3064 1490 3121; x_wconf 81' lang='lat' dir='ltr'><strong>Remorum</strong></span> <span class='ocrx_word' id='word_1_396' title='bbox 1511 3062 1679 3135; x_wconf 88' lang='lat' dir='ltr'><strong>episcopus</strong></span> <span class='ocrx_word' id='word_1_397' title='bbox 1699 3063 1759 3132; x_wconf 86' lang='lat' dir='ltr'><strong>(De</strong></span> <span class='ocrx_word' id='word_1_398' title='bbox 1780 3078 1835 3119; x_wconf 83' lang='lat' dir='ltr'><strong>noa</strong></span> <span class='ocrx_word' id='word_1_399' title='bbox 1849 3063 1909 3116; x_wconf 84' lang='lat' dir='ltr'><strong>triu</strong></span> 
     </span>
     <span class='ocr_line' id='line_1_32' title="bbox 184 3141 1909 3225; baseline 0.006 -28"><span class='ocrx_word' id='word_1_400' title='bbox 184 3141 616 3217; x_wconf 83' lang='lat' dir='ltr'><strong>T1·in.),cujusanctoritaiem</strong></span> <span class='ocrx_word' id='word_1_401' title='bbox 638 3151 693 3205; x_wconf 88' lang='lat' dir='ltr'><strong>hnc</strong></span> <span class='ocrx_word' id='word_1_402' title='bbox 714 3152 742 3206; x_wconf 93' lang='lat' dir='ltr'><strong>in</strong></span> <span class='ocrx_word' id='word_1_403' title='bbox 759 3168 791 3208; x_wconf 88' lang='lat' dir='ltr'><strong>rc</strong></span> <span class='ocrx_word' id='word_1_404' title='bbox 811 3153 993 3224; x_wconf 87' lang='lat' dir='ltr'><strong>sequendam</strong></span> <span class='ocrx_word' id='word_1_405' title='bbox 1013 3169 1047 3208; x_wconf 92' lang='lat' dir='ltr'><strong>eo</strong></span> <span class='ocrx_word' id='word_1_406' title='bbox 1063 3168 1157 3225; x_wconf 86' lang='lat' dir='ltr'><strong>usque</strong></span> <span class='ocrx_word' id='word_1_407' title='bbox 1182 3153 1329 3224; x_wconf 81' lang='lat' dir='ltr'><strong>decimae,</strong></span> <span class='ocrx_word' id='word_1_408' title='bbox 1346 3155 1493 3224; x_wconf 87' lang='lat' dir='ltr'><strong>qnatenus</strong></span> <span class='ocrx_word' id='word_1_409' title='bbox 1513 3152 1562 3207; x_wconf 82' lang='lat' dir='ltr'><strong>vel</strong></span> <span class='ocrx_word' id='word_1_410' title='bbox 1582 3152 1692 3224; x_wconf 70' lang='lat' dir='ltr'><strong>hymni</strong></span> <span class='ocrx_word' id='word_1_411' title='bbox 1712 3154 1798 3209; x_wconf 85' lang='lat' dir='ltr'><strong>tauto</strong></span> <span class='ocrx_word' id='word_1_412' title='bbox 1816 3151 1909 3208; x_wconf 77' lang='lat' dir='ltr'><strong>nomint</strong></span> 
     </span>
     <span class='ocr_line' id='line_1_33' title="bbox 179 3227 1946 3313; baseline 0.007 -28"><span class='ocrx_word' id='word_1_413' title='bbox 179 3231 263 3304; x_wconf 91' lang='lat' dir='ltr'><strong>digni</strong></span> <span class='ocrx_word' id='word_1_414' title='bbox 278 3233 425 3308; x_wconf 82' lang='lat' dir='ltr'><strong>videntur,</strong></span> <span class='ocrx_word' id='word_1_415' title='bbox 442 3238 488 3293; x_wconf 88' lang='lat' dir='ltr'><strong>vel</strong></span> <span class='ocrx_word' id='word_1_416' title='bbox 508 3240 588 3297; x_wconf 90' lang='lat' dir='ltr'><strong>nulla</strong></span> <span class='ocrx_word' id='word_1_417' title='bbox 608 3241 682 3296; x_wconf 91' lang='lat' dir='ltr'><strong>rutio</strong></span> <span class='ocrx_word' id='word_1_418' title='bbox 703 3245 734 3297; x_wconf 91' lang='lat' dir='ltr'><strong>ut</strong></span> <span class='ocrx_word' id='word_1_419' title='bbox 757 3242 793 3297; x_wconf 93' lang='lat' dir='ltr'><strong>ab</strong></span> <span class='ocrx_word' id='word_1_420' title='bbox 815 3241 882 3313; x_wconf 89' lang='lat' dir='ltr'><strong>ejus</strong></span> <span class='ocrx_word' id='word_1_421' title='bbox 902 3242 1077 3298; x_wconf 68' lang='lat' dir='ltr'><strong>insudamus</strong></span> <span class='ocrx_word' id='word_1_422' title='bbox 1097 3243 1253 3312; x_wconf 85' lang='lat' dir='ltr'><strong>sententia,</strong></span> <span class='ocrx_word' id='word_1_423' title='bbox 1268 3243 1398 3299; x_wconf 90' lang='lat' dir='ltr'><strong>animum</strong></span> <span class='ocrx_word' id='word_1_424' title='bbox 1419 3241 1552 3313; x_wconf 88' lang='lat' dir='ltr'><strong>impellit.</strong></span> <span class='ocrx_word' id='word_1_425' title='bbox 1569 3242 1660 3311; x_wconf 90' lang='lat' dir='ltr'><strong>Nam,</strong></span> <span class='ocrx_word' id='word_1_426' title='bbox 1677 3241 1811 3313; x_wconf 76' lang='lat' dir='ltr'><strong>exempli</strong></span> <span class='ocrx_word' id='word_1_427' title='bbox 1828 3244 1908 3313; x_wconf 75' lang='lat' dir='ltr'><strong>gratia.</strong></span> <span class='ocrx_word' id='word_1_428' title='bbox 1941 3227 1946 3237; x_wconf 51' lang='lat'>⁸</span> 
     </span>
     <span class='ocr_line' id='line_1_34' title="bbox 180 3319 1909 3408; baseline 0.005 -31"><span class='ocrx_word' id='word_1_429' title='bbox 180 3319 338 3392; x_wconf 65' lang='lat' dir='ltr'><strong>hymnum:</strong></span> <span class='ocrx_word' id='word_1_430' title='bbox 355 3326 442 3382; x_wconf 85' lang='lat' dir='ltr'><strong>Nunc</strong></span> <span class='ocrx_word' id='word_1_431' title='bbox 457 3335 559 3408; x_wconf 83' lang='lat' dir='ltr'><strong>sancte</strong></span> <span class='ocrx_word' id='word_1_432' title='bbox 574 3330 662 3386; x_wconf 88' lang='lat' dir='ltr'><strong>nobis</strong></span> <span class='ocrx_word' id='word_1_433' title='bbox 676 3330 819 3402; x_wconf 83' lang='lat' dir='ltr'><strong>Spiritus,</strong></span> <span class='ocrx_word' id='word_1_434' title='bbox 836 3333 886 3403; x_wconf 79' lang='lat' dir='ltr'><strong>qui</strong></span> <span class='ocrx_word' id='word_1_435' title='bbox 902 3333 1017 3387; x_wconf 88' lang='lat' dir='ltr'><strong>canitur</strong></span> <span class='ocrx_word' id='word_1_436' title='bbox 1030 3332 1066 3387; x_wconf 91' lang='lat' dir='ltr'><strong>ad</strong></span> <span class='ocrx_word' id='word_1_437' title='bbox 1081 3332 1186 3388; x_wconf 90' lang='lat' dir='ltr'><strong>horam</strong></span> <span class='ocrx_word' id='word_1_438' title='bbox 1200 3332 1326 3402; x_wconf 89' lang='lat' dir='ltr'><strong>tertiam,</strong></span> <span class='ocrx_word' id='word_1_439' title='bbox 1343 3332 1379 3388; x_wconf 87' lang='lat' dir='ltr'><strong>ab</strong></span> <span class='ocrx_word' id='word_1_440' title='bbox 1395 3331 1555 3388; x_wconf 82' lang='lat' dir='ltr'><strong>Ambrosio</strong></span> <span class='ocrx_word' id='word_1_441' title='bbox 1570 3331 1748 3403; x_wconf 82' lang='lat' dir='ltr'><strong>proiectum</strong></span> <span class='ocrx_word' id='word_1_442' title='bbox 1762 3345 1833 3387; x_wconf 81' lang='lat' dir='ltr'><strong>esse</strong></span> <span class='ocrx_word' id='word_1_443' title='bbox 1844 3329 1909 3385; x_wconf 60' lang='lat' dir='ltr'><strong>nob</strong></span> 
     </span>
     <span class='ocr_line' id='line_1_35' title="bbox 178 3416 1908 3493; baseline 0.006 -28"><span class='ocrx_word' id='word_1_444' title='bbox 178 3425 237 3467; x_wconf 88' lang='lat' dir='ltr'><strong>non</strong></span> <span class='ocrx_word' id='word_1_445' title='bbox 253 3416 421 3484; x_wconf 89' lang='lat' dir='ltr'><strong>persuadet,</strong></span> <span class='ocrx_word' id='word_1_446' title='bbox 438 3433 505 3472; x_wconf 93' lang='lat' dir='ltr'><strong>cum</strong></span> <span class='ocrx_word' id='word_1_447' title='bbox 520 3418 658 3474; x_wconf 89' lang='lat' dir='ltr'><strong>videlicet</strong></span> <span class='ocrx_word' id='word_1_448' title='bbox 672 3420 761 3476; x_wconf 90' lang='lat' dir='ltr'><strong>alium</strong></span> <span class='ocrx_word' id='word_1_449' title='bbox 780 3420 953 3491; x_wconf 86' lang='lat' dir='ltr'><strong>habeamus,</strong></span> <span class='ocrx_word' id='word_1_450' title='bbox 971 3436 1058 3493; x_wconf 88' lang='lat' dir='ltr'><strong>quom</strong></span> <span class='ocrx_word' id='word_1_451' title='bbox 1077 3436 1094 3475; x_wconf 84' lang='lat' dir='ltr'><strong>a</strong></span> <span class='ocrx_word' id='word_1_452' title='bbox 1114 3423 1217 3476; x_wconf 89' lang='lat' dir='ltr'><strong>sancto</strong></span> <span class='ocrx_word' id='word_1_453' title='bbox 1235 3421 1375 3492; x_wconf 74' lang='lat' dir='ltr'><strong>presule,</strong></span> <span class='ocrx_word' id='word_1_454' title='bbox 1396 3424 1428 3476; x_wconf 94' lang='lat' dir='ltr'><strong>ut</strong></span> <span class='ocrx_word' id='word_1_455' title='bbox 1447 3420 1484 3475; x_wconf 86' lang='lat' dir='ltr'><strong>ad</strong></span> <span class='ocrx_word' id='word_1_456' title='bbox 1503 3419 1640 3475; x_wconf 89' lang='lat' dir='ltr'><strong>eamdem</strong></span> <span class='ocrx_word' id='word_1_457' title='bbox 1661 3420 1773 3476; x_wconf 81' lang='lat' dir='ltr'><strong>horam</strong></span> <span class='ocrx_word' id='word_1_458' title='bbox 1793 3418 1908 3475; x_wconf 68' lang='lat' dir='ltr'><strong>coadm-</strong></span> 
     </span>
     <span class='ocr_line' id='line_1_36' title="bbox 176 3502 1909 3582; baseline 0.006 -30"><span class='ocrx_word' id='word_1_459' title='bbox 176 3502 267 3569; x_wconf 85' lang='lat' dir='ltr'><strong>retur,</strong></span> <span class='ocrx_word' id='word_1_460' title='bbox 283 3507 398 3558; x_wconf 81' lang='lat' dir='ltr'><strong>constat</strong></span> <span class='ocrx_word' id='word_1_461' title='bbox 414 3505 509 3561; x_wconf 88' lang='lat' dir='ltr'><strong>luisse</strong></span> <span class='ocrx_word' id='word_1_462' title='bbox 525 3508 732 3578; x_wconf 87' lang='lat' dir='ltr'><strong>compositum.</strong></span> <span class='ocrx_word' id='word_1_463' title='bbox 749 3508 855 3564; x_wconf 70' lang='lat' dir='ltr'><strong>Crateri</strong></span> <span class='ocrx_word' id='word_1_464' title='bbox 872 3526 942 3570; x_wconf 79' lang='lat' dir='ltr'><strong>vero</strong></span> <span class='ocrx_word' id='word_1_465' title='bbox 959 3524 1085 3581; x_wconf 88' lang='lat' dir='ltr'><strong>quorum</strong></span> <span class='ocrx_word' id='word_1_466' title='bbox 1106 3510 1286 3579; x_wconf 80' lang='lat' dir='ltr'><strong>versiculos,</strong></span> <span class='ocrx_word' id='word_1_467' title='bbox 1303 3513 1352 3565; x_wconf 92' lang='lat' dir='ltr'><strong>aut</strong></span> <span class='ocrx_word' id='word_1_468' title='bbox 1372 3510 1460 3566; x_wconf 89' lang='lat' dir='ltr'><strong>etiam</strong></span> <span class='ocrx_word' id='word_1_469' title='bbox 1479 3508 1620 3580; x_wconf 83' lang='lat' dir='ltr'><strong>strophas</strong></span> <span class='ocrx_word' id='word_1_470' title='bbox 1643 3513 1790 3582; x_wconf 79' lang='lat' dir='ltr'><strong>tanquam</strong></span> <span class='ocrx_word' id='word_1_471' title='bbox 1809 3507 1909 3565; x_wconf 69' lang='lat' dir='ltr'><strong>snus</strong></span> 
     </span>
     <span class='ocr_line' id='line_1_37' title="bbox 175 3586 1905 3671; baseline 0.002 -22"><span class='ocrx_word' id='word_1_472' title='bbox 175 3586 275 3649; x_wconf 67' lang='lat' dir='ltr'><strong>tunae</strong></span> <span class='ocrx_word' id='word_1_473' title='bbox 299 3592 426 3648; x_wconf 88' lang='lat' dir='ltr'><strong>subinde</strong></span> <span class='ocrx_word' id='word_1_474' title='bbox 446 3595 546 3662; x_wconf 79' lang='lat' dir='ltr'><strong>refert,</strong></span> <span class='ocrx_word' id='word_1_475' title='bbox 566 3601 624 3651; x_wconf 89' lang='lat' dir='ltr'><strong>tam</strong></span> <span class='ocrx_word' id='word_1_476' title='bbox 645 3597 760 3652; x_wconf 86' lang='lat' dir='ltr'><strong>crebris</strong></span> <span class='ocrx_word' id='word_1_477' title='bbox 780 3598 895 3654; x_wconf 87' lang='lat' dir='ltr'><strong>mendis</strong></span> <span class='ocrx_word' id='word_1_478' title='bbox 915 3598 1060 3670; x_wconf 87' lang='lat' dir='ltr'><strong>inquinati</strong></span> <span class='ocrx_word' id='word_1_479' title='bbox 1079 3601 1158 3667; x_wconf 89' lang='lat' dir='ltr'><strong>sunt,</strong></span> <span class='ocrx_word' id='word_1_480' title='bbox 1180 3601 1211 3654; x_wconf 93' lang='lat' dir='ltr'><strong>ut</strong></span> <span class='ocrx_word' id='word_1_481' title='bbox 1225 3598 1262 3653; x_wconf 89' lang='lat' dir='ltr'><strong>ab</strong></span> <span class='ocrx_word' id='word_1_482' title='bbox 1282 3597 1350 3669; x_wconf 82' lang='lat' dir='ltr'><strong>ojus</strong></span> <span class='ocrx_word' id='word_1_483' title='bbox 1367 3599 1423 3653; x_wconf 90' lang='lat' dir='ltr'><strong>viri</strong></span> <span class='ocrx_word' id='word_1_484' title='bbox 1442 3597 1590 3668; x_wconf 77' lang='lat' dir='ltr'><strong>elegantia</strong></span> <span class='ocrx_word' id='word_1_485' title='bbox 1610 3597 1707 3671; x_wconf 85' lang='lat' dir='ltr'><strong>longo</strong></span> <span class='ocrx_word' id='word_1_486' title='bbox 1728 3598 1905 3655; x_wconf 79' lang='lat' dir='ltr'><strong>abhorreant:</strong></span> 
     </span>
     <span class='ocr_line' id='line_1_38' title="bbox 176 3684 1905 3760; baseline 0.002 -23"><span class='ocrx_word' id='word_1_487' title='bbox 176 3684 307 3738; x_wconf 89' lang='lat' dir='ltr'><strong>nonnulli</strong></span> <span class='ocrx_word' id='word_1_488' title='bbox 324 3684 411 3740; x_wconf 87' lang='lat' dir='ltr'><strong>etiam</strong></span> <span class='ocrx_word' id='word_1_489' title='bbox 427 3685 506 3741; x_wconf 92' lang='lat' dir='ltr'><strong>illius</strong></span> <span class='ocrx_word' id='word_1_490' title='bbox 523 3685 732 3742; x_wconf 86' lang='lat' dir='ltr'><strong>concinnitatis</strong></span> <span class='ocrx_word' id='word_1_491' title='bbox 748 3687 821 3743; x_wconf 87' lang='lat' dir='ltr'><strong>nihii</strong></span> <span class='ocrx_word' id='word_1_492' title='bbox 838 3688 1010 3759; x_wconf 67' lang='lat' dir='ltr'><strong>ptulerunt,</strong></span> <span class='ocrx_word' id='word_1_493' title='bbox 1026 3703 1094 3759; x_wconf 78' lang='lat' dir='ltr'><strong>qum</strong></span> <span class='ocrx_word' id='word_1_494' title='bbox 1108 3687 1238 3760; x_wconf 88' lang='lat' dir='ltr'><strong>singulis</strong></span> <span class='ocrx_word' id='word_1_495' title='bbox 1254 3688 1396 3744; x_wconf 80' lang='lat' dir='ltr'><strong>versibus</strong></span> <span class='ocrx_word' id='word_1_496' title='bbox 1411 3687 1549 3760; x_wconf 79' lang='lat' dir='ltr'><strong>singulos</strong></span> <span class='ocrx_word' id='word_1_497' title='bbox 1564 3703 1684 3744; x_wconf 86' lang='lat' dir='ltr'><strong>sensus</strong></span> <span class='ocrx_word' id='word_1_498' title='bbox 1705 3688 1747 3743; x_wconf 87' lang='lat' dir='ltr'><strong>ad</strong></span> <span class='ocrx_word' id='word_1_499' title='bbox 1769 3687 1905 3745; x_wconf 75' lang='lat' dir='ltr'><strong>Ambrosio</strong></span> 
     </span>
     <span class='ocr_line' id='line_1_39' title="bbox 177 3771 746 3832; baseline 0.007 -5"><span class='ocrx_word' id='word_1_500' title='bbox 177 3771 287 3829; x_wconf 88' lang='lat' dir='ltr'><strong>includi</strong></span> <span class='ocrx_word' id='word_1_501' title='bbox 303 3774 501 3830; x_wconf 84' lang='lat' dir='ltr'><strong>consuevisse</strong></span> <span class='ocrx_word' id='word_1_502' title='bbox 517 3775 596 3830; x_wconf 90' lang='lat' dir='ltr'><strong>Beda</strong></span> <span class='ocrx_word' id='word_1_503' title='bbox 612 3779 746 3832; x_wconf 87' lang='lat' dir='ltr'><strong>testatur.</strong></span> 
     </span>
    </p>

    <p class='ocr_par' dir='ltr' id='par_1_7' title="bbox 178 3863 1904 4471">
     <span class='ocr_line' id='line_1_40' title="bbox 214 3863 1903 3940; baseline 0.001 -23"><span class='ocrx_word' id='word_1_504' title='bbox 214 3863 385 3918; x_wconf 87' lang='lat' dir='ltr'><strong>Duodecimi</strong></span> <span class='ocrx_word' id='word_1_505' title='bbox 405 3865 604 3938; x_wconf 88' lang='lat' dir='ltr'><strong>cognitionem</strong></span> <span class='ocrx_word' id='word_1_506' title='bbox 631 3866 774 3922; x_wconf 88' lang='lat' dir='ltr'><strong>debemus</strong></span> <span class='ocrx_word' id='word_1_507' title='bbox 793 3866 879 3922; x_wconf 90' lang='lat' dir='ltr'><strong>beato</strong></span> <span class='ocrx_word' id='word_1_508' title='bbox 901 3866 1089 3938; x_wconf 86' lang='lat' dir='ltr'><strong>ildephonso,</strong></span> <span class='ocrx_word' id='word_1_509' title='bbox 1110 3867 1161 3940; x_wconf 88' lang='lat' dir='ltr'><strong>qui</strong></span> <span class='ocrx_word' id='word_1_510' title='bbox 1175 3867 1268 3923; x_wconf 89' lang='lat' dir='ltr'><strong>semel</strong></span> <span class='ocrx_word' id='word_1_511' title='bbox 1283 3883 1317 3923; x_wconf 88' lang='lat' dir='ltr'><strong>ac</strong></span> <span class='ocrx_word' id='word_1_512' title='bbox 1341 3866 1447 3923; x_wconf 85' lang='lat' dir='ltr'><strong>iterum</strong></span> <span class='ocrx_word' id='word_1_513' title='bbox 1464 3867 1495 3922; x_wconf 92' lang='lat' dir='ltr'><strong>in</strong></span> <span class='ocrx_word' id='word_1_514' title='bbox 1513 3881 1657 3923; x_wconf 89' lang='lat' dir='ltr'><strong>sermone</strong></span> <span class='ocrx_word' id='word_1_515' title='bbox 1679 3867 1720 3924; x_wconf 86' lang='lat' dir='ltr'><strong>de</strong></span> <span class='ocrx_word' id='word_1_516' title='bbox 1743 3867 1903 3923; x_wconf 78' lang='lat' dir='ltr'><strong>Primitet</strong></span> 
     </span>
     <span class='ocr_line' id='line_1_41' title="bbox 179 3949 1904 4029; baseline 0.005 -25"><span class='ocrx_word' id='word_1_517' title='bbox 179 3949 335 4007; x_wconf 81' lang='lat' dir='ltr'><strong>Puridcat.</strong></span> <span class='ocrx_word' id='word_1_518' title='bbox 352 3952 387 4007; x_wconf 89' lang='lat' dir='ltr'><strong>B.</strong></span> <span class='ocrx_word' id='word_1_519' title='bbox 403 3953 512 4009; x_wconf 70' lang='lat' dir='ltr'><strong>Mariae</strong></span> <span class='ocrx_word' id='word_1_520' title='bbox 537 3951 618 4025; x_wconf 79' lang='lat' dir='ltr'><strong>Virp.</strong></span> <span class='ocrx_word' id='word_1_521' title='bbox 636 3955 759 4025; x_wconf 88' lang='lat' dir='ltr'><strong>primam</strong></span> <span class='ocrx_word' id='word_1_522' title='bbox 779 3955 916 4026; x_wconf 85' lang='lat' dir='ltr'><strong>ejusdcm</strong></span> <span class='ocrx_word' id='word_1_523' title='bbox 936 3957 1036 4028; x_wconf 72' lang='lat' dir='ltr'><strong>hymni</strong></span> <span class='ocrx_word' id='word_1_524' title='bbox 1056 3957 1210 4029; x_wconf 84' lang='lat' dir='ltr'><strong>stropham</strong></span> <span class='ocrx_word' id='word_1_525' title='bbox 1229 3960 1369 4028; x_wconf 86' lang='lat' dir='ltr'><strong>tanquam</strong></span> <span class='ocrx_word' id='word_1_526' title='bbox 1383 3957 1419 4012; x_wconf 88' lang='lat' dir='ltr'><strong>ab</strong></span> <span class='ocrx_word' id='word_1_527' title='bbox 1445 3956 1607 4012; x_wconf 78' lang='lat' dir='ltr'><strong>Ambrosio</strong></span> <span class='ocrx_word' id='word_1_528' title='bbox 1628 3957 1826 4027; x_wconf 82' lang='lat' dir='ltr'><strong>compositam</strong></span> <span class='ocrx_word' id='word_1_529' title='bbox 1843 3955 1904 4018; x_wconf 73' lang='lat' dir='ltr'><strong>diat,</strong></span> 
     </span>
     <span class='ocr_line' id='line_1_42' title="bbox 178 4039 1902 4113; baseline 0.002 -19"><span class='ocrx_word' id='word_1_530' title='bbox 178 4039 256 4094; x_wconf 90' lang='lat' dir='ltr'><strong>uude</strong></span> <span class='ocrx_word' id='word_1_531' title='bbox 277 4040 306 4094; x_wconf 91' lang='lat' dir='ltr'><strong>in</strong></span> <span class='ocrx_word' id='word_1_532' title='bbox 326 4041 509 4111; x_wconf 87' lang='lat' dir='ltr'><strong>posteriores</strong></span> <span class='ocrx_word' id='word_1_533' title='bbox 528 4041 656 4113; x_wconf 90' lang='lat' dir='ltr'><strong>Operum</strong></span> <span class='ocrx_word' id='word_1_534' title='bbox 676 4044 771 4099; x_wconf 86' lang='lat' dir='ltr'><strong>sancti</strong></span> <span class='ocrx_word' id='word_1_535' title='bbox 793 4044 929 4100; x_wconf 80' lang='lat' dir='ltr'><strong>tinctoris</strong></span> <span class='ocrx_word' id='word_1_536' title='bbox 949 4046 1094 4103; x_wconf 90' lang='lat' dir='ltr'><strong>editiones</strong></span> <span class='ocrx_word' id='word_1_537' title='bbox 1114 4047 1168 4102; x_wconf 89' lang='lat' dir='ltr'><strong>luit</strong></span> <span class='ocrx_word' id='word_1_538' title='bbox 1189 4046 1350 4101; x_wconf 88' lang='lat' dir='ltr'><strong>translata:</strong></span> <span class='ocrx_word' id='word_1_539' title='bbox 1371 4045 1534 4101; x_wconf 88' lang='lat' dir='ltr'><strong>secundam</strong></span> <span class='ocrx_word' id='word_1_540' title='bbox 1555 4061 1630 4101; x_wconf 86' lang='lat' dir='ltr'><strong>voro</strong></span> <span class='ocrx_word' id='word_1_541' title='bbox 1651 4062 1686 4100; x_wconf 89' lang='lat' dir='ltr'><strong>ac</strong></span> <span class='ocrx_word' id='word_1_542' title='bbox 1708 4046 1823 4101; x_wconf 80' lang='lat' dir='ltr'><strong>tertiam</strong></span> <span class='ocrx_word' id='word_1_543' title='bbox 1841 4046 1902 4098; x_wconf 86' lang='lat' dir='ltr'><strong>shn-</strong></span> 
     </span>
     <span class='ocr_line' id='line_1_43' title="bbox 178 4127 1902 4206; baseline 0.005 -24"><span class='ocrx_word' id='word_1_544' title='bbox 178 4127 266 4200; x_wconf 87' lang='lat' dir='ltr'><strong>pham</strong></span> <span class='ocrx_word' id='word_1_545' title='bbox 282 4144 318 4182; x_wconf 84' lang='lat' dir='ltr'><strong>ox</strong></span> <span class='ocrx_word' id='word_1_546' title='bbox 332 4128 452 4202; x_wconf 89' lang='lat' dir='ltr'><strong>Georgii</strong></span> <span class='ocrx_word' id='word_1_547' title='bbox 467 4129 627 4185; x_wconf 87' lang='lat' dir='ltr'><strong>Cassandri</strong></span> <span class='ocrx_word' id='word_1_548' title='bbox 642 4131 718 4186; x_wconf 90' lang='lat' dir='ltr'><strong>libro</strong></span> <span class='ocrx_word' id='word_1_549' title='bbox 735 4133 772 4187; x_wconf 86' lang='lat' dir='ltr'><strong>de</strong></span> <span class='ocrx_word' id='word_1_550' title='bbox 787 4132 913 4204; x_wconf 78' lang='lat' dir='ltr'><strong>llpmnis</strong></span> <span class='ocrx_word' id='word_1_551' title='bbox 927 4135 1152 4206; x_wconf 84' lang='lat' dir='ltr'><strong>ecelesiasticis,</strong></span> <span class='ocrx_word' id='word_1_552' title='bbox 1171 4135 1220 4190; x_wconf 92' lang='lat' dir='ltr'><strong>ubi</strong></span> <span class='ocrx_word' id='word_1_553' title='bbox 1237 4136 1302 4190; x_wconf 89' lang='lat' dir='ltr'><strong>sine</strong></span> <span class='ocrx_word' id='word_1_554' title='bbox 1317 4135 1449 4190; x_wconf 88' lang='lat' dir='ltr'><strong>auctoris</strong></span> <span class='ocrx_word' id='word_1_555' title='bbox 1463 4134 1580 4191; x_wconf 89' lang='lat' dir='ltr'><strong>nomine</strong></span> <span class='ocrx_word' id='word_1_556' title='bbox 1597 4135 1680 4190; x_wconf 89' lang='lat' dir='ltr'><strong>idam</strong></span> <span class='ocrx_word' id='word_1_557' title='bbox 1696 4135 1826 4206; x_wconf 77' lang='lat' dir='ltr'><strong>hymnus</strong></span> <span class='ocrx_word' id='word_1_558' title='bbox 1843 4131 1902 4202; x_wconf 71' lang='lat' dir='ltr'><strong>logi·</strong></span> 
     </span>
     <span class='ocr_line' id='line_1_44' title="bbox 178 4218 1902 4294; baseline -0.001 -19"><span class='ocrx_word' id='word_1_559' title='bbox 178 4221 235 4288; x_wconf 86' lang='lat' dir='ltr'><strong>tur,</strong></span> <span class='ocrx_word' id='word_1_560' title='bbox 251 4218 478 4291; x_wconf 82' lang='lat' dir='ltr'><strong>exscripsimus.</strong></span> <span class='ocrx_word' id='word_1_561' title='bbox 492 4219 635 4286; x_wconf 86' lang='lat' dir='ltr'><strong>Quamvis</strong></span> <span class='ocrx_word' id='word_1_562' title='bbox 649 4225 745 4278; x_wconf 90' lang='lat' dir='ltr'><strong>autem</strong></span> <span class='ocrx_word' id='word_1_563' title='bbox 762 4222 887 4278; x_wconf 91' lang='lat' dir='ltr'><strong>subinde</strong></span> <span class='ocrx_word' id='word_1_564' title='bbox 903 4228 1056 4294; x_wconf 88' lang='lat' dir='ltr'><strong>peceatum</strong></span> <span class='ocrx_word' id='word_1_565' title='bbox 1070 4224 1101 4280; x_wconf 90' lang='lat' dir='ltr'><strong>in</strong></span> <span class='ocrx_word' id='word_1_566' title='bbox 1121 4240 1156 4280; x_wconf 93' lang='lat' dir='ltr'><strong>eo</strong></span> <span class='ocrx_word' id='word_1_567' title='bbox 1176 4224 1266 4280; x_wconf 86' lang='lat' dir='ltr'><strong>luerit</strong></span> <span class='ocrx_word' id='word_1_568' title='bbox 1286 4224 1434 4280; x_wconf 84' lang='lat' dir='ltr'><strong>advorsus</strong></span> <span class='ocrx_word' id='word_1_569' title='bbox 1456 4223 1639 4294; x_wconf 83' lang='lat' dir='ltr'><strong>prosodiam,</strong></span> <span class='ocrx_word' id='word_1_570' title='bbox 1656 4238 1720 4279; x_wconf 87' lang='lat' dir='ltr'><strong>non</strong></span> <span class='ocrx_word' id='word_1_571' title='bbox 1739 4227 1833 4280; x_wconf 66' lang='lat' dir='ltr'><strong>umen</strong></span> <span class='ocrx_word' id='word_1_572' title='bbox 1848 4222 1902 4276; x_wconf 71' lang='lat' dir='ltr'><strong>hm</strong></span> 
     </span>
     <span class='ocr_line' id='line_1_45' title="bbox 178 4307 1902 4385; baseline 0 -20"><span class='ocrx_word' id='word_1_573' title='bbox 178 4308 280 4367; x_wconf 88' lang='lat' dir='ltr'><strong>brasio</strong></span> <span class='ocrx_word' id='word_1_574' title='bbox 295 4312 452 4380; x_wconf 88' lang='lat' dir='ltr'><strong>propterea</strong></span> <span class='ocrx_word' id='word_1_575' title='bbox 467 4308 620 4382; x_wconf 86' lang='lat' dir='ltr'><strong>indignum</strong></span> <span class='ocrx_word' id='word_1_576' title='bbox 632 4309 802 4381; x_wconf 81' lang='lat' dir='ltr'><strong>judicamus</strong></span> <span class='ocrx_word' id='word_1_577' title='bbox 815 4327 823 4382; x_wconf 79' lang='lat'>3</span> <span class='ocrx_word' id='word_1_578' title='bbox 839 4328 906 4368; x_wconf 91' lang='lat' dir='ltr'><strong>oum</strong></span> <span class='ocrx_word' id='word_1_579' title='bbox 920 4314 951 4369; x_wconf 93' lang='lat' dir='ltr'><strong>in</strong></span> <span class='ocrx_word' id='word_1_580' title='bbox 964 4313 1083 4385; x_wconf 72' lang='lat' dir='ltr'><strong>hymnis</strong></span> <span class='ocrx_word' id='word_1_581' title='bbox 1097 4313 1165 4385; x_wconf 72' lang='lat' dir='ltr'><strong>eJus</strong></span> <span class='ocrx_word' id='word_1_582' title='bbox 1180 4313 1351 4370; x_wconf 86' lang='lat' dir='ltr'><strong>indubitatis</strong></span> <span class='ocrx_word' id='word_1_583' title='bbox 1366 4313 1538 4384; x_wconf 70' lang='lat' dir='ltr'><strong>husjusmodi</strong></span> <span class='ocrx_word' id='word_1_584' title='bbox 1548 4315 1648 4368; x_wconf 86' lang='lat' dir='ltr'><strong>errata</strong></span> <span class='ocrx_word' id='word_1_585' title='bbox 1665 4313 1802 4384; x_wconf 79' lang='lat' dir='ltr'><strong>reperire</strong></span> <span class='ocrx_word' id='word_1_586' title='bbox 1811 4307 1902 4380; x_wconf 77' lang='lat' dir='ltr'><strong>sitiri</strong></span> 
     </span>
     <span class='ocr_line' id='line_1_46' title="bbox 178 4399 432 4471; baseline -0.008 -16"><span class='ocrx_word' id='word_1_587' title='bbox 178 4414 238 4463; x_wconf 88' lang='lat' dir='ltr'><strong>noa</strong></span> <span class='ocrx_word' id='word_1_588' title='bbox 253 4399 432 4471; x_wconf 79' lang='lat' dir='ltr'><strong>frequentia.</strong></span> 
     </span>
    </p>

    <p class='ocr_par' dir='ltr' id='par_1_8' title="bbox 178 4488 1949 5281">
     <span class='ocr_line' id='line_1_47' title="bbox 215 4488 1903 4564; baseline 0.001 -21"><span class='ocrx_word' id='word_1_589' title='bbox 215 4488 351 4561; x_wconf 76' lang='lat' dir='ltr'><strong>Hymnus</strong></span> <span class='ocrx_word' id='word_1_590' title='bbox 372 4488 512 4545; x_wconf 75' lang='lat' dir='ltr'><strong>lederet</strong></span> <span class='ocrx_word' id='word_1_591' title='bbox 532 4488 595 4543; x_wconf 88' lang='lat' dir='ltr'><strong>laus</strong></span> <span class='ocrx_word' id='word_1_592' title='bbox 610 4489 826 4548; x_wconf 79' lang='lat' dir='ltr'><strong>Ambrosianus</strong></span> <span class='ocrx_word' id='word_1_593' title='bbox 843 4495 965 4546; x_wconf 84' lang='lat' dir='ltr'><strong>vocatur</strong></span> <span class='ocrx_word' id='word_1_594' title='bbox 979 4492 1031 4548; x_wconf 88' lang='lat' dir='ltr'><strong>lib.</strong></span> <span class='ocrx_word' id='word_1_595' title='bbox 1050 4492 1288 4549; x_wconf 82' lang='lat' dir='ltr'><strong>illirncolornm</strong></span> <span class='ocrx_word' id='word_1_596' title='bbox 1303 4493 1401 4548; x_wconf 85' lang='lat' dir='ltr'><strong>sancti</strong></span> <span class='ocrx_word' id='word_1_597' title='bbox 1420 4492 1566 4562; x_wconf 86' lang='lat' dir='ltr'><strong>llicbarii,</strong></span> <span class='ocrx_word' id='word_1_598' title='bbox 1586 4493 1645 4548; x_wconf 87' lang='lat' dir='ltr'><strong>sed</strong></span> <span class='ocrx_word' id='word_1_599' title='bbox 1667 4492 1810 4564; x_wconf 81' lang='lat' dir='ltr'><strong>quoniam</strong></span> <span class='ocrx_word' id='word_1_600' title='bbox 1830 4502 1903 4545; x_wconf 65' lang='lat' dir='ltr'><strong>stau</strong></span> 
     </span>
     <span class='ocr_line' id='line_1_48' title="bbox 178 4577 1900 4653; baseline -0.001 -20"><span class='ocrx_word' id='word_1_601' title='bbox 178 4577 324 4644; x_wconf 83' lang='lat' dir='ltr'><strong>itadictus</strong></span> <span class='ocrx_word' id='word_1_602' title='bbox 335 4578 385 4648; x_wconf 90' lang='lat' dir='ltr'><strong>sit,</strong></span> <span class='ocrx_word' id='word_1_603' title='bbox 397 4578 475 4634; x_wconf 91' lang='lat' dir='ltr'><strong>baud</strong></span> <span class='ocrx_word' id='word_1_604' title='bbox 491 4579 572 4652; x_wconf 74' lang='lat' dir='ltr'><strong>satis</strong></span> <span class='ocrx_word' id='word_1_605' title='bbox 579 4579 691 4650; x_wconf 82' lang='lat' dir='ltr'><strong>liquet3</strong></span> <span class='ocrx_word' id='word_1_606' title='bbox 709 4595 775 4639; x_wconf 87' lang='lat' dir='ltr'><strong>eum</strong></span> <span class='ocrx_word' id='word_1_607' title='bbox 786 4580 865 4635; x_wconf 90' lang='lat' dir='ltr'><strong>enim</strong></span> <span class='ocrx_word' id='word_1_608' title='bbox 879 4581 928 4635; x_wconf 90' lang='lat' dir='ltr'><strong>illc</strong></span> <span class='ocrx_word' id='word_1_609' title='bbox 944 4597 1002 4636; x_wconf 91' lang='lat' dir='ltr'><strong>non</strong></span> <span class='ocrx_word' id='word_1_610' title='bbox 1018 4586 1133 4637; x_wconf 87' lang='lat' dir='ltr'><strong>constat</strong></span> <span class='ocrx_word' id='word_1_611' title='bbox 1148 4581 1262 4652; x_wconf 89' lang='lat' dir='ltr'><strong>metris,</strong></span> <span class='ocrx_word' id='word_1_612' title='bbox 1274 4596 1371 4653; x_wconf 88' lang='lat' dir='ltr'><strong>neque</strong></span> <span class='ocrx_word' id='word_1_613' title='bbox 1384 4581 1422 4636; x_wconf 86' lang='lat' dir='ltr'><strong>ab</strong></span> <span class='ocrx_word' id='word_1_614' title='bbox 1436 4579 1607 4649; x_wconf 83' lang='lat' dir='ltr'><strong>Ambrosio,</strong></span> <span class='ocrx_word' id='word_1_615' title='bbox 1626 4595 1728 4653; x_wconf 86' lang='lat' dir='ltr'><strong>neque</strong></span> <span class='ocrx_word' id='word_1_616' title='bbox 1744 4580 1782 4636; x_wconf 88' lang='lat' dir='ltr'><strong>ad</strong></span> <span class='ocrx_word' id='word_1_617' title='bbox 1800 4579 1900 4635; x_wconf 75' lang='lat' dir='ltr'><strong>tamn</strong></span> 
     </span>
     <span class='ocr_line' id='line_1_49' title="bbox 179 4667 1949 4756; baseline 0.002 -31"><span class='ocrx_word' id='word_1_618' title='bbox 179 4667 406 4725; x_wconf 68' lang='lat' dir='ltr'><strong>Ambrosianum</strong></span> <span class='ocrx_word' id='word_1_619' title='bbox 428 4668 536 4723; x_wconf 86' lang='lat' dir='ltr'><strong>lactum</strong></span> <span class='ocrx_word' id='word_1_620' title='bbox 556 4671 679 4739; x_wconf 88' lang='lat' dir='ltr'><strong>oportet.</strong></span> <span class='ocrx_word' id='word_1_621' title='bbox 701 4668 744 4725; x_wconf 87' lang='lat' dir='ltr'><strong>De</strong></span> <span class='ocrx_word' id='word_1_622' title='bbox 767 4670 882 4726; x_wconf 88' lang='lat' dir='ltr'><strong>cantico</strong></span> <span class='ocrx_word' id='word_1_623' title='bbox 905 4670 1104 4727; x_wconf 84' lang='lat' dir='ltr'><strong>eucharistico</strong></span> <span class='ocrx_word' id='word_1_624' title='bbox 1133 4671 1172 4726; x_wconf 89' lang='lat' dir='ltr'><strong>Te</strong></span> <span class='ocrx_word' id='word_1_625' title='bbox 1192 4670 1284 4726; x_wconf 82' lang='lat' dir='ltr'><strong>ileum</strong></span> <span class='ocrx_word' id='word_1_626' title='bbox 1302 4670 1463 4737; x_wconf 88' lang='lat' dir='ltr'><strong>laudamus,</strong></span> <span class='ocrx_word' id='word_1_627' title='bbox 1488 4669 1605 4741; x_wconf 77' lang='lat' dir='ltr'><strong>pigeret</strong></span> <span class='ocrx_word' id='word_1_628' title='bbox 1630 4669 1680 4724; x_wconf 92' lang='lat' dir='ltr'><strong>hic</strong></span> <span class='ocrx_word' id='word_1_629' title='bbox 1704 4668 1900 4728; x_wconf 76' lang='lat' dir='ltr'><strong>misdictrti</strong></span> <span class='ocrx_word' id='word_1_630' title='bbox 1946 4734 1949 4756; x_wconf 37' lang='grc'>1</span> 
     </span>
     <span class='ocr_line' id='line_1_50' title="bbox 180 4757 1949 4831; baseline 0.001 -20"><span class='ocrx_word' id='word_1_631' title='bbox 180 4770 265 4812; x_wconf 87' lang='lat' dir='ltr'><strong>nemo</strong></span> <span class='ocrx_word' id='word_1_632' title='bbox 281 4759 389 4829; x_wconf 88' lang='lat' dir='ltr'><strong>quippe</strong></span> <span class='ocrx_word' id='word_1_633' title='bbox 405 4760 451 4812; x_wconf 91' lang='lat' dir='ltr'><strong>est</strong></span> <span class='ocrx_word' id='word_1_634' title='bbox 467 4757 521 4812; x_wconf 90' lang='lat' dir='ltr'><strong>hac</strong></span> <span class='ocrx_word' id='word_1_635' title='bbox 536 4760 639 4812; x_wconf 90' lang='lat' dir='ltr'><strong>nostra</strong></span> <span class='ocrx_word' id='word_1_636' title='bbox 655 4759 742 4814; x_wconf 77' lang='lat' dir='ltr'><strong>aetate</strong></span> <span class='ocrx_word' id='word_1_637' title='bbox 757 4773 816 4814; x_wconf 91' lang='lat' dir='ltr'><strong>non</strong></span> <span class='ocrx_word' id='word_1_638' title='bbox 830 4759 916 4829; x_wconf 89' lang='lat' dir='ltr'><strong>plana</strong></span> <span class='ocrx_word' id='word_1_639' title='bbox 932 4759 1027 4830; x_wconf 90' lang='lat' dir='ltr'><strong>rudis,</strong></span> <span class='ocrx_word' id='word_1_640' title='bbox 1044 4761 1094 4831; x_wconf 88' lang='lat' dir='ltr'><strong>qui</strong></span> <span class='ocrx_word' id='word_1_641' title='bbox 1110 4759 1238 4814; x_wconf 83' lang='lat' dir='ltr'><strong>fabulam</strong></span> <span class='ocrx_word' id='word_1_642' title='bbox 1255 4774 1324 4815; x_wconf 90' lang='lat' dir='ltr'><strong>esso</strong></span> <span class='ocrx_word' id='word_1_643' title='bbox 1346 4758 1502 4829; x_wconf 76' lang='lat' dir='ltr'><strong>inficiatur,</strong></span> <span class='ocrx_word' id='word_1_644' title='bbox 1518 4758 1598 4829; x_wconf 90' lang='lat' dir='ltr'><strong>quod</strong></span> <span class='ocrx_word' id='word_1_645' title='bbox 1619 4758 1762 4814; x_wconf 88' lang='lat' dir='ltr'><strong>eamdem</strong></span> <span class='ocrx_word' id='word_1_646' title='bbox 1786 4757 1898 4828; x_wconf 64' lang='lat' dir='ltr'><strong>hymnum</strong></span> <span class='ocrx_word' id='word_1_647' title='bbox 1947 4774 1949 4825; x_wconf 77' lang='lat' dir='ltr'>j</span> 
     </span>
     <span class='ocr_line' id='line_1_51' title="bbox 180 4844 1949 4921; baseline -0.001 -23"><span class='ocrx_word' id='word_1_648' title='bbox 180 4846 248 4913; x_wconf 91' lang='lat' dir='ltr'><strong>post</strong></span> <span class='ocrx_word' id='word_1_649' title='bbox 261 4844 437 4915; x_wconf 83' lang='lat' dir='ltr'><strong>baptizatum</strong></span> <span class='ocrx_word' id='word_1_650' title='bbox 451 4847 488 4901; x_wconf 89' lang='lat' dir='ltr'><strong>ab</strong></span> <span class='ocrx_word' id='word_1_651' title='bbox 504 4846 662 4902; x_wconf 74' lang='lat' dir='ltr'><strong>Ambrosio</strong></span> <span class='ocrx_word' id='word_1_652' title='bbox 680 4863 818 4920; x_wconf 88' lang='lat' dir='ltr'><strong>magnum</strong></span> <span class='ocrx_word' id='word_1_653' title='bbox 833 4849 1034 4921; x_wconf 68' lang='lat' dir='ltr'><strong>augustinum</strong></span> <span class='ocrx_word' id='word_1_654' title='bbox 1053 4849 1089 4904; x_wconf 88' lang='lat' dir='ltr'><strong>ab</strong></span> <span class='ocrx_word' id='word_1_655' title='bbox 1104 4852 1229 4920; x_wconf 87' lang='lat' dir='ltr'><strong>utroque</strong></span> <span class='ocrx_word' id='word_1_656' title='bbox 1247 4847 1370 4904; x_wconf 82' lang='lat' dir='ltr'><strong>alteruis</strong></span> <span class='ocrx_word' id='word_1_657' title='bbox 1389 4847 1506 4903; x_wconf 82' lang='lat' dir='ltr'><strong>vicibus</strong></span> <span class='ocrx_word' id='word_1_658' title='bbox 1527 4847 1720 4903; x_wconf 85' lang='lat' dir='ltr'><strong>decantatum</strong></span> <span class='ocrx_word' id='word_1_659' title='bbox 1740 4846 1809 4903; x_wconf 90' lang='lat' dir='ltr'><strong>clim</strong></span> <span class='ocrx_word' id='word_1_660' title='bbox 1823 4844 1895 4917; x_wconf 79' lang='lat' dir='ltr'><strong>jacta·</strong></span> <span class='ocrx_word' id='word_1_661' title='bbox 1947 4850 1949 4863; x_wconf 91' lang='lat'>&#39;</span> 
     </span>
     <span class='ocr_line' id='line_1_52' title="bbox 179 4932 1894 5019; baseline 0.002 -31"><span class='ocrx_word' id='word_1_662' title='bbox 179 4932 259 4988; x_wconf 90' lang='lat' dir='ltr'><strong>bant.</strong></span> <span class='ocrx_word' id='word_1_663' title='bbox 278 4934 343 4989; x_wconf 87' lang='lat' dir='ltr'><strong>Non</strong></span> <span class='ocrx_word' id='word_1_664' title='bbox 359 4950 503 5007; x_wconf 90' lang='lat' dir='ltr'><strong>negamus</strong></span> <span class='ocrx_word' id='word_1_665' title='bbox 518 4939 614 5019; x_wconf 72' lang='lat' dir='ltr'><strong>autem</strong></span> <span class='ocrx_word' id='word_1_666' title='bbox 630 4935 807 5008; x_wconf 75' lang='lat' dir='ltr'><strong>hymnorum</strong></span> <span class='ocrx_word' id='word_1_667' title='bbox 821 4939 871 5008; x_wconf 86' lang='lat' dir='ltr'><strong>qui</strong></span> <span class='ocrx_word' id='word_1_668' title='bbox 886 4938 999 5009; x_wconf 85' lang='lat' dir='ltr'><strong>vulgati</strong></span> <span class='ocrx_word' id='word_1_669' title='bbox 1015 4937 1129 4994; x_wconf 90' lang='lat' dir='ltr'><strong>suntin</strong></span> <span class='ocrx_word' id='word_1_670' title='bbox 1149 4936 1356 5007; x_wconf 89' lang='lat' dir='ltr'><strong>superioribus</strong></span> <span class='ocrx_word' id='word_1_671' title='bbox 1377 4935 1566 5006; x_wconf 88' lang='lat' dir='ltr'><strong>editionibus,</strong></span> <span class='ocrx_word' id='word_1_672' title='bbox 1583 4936 1715 4991; x_wconf 67' lang='lat' dir='ltr'><strong>mammo</strong></span> <span class='ocrx_word' id='word_1_673' title='bbox 1738 4951 1807 4991; x_wconf 79' lang='lat' dir='ltr'><strong>vero</strong></span> <span class='ocrx_word' id='word_1_674' title='bbox 1819 4943 1894 4989; x_wconf 71' lang='lat' dir='ltr'><strong>som!</strong></span> 
     </span>
     <span class='ocr_line' id='line_1_53' title="bbox 180 5017 1890 5100; baseline 0.001 -24"><span class='ocrx_word' id='word_1_675' title='bbox 180 5021 231 5093; x_wconf 88' lang='lat' dir='ltr'><strong>qui</strong></span> <span class='ocrx_word' id='word_1_676' title='bbox 246 5021 281 5075; x_wconf 93' lang='lat' dir='ltr'><strong>ad</strong></span> <span class='ocrx_word' id='word_1_677' title='bbox 298 5021 386 5078; x_wconf 88' lang='lat' dir='ltr'><strong>horas</strong></span> <span class='ocrx_word' id='word_1_678' title='bbox 403 5023 524 5079; x_wconf 88' lang='lat' dir='ltr'><strong>diurnus</strong></span> <span class='ocrx_word' id='word_1_679' title='bbox 539 5028 568 5080; x_wconf 92' lang='lat' dir='ltr'><strong>ot</strong></span> <span class='ocrx_word' id='word_1_680' title='bbox 582 5025 723 5080; x_wconf 83' lang='lat' dir='ltr'><strong>seriarum</strong></span> <span class='ocrx_word' id='word_1_681' title='bbox 739 5042 882 5098; x_wconf 86' lang='lat' dir='ltr'><strong>vesperas</strong></span> <span class='ocrx_word' id='word_1_682' title='bbox 897 5028 1106 5097; x_wconf 87' lang='lat' dir='ltr'><strong>decurrantur,</strong></span> <span class='ocrx_word' id='word_1_683' title='bbox 1118 5027 1235 5100; x_wconf 90' lang='lat' dir='ltr'><strong>aliquos</strong></span> <span class='ocrx_word' id='word_1_684' title='bbox 1246 5026 1393 5097; x_wconf 82' lang='lat' dir='ltr'><strong>pertinere</strong></span> <span class='ocrx_word' id='word_1_685' title='bbox 1403 5025 1441 5080; x_wconf 92' lang='lat' dir='ltr'><strong>ad</strong></span> <span class='ocrx_word' id='word_1_686' title='bbox 1451 5024 1662 5094; x_wconf 64' lang='lat' dir='ltr'><strong>Ambrosium</strong></span> <span class='ocrx_word' id='word_1_687' title='bbox 1678 5026 1736 5081; x_wconf 87' lang='lat' dir='ltr'><strong>sod</strong></span> <span class='ocrx_word' id='word_1_688' title='bbox 1746 5017 1890 5098; x_wconf 68' lang='lat' dir='ltr'><strong>causasti</strong></span> 
     </span>
     <span class='ocr_line' id='line_1_54' title="bbox 180 5105 1948 5186; baseline -0.002 -20"><span class='ocrx_word' id='word_1_689' title='bbox 180 5110 285 5167; x_wconf 89' lang='lat' dir='ltr'><strong>alienis</strong></span> <span class='ocrx_word' id='word_1_690' title='bbox 298 5111 476 5182; x_wconf 84' lang='lat' dir='ltr'><strong>dignoscere</strong></span> <span class='ocrx_word' id='word_1_691' title='bbox 487 5113 548 5177; x_wconf 83' lang='lat' dir='ltr'><strong>hoc</strong></span> <span class='ocrx_word' id='word_1_692' title='bbox 562 5131 648 5186; x_wconf 91' lang='lat' dir='ltr'><strong>opus,</strong></span> <span class='ocrx_word' id='word_1_693' title='bbox 666 5115 714 5171; x_wconf 90' lang='lat' dir='ltr'><strong>hie</strong></span> <span class='ocrx_word' id='word_1_694' title='bbox 730 5116 815 5172; x_wconf 89' lang='lat' dir='ltr'><strong>labor</strong></span> <span class='ocrx_word' id='word_1_695' title='bbox 829 5119 885 5186; x_wconf 85' lang='lat' dir='ltr'><strong>ost,</strong></span> <span class='ocrx_word' id='word_1_696' title='bbox 901 5131 937 5172; x_wconf 90' lang='lat' dir='ltr'><strong>eo</strong></span> <span class='ocrx_word' id='word_1_697' title='bbox 952 5115 1061 5173; x_wconf 90' lang='lat' dir='ltr'><strong>minori</strong></span> <span class='ocrx_word' id='word_1_698' title='bbox 1075 5132 1143 5170; x_wconf 91' lang='lat' dir='ltr'><strong>cum</strong></span> <span class='ocrx_word' id='word_1_699' title='bbox 1156 5115 1338 5172; x_wconf 81' lang='lat' dir='ltr'><strong>dubitatione</strong></span> <span class='ocrx_word' id='word_1_700' title='bbox 1352 5115 1420 5171; x_wconf 91' lang='lat' dir='ltr'><strong>illos</strong></span> <span class='ocrx_word' id='word_1_701' title='bbox 1435 5113 1603 5182; x_wconf 90' lang='lat' dir='ltr'><strong>omisimus,</strong></span> <span class='ocrx_word' id='word_1_702' title='bbox 1620 5114 1701 5185; x_wconf 92' lang='lat' dir='ltr'><strong>quod</strong></span> <span class='ocrx_word' id='word_1_703' title='bbox 1718 5115 1781 5170; x_wconf 84' lang='lat' dir='ltr'><strong>lere</strong></span> <span class='ocrx_word' id='word_1_704' title='bbox 1793 5105 1887 5168; x_wconf 73' lang='lat' dir='ltr'><strong>innan</strong></span> <span class='ocrx_word' id='word_1_705' title='bbox 1939 5105 1948 5160; x_wconf 82' lang='grc' dir='ltr'><strong>ι</strong></span> 
     </span>
     <span class='ocr_line' id='line_1_55' title="bbox 179 5199 1931 5274; baseline 0.002 -18"><span class='ocrx_word' id='word_1_706' title='bbox 179 5199 238 5256; x_wconf 89' lang='lat' dir='ltr'><strong>bus</strong></span> <span class='ocrx_word' id='word_1_707' title='bbox 254 5199 424 5268; x_wconf 76' lang='lat' dir='ltr'><strong>iheriariis,</strong></span> <span class='ocrx_word' id='word_1_708' title='bbox 440 5201 565 5274; x_wconf 87' lang='lat' dir='ltr'><strong>aliisque</strong></span> <span class='ocrx_word' id='word_1_709' title='bbox 582 5204 666 5260; x_wconf 89' lang='lat' dir='ltr'><strong>libris</strong></span> <span class='ocrx_word' id='word_1_710' title='bbox 684 5205 809 5260; x_wconf 82' lang='lat' dir='ltr'><strong>maxime</strong></span> <span class='ocrx_word' id='word_1_711' title='bbox 825 5205 922 5261; x_wconf 81' lang='lat' dir='ltr'><strong>obuiis</strong></span> <span class='ocrx_word' id='word_1_712' title='bbox 938 5204 1189 5261; x_wconf 76' lang='lat' dir='ltr'><strong>circumferuntur</strong></span> <span class='ocrx_word' id='word_1_713' title='bbox 1204 5205 1253 5274; x_wconf 84' lang='lat' dir='ltr'><strong>(t).</strong></span> <span class='ocrx_word' id='word_1_714' title='bbox 1924 5194 1948 5281; x_wconf 60' lang='grc' dir='ltr'><strong>ἶ,</strong></span> 
     </span>
    </p>
   </div>
   <div class='ocr_carea' id='block_1_3' title="bbox 180 5336 1883 5506">
    <p class='ocr_par' dir='ltr' id='par_1_9' title="bbox 180 5336 1883 5506">
     <span class='ocr_line' id='line_1_56' title="bbox 216 5336 1883 5431; baseline -0.002 -35"><span class='ocrx_word' id='word_1_715' title='bbox 216 5343 254 5427; x_wconf 69' lang='grc' dir='ltr'>(ι)</span> <span class='ocrx_word' id='word_1_716' title='bbox 270 5342 371 5397; x_wconf 79' lang='grc' dir='ltr'>Αιιίειῑε</span> <span class='ocrx_word' id='word_1_717' title='bbox 392 5343 591 5426; x_wconf 79' lang='lat' dir='ltr'><strong>Appendirem</strong></span> <span class='ocrx_word' id='word_1_718' title='bbox 607 5344 698 5427; x_wconf 82' lang='lat' dir='ltr'><strong>hujus</strong></span> <span class='ocrx_word' id='word_1_719' title='bbox 715 5346 784 5401; x_wconf 91' lang='lat' dir='ltr'><strong>tomi</strong></span> <span class='ocrx_word' id='word_1_720' title='bbox 808 5345 831 5399; x_wconf 91' lang='lat' dir='ltr'><strong>ll</strong></span> <span class='ocrx_word' id='word_1_721' title='bbox 852 5346 991 5402; x_wconf 89' lang='lat' dir='ltr'><strong>editionis</strong></span> <span class='ocrx_word' id='word_1_722' title='bbox 1013 5346 1213 5430; x_wconf 71' lang='lat' dir='ltr'><strong>Benedictinee</strong></span> <span class='ocrx_word' id='word_1_723' title='bbox 1234 5346 1423 5431; x_wconf 77' lang='lat' dir='ltr'><strong>(l’atrclogiae</strong></span> <span class='ocrx_word' id='word_1_724' title='bbox 1442 5349 1512 5430; x_wconf 83' lang='lat' dir='ltr'><strong>tom.</strong></span> <span class='ocrx_word' id='word_1_725' title='bbox 1535 5347 1631 5415; x_wconf 81' lang='grc' dir='ltr'>ιιιίιι),</span> <span class='ocrx_word' id='word_1_726' title='bbox 1655 5346 1706 5403; x_wconf 91' lang='lat' dir='ltr'><strong>ubi</strong></span> <span class='ocrx_word' id='word_1_727' title='bbox 1726 5345 1761 5400; x_wconf 94' lang='lat' dir='ltr'><strong>ad</strong></span> <span class='ocrx_word' id='word_1_728' title='bbox 1782 5336 1883 5399; x_wconf 68' lang='lat' dir='ltr'><strong>secunda</strong></span> 
     </span>
     <span class='ocr_line' id='line_1_57' title="bbox 180 5415 1548 5506; baseline 0.003 -36"><span class='ocrx_word' id='word_1_729' title='bbox 180 5421 272 5506; x_wconf 82' lang='lat' dir='ltr'><strong>partis</strong></span> <span class='ocrx_word' id='word_1_730' title='bbox 287 5415 398 5471; x_wconf 84' lang='lat' dir='ltr'><strong>calcem</strong></span> <span class='ocrx_word' id='word_1_731' title='bbox 414 5418 489 5488; x_wconf 86' lang='lat' dir='ltr'><strong>ultra</strong></span> <span class='ocrx_word' id='word_1_732' title='bbox 503 5423 716 5506; x_wconf 74' lang='lat' dir='ltr'><strong>quinquaginta</strong></span> <span class='ocrx_word' id='word_1_733' title='bbox 731 5418 857 5489; x_wconf 76' lang='lat' dir='ltr'><strong>hymnos</strong></span> <span class='ocrx_word' id='word_1_734' title='bbox 873 5418 974 5491; x_wconf 89' lang='lat' dir='ltr'><strong>legere</strong></span> <span class='ocrx_word' id='word_1_735' title='bbox 991 5421 1047 5489; x_wconf 88' lang='lat' dir='ltr'><strong>est,</strong></span> <span class='ocrx_word' id='word_1_736' title='bbox 1064 5419 1215 5476; x_wconf 77' lang='lat' dir='ltr'><strong>Ambrosia</strong></span> <span class='ocrx_word' id='word_1_737' title='bbox 1230 5434 1348 5474; x_wconf 82' lang='lat' dir='ltr'><strong>nomine</strong></span> <span class='ocrx_word' id='word_1_738' title='bbox 1376 5422 1548 5492; x_wconf 77' lang='lat' dir='ltr'><strong>inscriptos,</strong></span> 
     </span>
    </p>
   </div>
   <div class='ocr_carea' id='block_1_4' title="bbox 1019 5559 1948 5670">
    <p class='ocr_par' dir='ltr' id='par_1_10' title="bbox 1019 5559 1948 5670">
     <span class='ocr_line' id='line_1_58' title="bbox 1931 5559 1948 5597; baseline 0 0"><span class='ocrx_word' id='word_1_739' title='bbox 1931 5559 1948 5597; x_wconf 76' lang='grc' dir='ltr'><em>Ε</em></span> 
     </span>
     <span class='ocr_line' id='line_1_59' title="bbox 1019 5641 1094 5670; baseline 0 -11"><span class='ocrx_word' id='word_1_740' title='bbox 1019 5641 1094 5670; x_wconf 69' lang='grc' dir='ltr'><strong>ρ-</strong></span> 
     </span>
    </p>
   </div>
   <div class='ocr_carea' id='block_1_5' title="bbox 0 0 1960 6128">
    <p class='ocr_par' dir='ltr' id='par_1_11' title="bbox 0 0 1960 6128">
     <span class='ocr_line' id='line_1_60' title="bbox 0 0 1960 6128; baseline 0 0"><span class='ocrx_word' id='word_1_741' title='bbox 0 0 1960 6128; x_wconf 95' lang='lat' dir='ltr'><strong> </strong></span> 
     </span>
    </p>
   </div>
  </div>
 </body>
</html>
