3900 6128
184 349 246 416 12³

907 346 941 408 S.
964 343 1186 409 amenesii.

1854 343 1915 411 124

188 551 264 620 otus,
280 549 330 620 qui
345 550 469 622 eligeret
486 548 576 605 lilium
588 563 675 604 suum
686 548 733 604 vel
750 548 827 619 apud
842 547 967 601 alienam
979 546 1020 599 vi·
1038 524 1066 588 Ᾰ
1117 547 1231 627 rapinae
1243 545 1330 601 Sabae
1341 552 1545 619 ammoneatur,¹
1558 552 1617 602 tom
1630 547 1798 618 dosa-pirum,
1813 549 1843 599 et
1858 543 1915 599 Da·

188 653 269 708 vere,
286 654 373 709 quam
388 639 417 692 in
433 641 593 708 conspectu
614 639 715 692 matris
733 637 842 692 necari.

192 747 196 754 ·
226 727 271 781 lt.
287 726 443 797 Sapientiae
458 728 550 798 igitur
560 727 614 780 luit
629 726 944 798 latentesdistinguere
954 741 1023 780 con·

189 815 342 885 scientias,
366 832 404 869 ex
426 816 551 869 occultis
574 831 677 869 eruere
698 816 868 883 veritatcm3
892 818 920 868 et
944 814 1024 869 velut

187 903 313 976 quadam
330 905 490 973 machaera,
504 905 540 958 ita
558 905 680 975 spiritus
693 904 791 976 gladio
803 907 956 974 penetrare
965 919 1025 959 non

188 992 286 1048 solum
300 993 385 1061 uteri,
403 993 457 1047 sed
480 995 566 1047 etiam
586 994 691 1047 animae
711 996 739 1046 ct
762 994 867 1046 mentis
888 993 1022 1047 viscera:

185 1079 310 1151 justitiae
326 1097 454 1153 quoque,
472 1084 503 1135 ut
518 1097 584 1152 quae
607 1098 695 1135 suum
713 1084 879 1147 necaverat,
896 1080 1024 1135 alienum

189 1183 249 1223 non
264 1169 398 1238 tolleret,
420 1170 473 1224 scd
496 1186 565 1224 vera
582 1172 676 1224 mater
690 1171 836 1239 reciperet
851 1185 948 1224 suum.
966 1170 1024 1223 lle-

190 1258 279 1328 niqua
295 1259 381 1312 ctiam
396 1257 546 1328 Scriptura
571 1259 627 1312 hoc
646 1259 862 1328 pronuntiavit:
887 1258 1022 1323 Audivit,

190 1345 294 1416 inquit,
315 1348 409 1400 oannis
429 1347 524 1401 lsrael
538 1347 592 1401 lroc
605 1348 762 1418 judicium,
784 1346 860 1418 prod
874 1347 1025 1416 judicavit

192 1450 269 1489 rex:
285 1441 314 1489 et
331 1437 492 1489 timuerunt
508 1452 524 1490 a
544 1435 623 1490 facie
638 1436 732 1506 repis,
751 1451 784 1490 eo
800 1436 875 1507 quod
887 1434 1025 1489 intellec-

192 1527 239 1576 tus
249 1523 307 1578 Dei
322 1525 351 1577 in
364 1540 397 1578 eo
408 1530 497 1587 esset,
512 1529 541 1578 ut
558 1523 673 1578 iaceret
678 1524 828 1595 justitiam
841 1523 884 1582 illl
892 1524 965 1594 ch.
983 1539 1023 1591 ιιι,

190 1609 245 1679 88).
263 1611 396 1682 lienique
413 1615 440 1666 ct
461 1613 525 1682 ipse
542 1611 681 1666 Salomon
698 1612 736 1665 ita
753 1613 890 1682 poposcit
905 1611 1026 1681 sapien-

190 1699 270 1768 tiam,
288 1703 318 1754 ut
332 1700 451 1754 daretur
464 1701 521 1754 sibi
538 1717 590 1755 cor
604 1701 734 1770 prudens
746 1701 847 1756 audire
863 1702 891 1754 et
903 1698 1024 1771 judica-

191 1802 223 1843 re
238 1803 304 1843 cum
318 1788 432 1860 justitia
449 1789 535 1858 (ibid.
555 1790 594 1859 9).

509 1896 635 1950 CAPUT
651 1895 701 1949 lx.

195 1999 335 2067 Quamvis
355 2002 517 2057 individuae
538 2003 598 2055 sint
613 2002 734 2070 justitia
751 2009 837 2073 utque
849 2000 1021 2072 prudentia,

231 2073 312 2144 vulpi
332 2079 429 2126 terren
455 2073 626 2127 cardinales
655 2073 783 2127 virtutes
807 2074 1025 2144 distiupueutis

227 2145 349 2215 inpcnio
360 2145 555 2198 serviendum
572 2160 649 2199 csse.

226 2249 270 2304 48.
288 2250 393 2320 Liquet
408 2251 499 2320 igitur
514 2251 600 2305 ctiam
612 2251 775 2304 secundum
786 2249 966 2319 Scripluram
982 2250 1025 2303 di·

192 2338 301 2408 vinam,
321 2354 387 2409 quae
407 2340 554 2410 antiquior
569 2344 623 2400 est,
642 2340 814 2408 sapientiam
830 2340 895 2392 siue
909 2339 1024 2408 justitia

193 2441 262 2482 asse
278 2442 336 2481 non
352 2443 460 2498 posse;
477 2428 543 2497 quia
559 2428 608 2481 ubi
625 2443 681 2480 una
698 2444 797 2480 carum
815 2427 965 2494 virtutum,
983 2426 1023 2479 ibi

192 2516 316 2584 utraque
327 2517 382 2568 est.
395 2515 496 2568 Daniel
511 2531 628 2586 quoquc
644 2507 692 2570 82
709 2531 796 2586 quum
807 2515 1023 2584 sapienteralta

192 2602 422 2673 interrogatione
439 2602 632 2657 fraudulentae
647 2603 846 2657 accusationis
862 2603 1024 2673 deprehen-

191 2689 233 2744 dit
248 2690 442 2759 mendacium,
465 2695 496 2745 ut
518 2691 761 2745 calumniatorum
786 2691 843 2744 sibi
865 2691 1023 2760 responsio

191 2793 250 2831 non
272 2776 459 2833 conveniretl
486 2778 652 2833 Prudentiae
673 2780 763 2850 igitur
783 2778 836 2833 suit
856 2781 939 2832 vocis
960 2796 1024 2834 suae

190 2866 359 2920 testimonio
373 2882 440 2920 reos
451 2867 576 2937 prodere
588 2883 593 2921 :
604 2867 728 2938 justitiae
740 2883 868 2938 quoquc,
882 2872 1024 2922 nocentes

191 2955 337 3025 supplicio
361 2955 441 3024 darc,
467 2956 651 3010 innocentem
672 2956 839 3011 subducere
859 2956 942 3027 (Dan.
959 2973 1022 3026 xm,

190 3041 225 3098 48
241 3049 270 3098 et
285 3044 371 3116 sep).

1116 618 1236 672 melem.

1114 707 1158 760 50.
1177 708 1411 761 l'rudentissimo
1427 708 1532 777 cuique
1548 724 1667 763 causam
1686 715 1818 767 nostram
1835 728 1916 767 oom-

1079 796 1232 865 mittimus,
1251 800 1278 850 et
1289 797 1325 849 ub
1337 813 1371 850 co
1388 797 1543 850 consilium
1555 801 1720 868 promptius
1732 818 1820 871 quom
1830 818 1847 855 a
1859 819 1916 857 cm·

1080 885 1152 937 teris
1168 885 1331 955 poscimus
1346 885 1470 938 Praestat
1481 888 1577 940 tamen
1588 887 1673 941 fidele
1684 889 1742 960 (ιι)
1754 889 1830 960 justi
1845 907 1916 945 con·

1080 972 1177 1027 silium
1186 973 1251 1042 viri,
1264 978 1292 1028 et
1303 974 1516 1043 sapientissimi
1529 975 1648 1048 iugenio
1662 977 1833 1048 frequenter
1843 996 1918 1049 prae·

1079 1062 1231 1132 ponderat.
1252 1062 1344 1116 Utilia
1356 1063 1413 1130 (l8)
1423 1064 1500 1116 cuim
1515 1064 1636 1119 vulnera
1646 1067 1735 1120 amici
1749 1084 1834 1140 quam
1846 1067 1917 1124 alio·

1080 1151 1375 1219 r·u1uoseula(Prov.
1393 1169 1483 1215 xxvu,
1501 1152 1538 1221 a).
1557 1153 1668 1208 Deinde
1691 1156 1759 1226 quia
1773 1156 1848 1226 justi
1863 1156 1915 1227 ju·

1079 1239 1188 1294 dicium
1204 1244 1258 1307 est,
1276 1241 1418 1310 sapientis
1442 1244 1539 1295 autem
1562 1247 1770 1314 argumentum
1785 1244 1863 1314 (49);
1885 1246 1915 1300 ιιι

1080 1328 1129 1382 illo
1147 1344 1272 1383 censura
1288 1329 1521 1399 disceptationis,
1539 1330 1567 1385 in
1584 1331 1639 1386 hoc
1651 1332 1795 1388 calliditas
1807 1334 1915 1389 inven-

1080 1417 1180 1471 lionis,

1116 1506 1160 1559 51.
1185 1504 1268 1570 Quod
1291 1508 1317 1561 si
1343 1510 1499 1579 utrumque
1526 1513 1702 1579 connectas,
1726 1511 1782 1565 erit
1806 1527 1915 1584 magna

1082 1595 1273 1649 consiliorum
1285 1597 1457 1666 salubritas,
1471 1613 1536 1668 quae
1548 1597 1584 1651 ab
1595 1600 1745 1654 universis
1765 1604 1916 1670 spectatur

1081 1684 1272 1738 admiratione
1289 1687 1443 1755 sapientiae
1460 1689 1487 1740 et
1498 1686 1731 1757 amorejustitiae
1745 1704 1752 1758 3
1768 1692 1800 1743 ut
1812 1704 1914 1745 omnes

1082 1775 1217 1842 quaerant
1230 1773 1332 1828 audire
1348 1775 1522 1844 sapientiam
1538 1773 1605 1845 ejus
1618 1776 1683 1844 viri,
1696 1776 1725 1830 iu
1736 1792 1794 1847 quo
1806 1778 1915 1832 utrius·

1040 1846 1138 1931 Bque
1163 1862 1280 1915 virtutis
1304 1864 1407 1932 copula
1432 1864 1489 1918 sit:
1513 1863 1590 1918 sicut
1615 1865 1787 1934 quaerebant
1813 1879 1915 1921 onrnes

1082 1965 1171 2020 reges
1187 1953 1274 2004 terrae
1290 1952 1391 2006 videre
1408 1951 1511 2005 taciem
1523 1952 1701 2020 Salomonis,
1714 1958 1742 2006 et
1757 1955 1916 2010 audiresa-

1081 2040 1220 2108 pientiam
1235 2039 1317 2109 ejus;
1330 2041 1367 2094 ita
1379 2044 1409 2094 ut
1425 2045 1452 2095 et
1463 2041 1539 2094 Saba
1552 2041 1654 2112 regina
1664 2043 1777 2097 veniret
1788 2043 1825 2097 ml
1838 2059 1913 2110 cum,

1081 2131 1109 2180 et
1124 2130 1246 2181 tentaret
1263 2144 1328 2181 cum
1345 2129 1373 2181 iu
1391 2129 1608 2200 quacsbouibus
1623 2146 1628 2184 :
1646 2131 1687 2184 Et
1702 2133 1792 2201 verrit,
1812 2139 1841 2186 et
1856 2151 1913 2187 om·

1081 2216 1129 2268 nia
1144 2215 1238 2270 locuta
1255 2224 1301 2272 est
1317 2235 1380 2288 qaae
1395 2218 1524 2272 irretiebat
1536 2221 1567 2272 iu
1579 2219 1668 2274 corde
1679 2237 1740 2288 suo,
1759 2226 1788 2274 et
1800 2222 1914 2275 audivit

1081 2319 1194 2357 omnem
1215 2306 1392 2375 sapientiam
1411 2307 1588 2376 Saloirroriis,
1608 2324 1660 2362 uec
1680 2309 1769 2362 ullum
1793 2309 1912 2364 verbum

1078 2393 1251 2463 praeterivit
1268 2411 1330 2448 cam
1342 2395 1400 2462 (ΙΙΙ
1413 2395 1486 2466 llcp.
1499 2413 1529 2464 x,
1547 2397 1563 2449 8
1582 2402 1611 2450 ct
1626 2397 1665 2466 8).

1115 2482 1159 2536 58,
1175 2481 1246 2546 Quae
1263 2485 1301 2537 sit
1322 2485 1387 2551 ista,
1410 2500 1497 2554 quam
1518 2485 1589 2539 nibil
1616 2489 1781 2556 praetereat,
1800 2503 1854 2540 nec
1879 2489 1917 2541 sit

1081 2569 1190 2641 aliquid
1206 2573 1284 2642 quod
1300 2573 1325 2625 ci
1348 2589 1407 2627 nou
1426 2575 1641 2629 annuntiaverit
1659 2591 1749 2628 verus
1764 2575 1915 2644 Salomon,

1082 2673 1242 2730 cognosco,
1260 2678 1277 2714 o
1297 2661 1395 2729 bomo,
1412 2678 1447 2715 cx
1468 2662 1515 2715 his
1537 2678 1603 2732 quae
1619 2663 1704 2716 audis
1725 2662 1915 2734 loquentem:

1087 2747 1181 2802 Verus
1192 2757 1248 2817 cst,
1257 2751 1359 2820 inquit,
1372 2766 1560 2822 sermoquem
1568 2751 1669 2805 audivi
1676 2753 1706 2805 in
1714 2758 1869 2807 terramca
1880 2754 1917 2808 de

1081 2838 1271 2892 sermonibus
1281 2841 1339 2893 tuis
1351 2845 1379 2893 et
1396 2840 1603 2910 deprimentia
1616 2846 1674 2907 tna,
1688 2847 1716 2895 ct
1729 2858 1785 2895 nori
1798 2841 1917 2896 credidi

1081 2925 1130 2979 bis
1140 2926 1189 2998 qui
1198 2927 1338 2981 dicebant
1349 2928 1432 2995 milii,
1446 2928 1538 2982 donec
1555 2930 1631 2996 veni,
1645 2936 1673 2982 ot
1689 2930 1829 2984 viderunt
1841 2930 1917 2984 eruli

1082 3016 1157 3070 mei:
1170 3023 1198 3069 et
1206 3032 1282 3069 nunc
1292 3032 1347 3071 non
1355 3023 1401 3071 est
1409 3032 1462 3071 nee
1472 3017 1595 3071 diruidia
1607 3018 1804 3090 paidempars
1812 3034 1917 3074 secun·

226 3131 271 3187 49.
288 3132 341 3186 Est
355 3148 428 3205 ergo
445 3133 629 3187 individuum
641 3132 1024 3204 sapientiaeatqucjustitiae
1043 3104 1150 3199 edm„
1170 3120 1204 3159 9⁸
1221 3122 1284 3178 ΨΜ
1308 3105 1521 3159 ³⁰¹¹Hmi⁸b⁸¹²²
1542 3107 1624 3159 mihi·
1645 3107 1821 3178 Al’lwsm‘i
1841 3108 1914 3162 Μ’

192 3220 417 3276 contubernium
430 3237 436 3277 :
455 3222 507 3276 sed
518 3221 600 3293 vulgi
609 3237 665 3276 usu
674 3221 813 3276 dividitur
821 3238 877 3276 una
889 3222 1023 3294 quaedam

191 3308 286 3367 torma
306 3310 446 3364 virtutum
466 3310 531 3379 (45),
557 3314 586 3364 ut
609 3310 798 3380 temperantia
819 3311 857 3365 sit
877 3311 906 3364 in
921 3311 1024 3380 despi-

189 3397 303 3453 ciendis
320 3398 534 3467 voluplatibus:
557 3398 695 3453 fortitudo
710 3403 860 3469 spectetur
870 3401 899 3453 in
911 3398 1024 3454 labori·

190 3482 249 3541 bus
269 3488 298 3541 et
321 3487 481 3556 periculis:
508 3487 662 3556 prudentia
682 3489 711 3541 in
732 3488 847 3542 delectu
866 3487 1022 3559 bonorum,

190 3575 292 3633 ueiens
309 3576 462 3630 commoda
487 3579 515 3630 et
530 3576 655 3630 adversa
679 3577 883 3648 distinguere:
905 3576 1023 3648 justitia

148 3678 151 3684 ’
193 3678 260 3735 quae
274 3664 313 3718 sit
328 3664 404 3719 bona
420 3668 522 3719 custos
536 3664 614 3735 juris
624 3664 722 3734 alieni,
733 3668 761 3720 et
776 3666 885 3719 vindex
893 3666 1025 3736 proprie·

191 3753 270 3821 tatis,
288 3768 374 3807 suum
385 3753 490 3824 cuique
502 3768 695 3808 conservans.
706 3754 749 3808 Sit
760 3769 832 3825 ergo
847 3754 934 3809 nobis
946 3771 1025 3809 com-

190 3840 291 3896 munis
307 3842 456 3910 opinionis
472 3842 566 3913 gralia
582 3842 793 3913 quadripartita
808 3843 873 3897 baec
890 3842 967 3897 iacta
983 3843 1026 3896 di·

189 3929 278 3997 visio,
294 3932 325 3982 ut
345 3929 380 3982 ab
403 3928 451 3983 illu
467 3929 569 3984 subtili
590 3930 786 3999 disputatione
810 3931 1025 4001 philosophicae

190 4017 352 4087 sapientiae,
374 4033 440 4088 quaa
461 4017 598 4074 limandae
619 4019 751 4072 veritatis
772 4035 860 4073 causa
882 4020 968 4090 qrrasi
987 4035 1026 4074 ex

189 4104 275 4175 adyto
291 4106 417 4176 quodam
433 4106 545 4161 eruitur
560 4106 626 4177 (46),
645 4107 829 4162 retrahentes
844 4108 960 4178 pedem,
977 4107 1024 4162 io-

189 4208 308 4249 rensem
319 4210 406 4249 usum
418 4210 451 4248 ac
462 4196 631 4265 popularem
643 4211 765 4250 sensum
778 4211 948 4267 sequamur.
962 4196 1024 4251 llao

188 4281 434 4356 igiturdivisione
444 4288 572 4352 servata,
584 4288 768 4339 revertamur
779 4285 815 4338 ad
827 4285 1022 4356 propositum.

513 4388 639 4444 CAPUT
659 4391 695 4444 X.

189 4491 323 4552 Salutem
338 4495 418 4567 justi
435 4496 495 4549 viri
510 4512 593 4567 quam
610 4496 770 4566 prudentis
786 4495 912 4552 consilio
928 4497 1025 4568 mapis

226 4569 385 4622 committi:
397 4583 461 4622 eum
471 4574 566 4622 autem
579 4568 628 4639 qui
636 4569 829 4637 iustitiamac
833 4568 1024 4638 prudentiam

226 4637 296 4692 inse
306 4639 505 4710 conjunxerit,
515 4638 924 4709 abornaribusexpetisolere:
937 4640 1024 4711 brejas

224 4708 1024 4782 reiexcmplumfuissetomSalomonem,depuoverba

224 4848 270 4916 (45
303 4847 363 4904 Cic.
380 4849 430 4905 lib.
448 4868 477 4920 u,
496 4867 562 4924 pag.
579 4852 641 4920 878,
659 4851 701 4906 lin
725 4853 778 4906 50:
797 4873 808 4900 ι
826 4849 1023 4915 Quamobrem

188 4920 271 5045 {alvu
284 4936 351 4992 gus,
368 4921 406 4974 ita
421 4936 476 4976 nos
492 4923 548 4977 boo
564 4924 628 4978 loco
642 4924 801 4994 loquimur,
818 4926 848 4976 ut
867 4922 942 4976 alios
959 4922 1023 4977 lor-

202 5004 245 5057 es,
265 5013 275 5038 o
293 4996 349 5044 elo.

225 5060 282 5129 (46)
298 5060 380 5115 Paris
395 5063 464 5116 edit.
484 5064 632 5132 nonnulle,
651 5081 713 5135 puae
732 5063 922 5119 eliminandae
942 5065 1023 5118 veri·

190 5132 263 5188 tatis
286 5148 383 5186 causa.
401 5133 468 5187 Non
485 5137 558 5188 satis
575 5141 664 5189 reete.

225 5202 282 5272 (lt)
296 5203 357 5257 (iic.
379 5203 429 5258 lib.
452 5221 471 5257 ιι
493 5204 589 5270 orae,
611 5222 679 5330 pap.
701 5205 763 5270 878,
784 5206 835 5259 lin.
857 5205 908 5259 ll:
933 5229 944 5252 a
964 5205 1022 5259 lla·

188 5289 253 5398 ιιιῆι
268 5274 360 5397 {gitur
371 5276 492 5329 duarum
504 5277 539 5331 ad
551 5277 637 5331 fidem
666 5276 819 5331 sciendam
828 5275 941 5346 justitia
953 5277 1020 5347 plus

208 5361 225 5400 o
249 5360 286 5411 e,
306 5368 316 5391 υ
342 5350 397 5399 etc.

186 5361 206 5417 p
223 5415 280 5498 (48)
296 5415 371 5470 Edit.
389 5433 454 5472 cum
470 5433 544 5472 mss.
561 5416 706 5488 pauculis,
726 5416 854 5471 Utiliora
873 5418 1018 5487 (Amerb,

190 5486 286 5555 utilia)
297 5488 374 5541 anim
390 5487 511 5542 vulnera
525 5488 622 5551 amici,
636 5504 720 5559 qnam
730 5487 895 5541 alienorum
909 5488 1018 5543 osenla.

188 5557 263 5612 Mss.
279 5572 351 5613 vero
367 5559 456 5613 multo
472 5559 573 5629 plures
588 5574 622 5611 ao
638 5558 826 5625 vetustiores,
848 5557 960 5612 Utilia.
983 5600 990 5612 .
1012 5600 1019 5614 .

192 5644 275 5698 qnam
286 5628 410 5683 aliorum
426 5629 534 5683 osenla.
552 5629 638 5682 Hune
654 5628 845 5698 versiculum,
862 5629 911 5699 qui
928 5628 1021 5684 babe-

188 5699 237 5755 tur
251 5700 328 5770 apud
343 5700 425 5755 solos
442 5700 521 5757 LXX
536 5699 626 5757 erebo
642 5699 724 5754 citari
739 5699 776 5754 ab
791 5699 949 5756 Ambrosio
964 5700 1019 5755 ad-

1082 3196 1280 3266 superomnia
1296 3210 1358 3266 pum
1378 3193 1480 3248 andivi
1498 3184 1547 3249 83
1569 3195 1599 3247 in
1620 3201 1703 3248 terra
1719 3210 1794 3249 urea.
1813 3195 1915 3250 Beate

1081 3282 1224 3337 mulieres
1240 3289 1305 3349 tum,
1324 3288 1354 3336 et
1367 3282 1451 3336 beati
1462 3282 1552 3353 pueri
1568 3283 1610 3336 tui
1624 3283 1674 3354 qui
1684 3283 1831 3337 assistunt
1847 3283 1914 3353 tibi,

1082 3372 1131 3443 qui
1154 3371 1276 3426 audiunt
1301 3387 1413 3425 omnem
1427 3371 1616 3442 prudentiam
1640 3371 1858 3440 animumne
1883 3378 1912 3426 et

1081 3459 1165 3532 sep).
1183 3459 1316 3531 intellige
1333 3460 1501 3514 convivium
1521 3460 1584 3513 veri
1603 3458 1781 3532 Salomonis,
1804 3464 1915 3532 etque

1081 3552 1267 3620 apponuntur
1283 3551 1312 3603 ιιι
1337 3564 1371 3603 eo
1388 3549 1534 3615 convivio,
1555 3548 1688 3620 intellige
1712 3549 1871 3620 sapienter,
1887 3552 1917 3605 et

1082 3637 1238 3692 considera
1254 3638 1349 3709 inqua
1361 3641 1435 3692 terra
1446 3638 1637 3709 congregatio
1649 3640 1799 3693 nationum
1814 3639 1918 3694 audie·

1080 3727 1119 3781 rit
1133 3725 1240 3780 lamam
1254 3726 1407 3797 sapientiae
1422 3741 1501 3780 verae
1517 3729 1603 3798 atque
1615 3726 1750 3798 justitiae,
1766 3727 1916 3798 atquibus

1082 3831 1149 3871 eum
1164 3815 1271 3869 viderit
1286 3814 1392 3884 oculta,
1405 3815 1672 3885 contemplantibus
1687 3816 1788 3887 utique
1803 3831 1917 3888 eaquae

1081 3920 1141 3960 non
1156 3905 1301 3958 videntur.
1318 3902 1462 3969 Quoniam
1483 3920 1546 3975 quae
1573 3904 1721 3969 videntur,
1741 3904 1916 3976 temporalia

1081 3998 1170 4058 sunt,·
1194 4009 1257 4064 quae
1277 3998 1374 4047 antem
1399 4007 1455 4047 non
1483 3991 1632 4063 videntur,
1657 3998 1774 4047 aeterna
1793 3993 1831 4064 (ll
1846 3993 1915 4049 Gor.

1080 4081 1192 4152 rv,18).

1115 4170 1331 4236 sanassent
1355 4169 1449 4224 beatae
1464 4167 1615 4238 mulieres,
1633 4168 1691 4223 nisi
1715 4169 1773 4224 illm
1792 4169 1829 4225 de
1846 4171 1915 4242 qui·

1079 4259 1137 4314 bus
1153 4259 1269 4328 dicitur,
1287 4259 1354 4330 quia
1378 4258 1477 4312 multae
1501 4258 1625 4312 verbum
1649 4257 1701 4312 Ilei
1721 4259 1778 4327 (50)
1793 4260 1918 4314 audiunt

1080 4353 1110 4405 et
1124 4349 1240 4418 pariunt
1254 4349 1336 4417 (Luc.
1353 4363 1394 4417 ιιι,
1410 4347 1475 4417 eat?
1490 4346 1525 4401 Et
1539 4347 1627 4404 alibi:
1652 4346 1822 4420 Quicrmqna
1837 4350 1917 4402 enim

1038 4449 1066 4513 Ι)
1084 4436 1205 4492 verbum
1214 4437 1271 4491 Dei
1281 4438 1400 4504 iecerit,
1410 4436 1474 4507 ipse
1484 4451 1567 4490 meus
1576 4435 1713 4490 irateret
1723 4451 1814 4490 soror
1823 4443 1853 4491 et
1862 4453 1919 4491 ma·

1082 4532 1129 4581 ter
1145 4531 1191 4581 est
1205 4526 1324 4593 (ittarta.
1344 4541 1395 4593 xu,
1416 4525 1472 4591 50),
1493 4523 1547 4589 Qui
1568 4525 1655 4578 etiam
1675 4524 1758 4594 pueri
1779 4525 1823 4578 tui
1839 4525 1917 4580 beati

1080 4616 1131 4687 qui
1150 4615 1304 4683 assistunt,
1326 4613 1384 4667 nisi
1406 4612 1514 4667 Paulus
1534 4614 1585 4683 qui
1607 4612 1738 4668 dicebat:
1764 4612 1865 4686 Usque
1885 4615 1916 4668 in

1080 4705 1157 4759 lianc
1177 4704 1256 4758 diem
1274 4708 1321 4757 sto
1333 4708 1508 4775 protestans
1522 4701 1632 4756 minori
1652 4717 1685 4756 ac
1705 4701 1815 4774 majori
1832 4703 1913 4772 (Act.

1079 4849 1178 4901 vertas
1193 4846 1278 4914 licet,
1304 4860 1423 4914 semper
1436 4847 1532 4899 autem
1558 4843 1639 4898 illum
1662 4843 1700 4897 ita
1717 4843 1868 4913 exprimit,
1885 4846 1916 4898 ut

1078 4932 1132 4987 pro
1149 4917 1267 4971 utiliora
1283 4931 1356 4969 mss.
1374 4915 1559 4985 probatiores
1575 4915 1735 4969 exhibeant
1752 4916 1850 4984 utiba,
1863 4915 1914 4969 ubi

1078 4988 1269 5060 subintellige
1285 4988 1458 5041 adverbium
1469 4990 1582 5059 mapis;
1593 4990 1621 5040 at
1632 5001 1703 5041 vero
1718 5002 1772 5055 pro
1790 4985 1914 5040 aliorum

1078 5059 1187 5126 osenla,
1205 5059 1283 5130 quod
1298 5058 1347 5112 hic
1367 5059 1517 5127 scribitur,
1535 5073 1683 5128 nusquam
1701 5073 1760 5111 non
1777 5058 1914 5112 invenias

1081 5139 1246 5233 voluntaria
1262 5137 1359 5192 oscula
1376 5139 1499 5202 inimici,
1512 5143 1542 5193 ut
1553 5139 1642 5207 Lxx,
1661 5138 1800 5192 nimirum
1811 5135 1914 5189 ἑκούσια

1077 5216 1363 5362 ermrfflpieoplosadue
1386 5304 1449 5359 cup.
1465 5289 1482 5345 9
1497 5290 1526 5344 ιιι
1548 5293 1605 5344 vet.
1624 5290 1694 5344 edit.
1713 5286 1916 5369 protendeba-

1078 5365 1142 5445 tur:
1161 5378 1247 5442 quam
1264 5365 1358 5414 autem
1375 5366 1465 5430 recte,
1482 5361 1581 5433 quivis
1596 5360 1738 5415 lectorum
1760 5359 1850 5414 facile
1864 5376 1915 5430 ,pr-

1078 5433 1272 5573 dlidditliom.
1289 5501 1356 5556 edit.
1368 5503 1442 5572 sola,
1457 5504 1628 5559 Beataaeum
1642 5500 1765 5557 verbum
1775 5500 1841 5567 Dei,
1856 5504 1913 5556 etc.

1078 5575 1136 5630 Sed
1152 5574 1198 5629 bie
1214 5575 1374 5643 Scripturas
1389 5590 1522 5647 sensum,
1540 5575 1637 5645 potius
1650 5589 1738 5645 quam
1750 5572 1852 5644 verba,
1871 5573 1915 5627 ci-

1078 5647 1133 5702 tari
1149 5645 1337 5700 manifestum
1358 5649 1413 5700 est.
