3900 6128
756 692 1249 851 rra-Anarta

496 1069 569 1182 ru
597 1063 788 1181 nuuc
817 1062 1192 1181 sacuunnn
1230 1062 1493 1181 ronan.

864 1360 1105 1374 W

163 1599 332 1682 Quidquid
347 1595 533 1660 universim
547 1595 589 1659 ad
602 1595 745 1676 Operum
759 1593 865 1656 sancti
882 1590 1049 1655 Ambrosii
1070 1592 1328 1672 castigationem
1351 1593 1505 1675 pertinet,
1532 1592 1706 1675 speciatim
1729 1610 1807 1659 rere
1830 1592 1873 1663 ed

127 1702 262 1762 illorum
277 1697 449 1775 librorum,
466 1693 523 1775 qui
539 1691 709 1755 volumine
723 1691 829 1771 primo
844 1689 1067 1769 continentur,
1085 1708 1152 1753 non
1169 1689 1216 1752 ita
1231 1690 1451 1770 perfunctorie
1466 1694 1503 1756 in
1517 1691 1713 1757 Proelatione
1727 1692 1770 1757 ad
1785 1691 1875 1756 idem

127 1798 211 1860 illud
223 1797 380 1859 volumen
390 1792 616 1874 exposuimus,
628 1793 667 1852 ut
681 1789 716 1851 in
730 1788 794 1851 hac
806 1787 919 1850 iterari
933 1786 1102 1867 sineJ'usto
1116 1788 1246 1851 lectoris
1258 1788 1392 1852 fastidio
1402 1805 1496 1872 posse
1506 1788 1672 1854 videatur.
1684 1791 1754 1854 Hoc
1765 1789 1872 1870 igitur
1890 1808 1893 1813 ’

128 1897 197 1957 loco
211 1896 346 1956 tantum
358 1892 518 1971 superest,
535 1907 557 1950 u
587 1888 672 1951 circa
686 1904 741 1949 eos
756 1887 930 1948 Tractatus
946 1884 1068 1965 quibus
1083 1885 1138 1948 hie
1152 1888 1262 1949 tomus
1277 1889 1416 1968 constat,
1441 1893 1512 1951 tam
1533 1887 1592 1970 qui
1615 1887 1760 1968 legitimi
1781 1890 1873 1970 sunt,

126 2011 163 2055 ac
178 2008 254 2055 rere
269 1987 491 2067 Ambrosiam,
511 2003 613 2067 quam
629 1984 685 2066 qui
699 1983 905 2067 supposititii
919 1985 952 2045 et
962 1982 1152 2064 adulterini,
1171 1984 1286 2067 aliqua
1295 1985 1533 2068 expendamus,
1550 2004 1589 2050 ac
1596 1987 1637 2051 de
1648 1986 1715 2051 illis
1724 1986 1870 2070 insuper,

127 2091 185 2170 qui
199 2086 359 2168 temporis
374 2084 500 2164 injuria
515 2082 725 2163 interierunt,
743 2079 896 2162 quaedam
912 2078 1076 2145 dicamus.

166 2187 274 2250 Editis
288 2185 326 2247 in
337 2186 426 2246 tomo
437 2181 606 2264 superiore
618 2179 661 2242 iis
675 2178 780 2257 libris,
796 2178 854 2259 qui
869 2178 1012 2259 quodam
1026 2196 1087 2242 sao
1096 2178 1172 2259 jure
1186 2179 1228 2243 ad
1244 2179 1431 2260 Scripturas
1453 2180 1588 2245 divinas
1611 2181 1811 2265 referuntur,
1837 2182 1875 2249 in

127 2287 188 2349 hoc
201 2290 337 2347 ceteras
351 2279 500 2345 Doctoris
514 2277 617 2342 nostri
634 2276 929 2340 commentationes
943 2275 1152 2356 exhibemus,
1168 2294 1225 2340 eas
1248 2277 1410 2340 nimirum
1435 2278 1557 2360 quibus
1578 2279 1718 2363 propriae
1738 2280 1874 2345 eximiis

128 2382 329 2465 quibusdam
352 2377 551 2441 Christianae
574 2375 652 2438 vitre
675 2373 856 2455 generibus
881 2374 1021 2438 virtutes
1040 2376 1141 2455 atque
1166 2374 1406 2455 institutiones,
1432 2374 1623 2455 edocentur,
1651 2380 1684 2442 et
1700 2376 1872 2443 Catholioa

127 2482 286 2559 dogmata
299 2477 352 2540 rel
367 2476 587 2539 enucleantur
600 2471 799 2551 rudioribus,
816 2471 870 2534 vel
884 2471 926 2534 ab
941 2471 1112 2553 impietate
1127 2473 1357 2537 haereticorum
1370 2462 1607 2540 defenduntur.
1622 2473 1749 2553 Quibus
1763 2477 1872 2560 scrip-

126 2578 275 2642 tionibus
285 2594 361 2639 cum
376 2574 533 2655 epistolas
546 2571 696 2651 ejusdem
711 2570 880 2632 Antistitis
895 2568 1178 2650 subjunxerimus,
1205 2588 1272 2633 non
1294 2587 1389 2634 secus
1413 2574 1514 2653 atque
1534 2572 1708 2637 Orationes
1726 2572 1821 2639 abeo
1836 2574 1874 2641 in

128 2676 237 2757 Satyri
254 2675 376 2753 fratris,
394 2679 427 2735 et
443 2672 681 2751 imperatorum
694 2667 925 2733 Valentiniani
950 2685 989 2731 ac
1006 2668 1178 2732 Theodosii
1203 2668 1377 2733 funeribus
1398 2668 1550 2750 habitas;
1575 2687 1616 2733 ex
1638 2670 1693 2734 his
1717 2670 1874 2737 omnibus

127 2777 284 2837 solamen
299 2772 442 2836 efficitur
456 2788 532 2834 cum
547 2769 621 2851 ipsa
635 2767 807 2847 varietate,
826 2784 865 2829 ac
878 2766 1086 2830 diversarum
1102 2768 1163 2829 aevi
1178 2766 1389 2831 Ambrosiani
1405 2768 1474 2833 sive
1490 2768 1525 2832 ia
1538 2769 1701 2852 Ecclesia,
1718 2771 1789 2835 sive
1807 2771 1875 2836 im-

127 2874 218 2954 perio
233 2871 489 2934 conversionum
504 2866 696 2930 narratione
706 2863 999 2945 iucundissimum,
1015 2865 1089 2926 tum
1104 2868 1382 2943 argumentorum
1396 2866 1491 2948 queis
1505 2865 1589 2931 bene
1604 2869 1712 2932 multa
1730 2867 1808 2933 fidei
1832 2886 1872 2934 ac

127 2969 316 3050 disciplina
330 2969 441 3048 capita
456 2966 680 3045 continentur,
689 2963 857 3044 gravitate
868 2962 1097 3025 utilissimum.
1114 2965 1153 3025 In
1163 2961 1258 3042 cujus
1268 2962 1408 3026 lectione
1421 2963 1505 3028 illud
1516 2964 1693 3046 contingit,
1708 2966 1746 3028 ut
1757 2969 1873 3031 utrum

125 3067 292 3131 Ambrosii
307 3067 342 3128 in
357 3064 461 3128 sacris
475 3062 640 3126 ministris
653 3079 693 3125 ao
705 3058 896 3140 virginibus
911 3059 1127 3124 instituendis
1142 3059 1311 3143 pietatem,
1324 3064 1426 3142 atque
1440 3061 1476 3125 in
1488 3063 1734 3144 propugnanda
1745 3063 1872 3128 Christi

126 3172 159 3230 et
172 3166 317 3247 Spiritus
329 3163 437 3225 sancti
452 3160 629 3225 divinitate
643 3157 832 3239 scientiam,
850 3177 895 3221 an
909 3175 987 3221 vero
1002 3156 1039 3222 in
1052 3158 1273 3241 exsequendis
1294 3159 1452 3222 maximis
1477 3160 1576 3224 rebus
1598 3161 1756 3242 peritiam
1773 3179 1875 3227 cons-

127 3264 339 3344 tantiamque
355 3259 467 3338 magis
482 3257 622 3336 mireris,
640 3273 772 3340 prorsus
786 3256 925 3319 nescias.

168 3364 251 3424 Cum
264 3360 352 3422 sicut
366 3358 401 3420 iu
417 3357 524 3440 priore
537 3360 638 3435 tomo,
655 3354 703 3417 ita
716 3353 819 3417 etiam
834 3355 868 3417 in
883 3353 945 3416 hoc
957 3350 1104 3432 singulis
1118 3351 1273 3436 operibus
1282 3369 1345 3417 sua
1354 3354 1577 3438 praemittatur
1586 3355 1788 3438 Admonitio,
1805 3374 1875 3440 qua

126 3460 242 3525 eadem
259 3458 319 3520 illa
332 3474 391 3537 pro
406 3457 507 3538 captu
521 3455 632 3518 nostro
645 3450 930 3530 examinavimus;
944 3449 1149 3533 superfluam
1163 3468 1233 3514 rem
1241 3451 1297 3515 hic
1307 3468 1493 3535 ageremus,
1512 3454 1539 3517 si
1550 3454 1680 3518 diutius
1689 3454 1725 3520 in
1738 3473 1875 3520 eorum-

126 3558 202 3623 dem
217 3555 413 3620 excussione
428 3554 689 3616 immoraremur.
706 3549 862 3613 Ordinem
875 3566 971 3630 porro
985 3548 1021 3612 in
1038 3548 1078 3612 iis
1089 3549 1299 3630 collocandis,
1314 3550 1473 3632 quoniam
1482 3551 1591 3616 aetatis
1603 3555 1637 3616 et
1649 3552 1874 3633 chmnologiae

128 3655 290 3719 rationem
308 3652 403 3734 sequi
417 3650 556 3713 minime
570 3649 676 3730 licuit,
692 3647 790 3711 illum
803 3647 986 3727 tenuimus,
1002 3663 1101 3729 quern
1115 3649 1148 3710 et
1163 3651 1440 3727 argumentorum
1455 3650 1603 3714 affinitas
1617 3651 1785 3733 postulare
1799 3651 1874 3716 visa

127 3758 189 3833 est,
205 3756 240 3814 et
253 3751 296 3814 ab
309 3750 494 3814 editionum
508 3747 717 3830 superiorum
732 3747 948 3826 syntagmate
960 3744 1075 3809 minus
1086 3743 1320 3808 abhorrentem
1326 3744 1564 3825 iudicavimus.
1582 3750 1630 3812 Ne
1640 3764 1717 3812 vero
1725 3748 1874 3831 cuipiam

128 3851 304 3930 negotium
318 3849 492 3911 facesseret
506 3844 691 3910 necessario
706 3842 843 3908 inducta
858 3842 1009 3924 mutatio,
1026 3841 1178 3906 omnium
1191 3845 1398 3907 tractatuum
1413 3845 1471 3926 qui
1496 3845 1587 3910 hunc
1608 3847 1717 3910 totum
1738 3865 1874 3932 compo-

128 3952 225 4027 nunt,
244 3946 411 4029 syllabam
426 3963 497 4009 nna
510 3945 595 4008 serie
608 3945 641 4006 et
656 3939 816 4006 adnotata
830 3941 992 4023 cujusque
1006 3939 1130 4004 initiali
1144 3941 1271 4020 pagina
1285 3943 1478 4006 contextum
1493 3942 1705 4025 subjecimus.

169 4049 218 4109 De
229 4045 317 4108 notis
332 4043 454 4106 nostris
466 4061 541 4124 qaae
555 4041 617 4104 hoc
632 4040 667 4104 in
682 4042 769 4103 torno
780 4039 1021 4122 frequentiores
1035 4042 1116 4101 sunt
1129 4037 1169 4102 dc
1183 4037 1361 4118 longiores,
1378 4039 1462 4105 illud
1478 4042 1601 4106 iterum
1616 4042 1874 4108 admonebimus

127 4163 184 4208 eas
198 4140 402 4207 doctioribus
416 4140 557 4221 scriptas
571 4156 637 4202 non
651 4155 739 4216 osse;
756 4136 880 4219 quippe
896 4137 986 4218 apud
1001 4154 1084 4219 quos
1097 4135 1339 4219 discipulomm
1353 4136 1450 4202 nobis
1464 4154 1642 4222 personam
1656 4141 1768 4221 magis
1791 4159 1874 4206 con-

127 4242 241 4304 venire
255 4257 357 4321 quam
371 4239 608 4318 praeceptorum
623 4235 710 4298 ultro
724 4234 903 4297 fateamur.
920 4237 1133 4299 veronicam
1147 4250 1355 4299 cerneremus
1375 4235 1409 4299 in
1433 4239 1645 4316 argumentis
1667 4237 1767 4319 longe
1788 4255 1874 4317 gra-

126 4338 277 4400 vissimis
291 4336 507 4399 difficultates
520 4337 620 4414 atque
635 4333 782 4397 salebras
797 4332 936 4396 minime
951 4334 1040 4396 leves
1053 4331 1195 4395 subinde
1209 4349 1388 4407 occurrere,
1405 4335 1552 4413 gratiam
1568 4336 1718 4418 aliquam
1733 4353 1753 4398 a
1776 4333 1873 4398 novis

127 4435 308 4514 Tlreologis
322 4434 531 4516 speravimus
544 4450 604 4494 nos
621 4431 772 4511 inituros,
789 4430 817 4493 si
841 4448 955 4493 eorum
979 4447 1082 4494 causa
1103 4428 1235 4494 scabros
1261 4429 1335 4493 illos
1357 4432 1444 4494 locos
1467 4434 1766 4515 complanaremus,
1792 4448 1876 4514 quos

128 4534 277 4596 veterani
294 4533 399 4595 illaeso
412 4531 556 4610 vestigio
571 4531 697 4593 calcare
712 4531 828 4593 solent.
846 4527 986 4591 Etiamsi
1003 4530 1116 4590 autem
1132 4526 1227 4590 nobis
1242 4543 1318 4590 rere
1332 4528 1438 4590 simus
1454 4529 1644 4609 consciipro
1660 4531 1774 4593 nostra
1786 4527 1880 4592 virili

128 4633 281 4694 connisos
306 4646 395 4709 esse,
424 4646 465 4693 ne
481 4629 534 4691 vel
547 4632 778 4691 transversum
793 4642 943 4704 ungriam
959 4644 979 4688 a
993 4624 1158 4689 catholica
1171 4624 1236 4688 fide
1251 4625 1491 4705 recedenterus3
1517 4624 1626 4690 sicubi
1649 4628 1776 4708 tamen,
1803 4643 1880 4708 qnae

128 4730 281 4793 bumana
293 4727 474 4790 infirmitas
489 4730 549 4807 est,
567 4725 698 4806 aliquid
710 4725 741 4788 ei
755 4724 867 4787 minus
880 4740 1063 4787 consonam
1076 4722 1322 4804 protulerimus,
1341 4722 1424 4785 illud
1447 4723 1554 4788 delere
1575 4742 1642 4789 non
1663 4727 1800 4787 tantum
1824 4725 1880 4787 la·-

129 4827 263 4909 crymis,
281 4825 339 4887 sed
354 4825 456 4888 etiarn
471 4823 639 4903 sanguine
654 4822 761 4904 parati
772 4840 899 4886 sumus.
916 4820 1181 4898 Quinhocetiam
1194 4820 1340 4902 profiteri
1356 4820 1443 4900 lieet,
1459 4820 1493 4885 in
1505 4821 1546 4883 iis
1557 4823 1638 4904 ipsis
1648 4820 1876 4907 opinionibus,

130 4926 164 4988 in
181 4924 306 5006 quibus
323 4941 426 5003 quam
441 4922 582 5004 quisquc
598 4923 789 5001 anteponat,
807 4919 870 4983 sibi
885 4923 1029 4983 statuere
1051 4918 1196 4980 maxime
1210 4916 1353 4981 liberum
1375 4921 1436 4998 est,
1462 4919 1590 4984 cavisse
1613 4938 1674 4984 nos
1698 4920 1815 4986 sedulo
1835 4935 1880 4983 ne

130 5023 209 5086 ullis
224 5021 354 5101 abrepti
372 5018 585 5102 praejudiciis,
602 5035 748 5100 usquam
761 5036 780 5081 a
795 5021 881 5080 recto
898 5017 1016 5080 itinere
1030 5015 1290 5079 deflecteremus.

168 5120 320 5184 Plurima
335 5118 471 5200 quidem
485 5116 635 5180 codicum
647 5124 798 5179 veterum
812 5114 972 5178 beneficio
986 5113 1240 5179 emendavimus
1255 5115 1529 5198 restituimusque
1554 5117 1588 5180 in
1608 5116 1671 5180 hoc
1692 5116 1877 5198 volumine,

129 5217 184 5280 sed
203 5216 309 5279 multo
323 5217 431 5298 plura,
447 5232 521 5296 quse
536 5214 571 5276 in
587 5229 765 5277 numerum
779 5214 922 5292 Operum
935 5210 1229 5275 Ambrosianoram
1245 5211 1372 5277 dudum
1390 5215 1600 5297 irrepserant,
1616 5215 1740 5295 partim
1760 5213 1882 5279 omisi-

128 5334 216 5385 mus.
232 5316 356 5394 partim
370 5313 543 5393 recejimus
560 5312 594 5375 in
610 5310 843 5393 Appendicem,
861 5309 925 5373 rati
942 5309 1073 5375 scilicet
1088 5309 1243 5390 iniquum
1259 5309 1323 5373 iore
1340 5316 1375 5373 ut
1389 5312 1574 5390 gloriosum
1589 5312 1678 5376 tanti
1692 5313 1801 5378 Patris
1815 5329 1881 5376 no-

130 5429 207 5477 men
221 5430 292 5476 una
305 5430 381 5475 eum
396 5410 560 5490 legitimis
574 5408 688 5472 liberis
697 5406 864 5471 subdititii
877 5410 978 5489 atque
986 5406 1100 5473 eodem
1110 5424 1245 5487 prorsus
1257 5408 1389 5488 indigni
1401 5408 1464 5473 sibi
1479 5413 1686 5490 arrogarent.
1701 5409 1880 5474 Enimvero

127 5530 195 5575 nou
218 5527 397 5592 possumus
419 5508 502 5573 satis
525 5507 641 5571 mirari
665 5510 714 5570 tot
737 5506 838 5569 libros
854 5509 955 5587 atque
965 5521 1134 5569 sermones
1149 5509 1264 5568 sancto
1280 5507 1410 5570 Doctori
1426 5507 1615 5590 suppositos
1630 5509 1744 5588 fuisse,
1762 5506 1821 5588 qui
1837 5504 1881 5570 ab

124 5610 201 5693 ejas
215 5609 365 5689 ingenio,
382 5607 483 5690 stylo,
498 5604 619 5671 seculo
632 5604 768 5688 penitus
782 5603 973 5682 abhorrent,
989 5605 1023 5666 et
1036 5620 1179 5686 quorum
1193 5603 1296 5668 etiam
1310 5606 1465 5670 nonnulli
1481 5606 1567 5671 inter
1581 5608 1725 5674 eliorum
1735 5601 1882 5685 scripto-

125 5726 204 5776 rum
216 5702 625 5792 operaciroamieruntnr.
643 5701 704 5769 Sed
725 5702 789 5767 hoc
812 5699 1070 5768 admirationem
1092 5701 1189 5767 nobis
1213 5702 1336 5768 incutit
1360 5705 1466 5769 multo
1486 5702 1657 5787 majorem,
1683 5702 1770 5786 qnod
1790 5703 1883 5775 male

127 5804 243 5881 leriati
257 5803 397 5897 quidam
410 5800 564 5979 agninos
579 5801 673 5981 ιχᾱῧιί.
674 5798 843 5874 illuserint
856 5796 935 5869 fidei
949 5798 1104 5893 publice,
1118 5804 1157 5871 at
1171 5800 1304 5892 aliquas
1318 5799 1632 5895 commentationes,
1631 5818 1731 5989 xquas
1743 5798 1886 5877 Ambra.

179 5952 249 6019 ν
455 5917 573 5985 motu

96 5981 195 6118 13⁴)
