3900 6128
491 346 801 432 nmsronaamr
822 364 994 431 cnissis
1017 363 1042 431 1.
1559 344 1646 431 itit

85 563 153 620 imis
177 563 284 620 taciem
306 564 374 636 ejus
395 566 517 621 sinistra
537 582 625 622 manu
640 548 789 621 verbe-A
840 565 884 621 16.
902 566 993 622 Liber
1006 569 1054 622 est
1070 567 1128 637 ille,
1144 566 1195 640 qui
1204 568 1401 641 progrediens
1413 569 1442 624 in
1453 566 1596 640 libellum,
1610 568 1639 624 si

85 668 106 708 n
120 669 175 709 rex
190 657 292 725 eperto
308 670 359 709 ore
375 654 553 724 intuebatur,
571 656 706 726 gaudens
722 655 747 709 si
804 655 913 710 viderit
933 656 1087 711 mulierem
1113 657 1221 711 bonam
1240 661 1373 728 aspectu,
1398 661 1426 712 et
1449 657 1638 729 depredatus

85 734 190 798 rideret
203 743 231 798 ei
247 743 366 798 mulier:
388 744 467 814 quod
482 744 509 798 si
524 759 557 798 ea
573 743 748 814 indignare·
805 743 1074 812 opcsinimicorum
1084 761 1217 814 suorum,
1229 749 1376 816 repertam
1387 746 1446 800 illic
1457 745 1640 817 concupierit

85 846 129 887 um
145 846 179 886 se
195 835 282 903 atque
298 832 440 886 alssictum
460 835 594 902 putaret3
616 833 647 886 ut
665 834 748 902 pote·
805 845 881 902 eam,
897 832 1024 905 demptis
1039 833 1211 904 superfluis,
1227 838 1256 888 et
1275 834 1445 889 indumento
1461 834 1638 906 captivitatis

85 919 169 989 tissa,
184 919 343 974 blanditias
360 919 416 989 (23)
427 921 590 989 obtexeret,
608 924 636 974 et
650 920 749 974 conci·
806 919 947 990 detracto,
966 922 996 976 in
1010 938 1134 978 uxorem
1150 922 1208 977 sibi
1224 923 1415 993 copulaverit,
1424 923 1486 994 jam
1500 939 1560 979 non
1575 939 1639 978 ser·

93 1025 158 1064 cam
186 1010 396 1080 deprecaretur
423 1008 484 1079 (Ill
508 1009 601 1063 Esdr.
629 1026 672 1077 ιν,
696 1007 747 1062 eo-
805 1024 881 1077 vam,
905 1009 958 1065 sed
982 1009 1107 1067 liberum
1132 1012 1231 1082 (Dent.
1258 1028 1320 1082 xxi,
1347 1012 1389 1083 10,
1415 1013 1476 1083 ld);
1502 1014 1640 1086 intelligit

804 1098 882 1152 enim
898 1097 1050 1155 inmutetui
1062 1101 1246 1171 prudentiam
1258 1104 1286 1155 et
1296 1101 1482 1172 disciplinam
1493 1118 1551 1158 non
1563 1102 1638 1157 snb-

85 1187 153 1260 quid
168 1189 226 1242 ista
241 1187 748 1260 rnagnoallegemusnmbitu‘?Non
801 1184 913 1256 jacere.
938 1188 1066 1261 ideoque
1092 1188 1140 1244 lex
1168 1191 1255 1246 dicit:
1283 1214 1294 1237 «ι
1321 1191 1388 1246 Νοιι
1412 1191 1640 1247 venumdabitur

85 1275 247 1348 clerumque
273 1277 302 1331 in
326 1279 501 1347 potestatem
524 1276 677 1347 piraticam
700 1277 748 1331 vcl
803 1277 928 1345 pecunia
944 1276 1032 1345 (Ibid.
1050 1279 1113 1348 tt);
1130 1294 1217 1334 omne
1239 1280 1317 1334 enim
1338 1282 1501 1350 pretiosum
1517 1283 1639 1335 nonest

85 1411 86 1416 .
106 1365 302 1421 barbarorum
321 1365 459 1420 redactos
483 1368 621 1436 parentes
641 1381 656 1419 a
679 1364 749 1419 filiis
803 1364 1039 1436 <indignumne
1059 1366 1114 1421 tob
1130 1366 1215 1423 dicit:
1235 1389 1246 1416 α
1272 1367 1393 1424 Attrahe
1416 1369 1590 1439 sapientiem
1606 1368 1636 1423 in

85 1454 185 1508 tunic?
205 1454 354 1525 Numquid
369 1454 454 1525 leges
473 1455 607 1525 pecuniae
623 1451 679 1525 (tt)
695 1469 749 1523 po·
804 1453 944 1508 interiora
960 1453 1038 1524 (lob.
1054 1472 1159 1524 xxvur,
1177 1456 1231 1528 ts).
1251 1479 1262 1504 ιι
1280 1456 1346 1512 Νοιι
1360 1456 1402 1510 illi
1419 1457 1646 1531 comparabitur

85 1557 108 1597 m
123 1542 208 1614 leges
228 1545 366 1598 naturae?
385 1543 535 1614 Numquid
556 1543 586 1598 in
607 1544 749 1597 servitute
804 1540 967 1612 AEthiopiae
982 1544 1117 1614 topazion
1133 1545 1200 1616 (ao),
1217 1546 1297 1618 quod
1311 1561 1383 1602 auro
1398 1545 1523 1603 habetur
1536 1560 1641 1619 urgen-

93 1630 190 1702 pietns
206 1631 285 1702 (este
307 1631 447 1703 Plerique
466 1633 616 1701 emptores
631 1631 750 1686 leonum
804 1630 895 1700 toque
910 1631 1085 1701 pretiosius.

85 1734 161 1775 tmen
181 1736 240 1775 non
255 1720 443 1775 dominantur
461 1720 618 1775 leonibus:
641 1719 695 1773 sed
710 1718 749 1772 itn
839 1717 883 1772 Π.
900 1717 959 1773 Sed
973 1735 1033 1775 non
1049 1721 1098 1776 illc
1120 1721 1218 1777 solum
1234 1723 1319 1793 liber,
1335 1723 1387 1794 qui
1407 1724 1558 1779 dominum
1572 1724 1641 1780 lici-

85 1823 216 1863 urversa
227 1809 303 1877 vice,
316 1811 346 1862 ut
357 1808 384 1862 si
394 1809 650 1878 exasperatoseos
662 1823 752 1861 excu-
802 1807 927 1861 tatonem
951 1823 1011 1864 non
1035 1809 1164 1880 pertulit,
1185 1814 1235 1867 aut
1259 1811 1409 1867 tollentem
1433 1813 1556 1885 digitum
1581 1829 1641 1869 non

85 1912 110 1952 :e
125 1899 207 1952 toros
227 1897 365 1965 viderint,
382 1896 497 1968 fugiant
516 1900 544 1951 et
564 1895 749 1951 delitescant.
767 1894 878 1988 Bridit
893 1893 961 1969 (27),
978 1897 1032 1952 sed
1048 1897 1097 1953 ille
1118 1899 1215 1971 magis
1236 1899 1322 1970 liber,
1339 1901 1391 1972 qui
1411 1901 1488 1956 intra
1508 1917 1543 1957 se
1565 1902 1642 1957 liber

85 1986 417 2058 =praejudieatpecunia,
430 2001 497 2057 quac
508 1984 681 2057 plerumque
692 1985 752 2040 sibi
804 1987 861 2054 est,
880 1985 929 2056 qui
946 1983 1065 2059 legibus
1081 1990 1195 2043 naturea
1211 1987 1351 2059 liberest,
1368 1989 1466 2061 legem
1480 1990 1642 2047 sciensne·

85 2076 164 2131 imit:
190 2075 263 2130 nihil
288 2075 396 2129 tabulae
421 2074 615 2144 auctionales,
642 2074 752 2145 quibus
803 2074 1640 2150 turuepraescriptumessemoribus,noneonditionibus3

85 2167 229 2236 equenter
260 2163 447 2234 adjudicatur
478 2167 566 2234 atquc
593 2163 750 2219 addicitur.
806 2164 1449 2221 etmensuramot'tlcierumconsentaneam
1468 2166 1641 2222 uonhomi·

85 2269 92 2308 t
107 2269 165 2308 non
182 2255 272 2307 mutat
287 2269 394 2324 genuS,
411 2269 466 2307 nec
486 2254 639 2322 sapientiae
660 2253 751 2306 liber·
806 2253 854 2306 nis
869 2250 1002 2321 arbitrio,
1019 2252 1072 2307 sed
1095 2255 1208 2307 naturae
1230 2252 1409 2325 disciplinis.
1426 2254 1531 2309 Utrum
1550 2255 1643 2327 igitur

85 2342 135 2397 nit.
161 2341 294 2413 Denique
318 2341 428 2395 famulo
453 2340 579 2412 sapienti
603 2341 696 2409 multi,
721 2343 753 2394 ut
806 2341 862 2396 iste
877 2340 953 2394 liber
968 2340 1019 2395 tibi
1035 2341 1295 2413 tuntumm0d0,an
1309 2342 1428 2414 quidam
1440 2358 1549 2399 censor
1562 2345 1641 2401 vide·

85 2433 122 2485 ist
136 2430 241 2500 (Pror.
255 2446 326 2499 xvn,
342 2430 380 2499 ι’),
399 2429 646 2484 serviuntlibcri:
664 2430 754 2484 etesi
805 2434 863 2500 tur,
881 2433 909 2483 et
918 2428 1079 2499 praeieetus
1088 2430 1247 2485 moribus?
1262 2430 1347 2486 Unde
1357 2447 1429 2486 vere
1439 2433 1480 2487 nit
1489 2430 1640 2505 Scriptura

84 2517 221 2591 elligcns,
239 2517 290 2589 qui
304 2521 389 2588 regat
404 2518 540 2572 dominos
561 2517 679 2572 stultos.
805 2518 873 2588 quia
888 2531 1036 2588 pauperes
1057 2517 1180 2573 divitum
1201 2519 1353 2591 praepositi
1374 2522 1470 2592 erunt,
1487 2524 1517 2576 et
1534 2522 1640 2593 privati

85 2622 106 2661 ιι
122 2623 195 2679 ergo
211 2607 306 2679 magis
322 2607 448 2661 liberum
465 2607 597 2661 censes?
623 2606 691 2661 Sela
707 2608 753 2660 est
806 2608 906 2677 utique
921 2605 1187 2662 administrantium
1202 2607 1307 2678 (Prota
1323 2609 1448 2680 xxr1,'l).

85 2695 177 2765 ibera,
187 2712 254 2767 quae
265 2695 408 2750 divitibus
419 2711 565 2765 pauperes
576 2694 711 2765 praeficit,
723 2697 754 2748 et
843 2695 886 2749 18.
903 2696 949 2749 An
964 2695 1017 2751 tibi
1032 2695 1108 2750 liber
1122 2696 1249 2768 videtur,
1260 2699 1310 2769 qui
1325 2699 1451 2769 pecunia
1466 2697 1642 2773 sullragium

85 2801 106 2841 rs
121 2786 251 2856 propriis
267 2785 403 2840 tenerare
418 2784 547 2838 dominis
567 2783 654 2839 iacit:
672 2782 753 2837 iene·
808 2783 866 2839 'sibi
890 2785 984 2839 emit?
998 2784 1048 2856 qui
1062 2785 1200 2855 plausum
1221 2787 1322 2856 populi
1346 2788 1442 2860 magis
1458 2804 1546 2861 quam
1558 2788 1641 2861 judi-

85 2875 245 2946 pecuniam,
265 2874 320 2929 sed
340 2873 539 2928 intellectum:
557 2872 692 2928 tenerare
707 2876 753 2926 ta·
808 2873 885 2927 cium
901 2871 1025 2944 requirit
1039 2873 1246 2944 prudentium‘.l
1268 2875 1319 2930 llle
1335 2891 1408 2948 ergo
1423 2876 1500 2933 liber
1519 2881 1574 2949 est,
1591 2879 1642 2950 qui

85 2963 131 3019 ius
160 2964 305 3018 Dominici
334 2964 497 3035 aeternique
524 2963 668 3032 thesauri,
699 2962 750 3034 qui
807 2961 1000 3032 popularibus
1029 2963 1109 3017 auris
1138 2965 1290 3032 movetur3
1318 2965 1368 3020 ille
1396 2967 1448 3038 qui
1469 2966 1642 3022 reformidat

85 3054 291 3124 corrumpitur,
309 3052 397 3125 cujus
408 3054 436 3106 et
448 3068 538 3106 usura
549 3054 679 3122 pretiosa
690 3053 756 3106 est:
809 3050 931 3105 sibilum
945 3049 1052 3123 vulgi?
1066 3051 1125 3106 Sed
1138 3067 1198 3107 non
1213 3052 1270 3108 ista
1284 3052 1416 3121 libertas,
1433 3071 1522 3126 quam
1537 3071 1642 3111 manu-

85 3141 149 3197 llud
178 3141 364 3213 intelligibile
389 3141 574 3212 eloquiorum
598 3143 753 3212 argentum
809 3140 923 3195 missus
938 3139 1056 3211 accipit,
1073 3143 1101 3195 et
1118 3140 1214 3211 pelma
1237 3142 1351 3197 lictoris
1370 3133 1644 3215 donatus'acquirit

88 3231 145 3302 ,de
157 3247 215 3302 quo
226 3232 274 3285 lex
286 3231 370 3285 dicit:
391 3228 589 3285 uFoenersbis
601 3228 752 3300 gentibus,
808 3228 875 3299 (ἓὸ),
893 3228 959 3283 Νοιι
975 3228 1053 3284 enirn
1068 3229 1307 3299 munificentiam,
1324 3230 1377 3286 sed
1397 3232 1535 3287 virtutem
1549 3232 1643 3288 liber·

85 3336 135 3376 ton
150 3313 333 3375 mutuaberis
344 3319 444 3388 (Dent.
457 3335 506 3387 xv,
518 3317 556 3388 6).
576 3338 587 3367 ι
604 3317 688 3382 Quod
700 3318 755 3372 lle·
771 3281 898 3371 ctatem
913 3331 983 3372 esse
999 3309 1142 3373 arbitror:
1167 3334 1233 3390 quae
1253 3334 1312 3374 non
1337 3318 1491 3392 suffragiis
1512 3320 1644 3377 defertur

86 3411 179 3466 erevit
193 3409 343 3482 gentibus,
356 3409 420 3479 ipse
431 3411 528 3462 eutem
539 3423 597 3462 non
610 3406 754 3478 accepite
810 3406 926 3476 alienis,
944 3405 998 3461 sed
1021 3406 1260 3478 magnanimitate
1283 3408 1401 3478 propria
1425 3409 1592 3466 vindicetur
1608 3427 1643 3466 ac

85 3500 225 3569 retrinam,
242 3499 296 3553 scd
310 3497 446 3552 tradidit:
466 3497 512 3552 cui
527 3495 642 3567 aperuit
659 3495 754 3551 Domi·
810 3494 991 3566 possidetur.
1007 3494 1132 3565 Sapiens
1147 3495 1225 3550 enim
1239 3512 1359 3567 semper
1373 3497 1513 3569 liberest,
1525 3515 1644 3571 semper

85 3604 166 3644 nrum
184 3604 282 3657 suum,
299 3590 331 3642 ut
353 3589 458 3659 gentes
482 3586 581 3656 pluvia
605 3585 754 3640 sermonis
811 3583 985 3654 honoratus,
1001 3598 1121 3653 semper
1135 3585 1162 3638 is
1177 3586 1226 3656 qui
1246 3576 1643 3661 p1·eesitlegibus.Denique

85 3679 91 3732 t
104 3669 179 3734 934
195 3677 381 3746 humescere,
394 3680 422 3730 et
435 3676 518 3730 lleret
528 3676 667 3746 princeps
679 3691 754 3747 gen·
810 3672 892 3744 justo
909 3688 967 3727 non
982 3676 1028 3727 est
1043 3673 1139 3742 positu
1154 3672 1213 3743 lex,
1230 3673 1284 3728 scd
1300 3673 1413 3745 injusto
1428 3675 1457 3746 (I
1473 3676 1577 3742 Timr,
1593 3677 1621 3748 9)
1634 3692 1643 3747 ς

97 3766 194 3823 tutem
210 3783 300 3839 supra
317 3782 351 3821 se
365 3766 530 3837 principem
540 3764 653 3819 nullum
668 3764 755 3820 habe·
811 3760 912 3832 justus
929 3760 1007 3816 enim
1022 3760 1087 3833 ipse
1103 3760 1162 3816 sibi
1175 3761 1224 3816 lex
1238 3765 1294 3831 est,
1311 3778 1370 3818 non
1388 3764 1504 3821 habens
1519 3780 1647 3821 necesse

811 3850 932 3923 longius
944 3848 1004 3905 sibi
1014 3865 1171 3905 accersere
1181 3849 1305 3906 formam
1316 3853 1445 3924 virtutis,
1455 3870 1543 3926 quem
1555 3854 1645 3910 corde

85 3959 110 4000 ιι
123 3947 170 4001 est
184 3960 256 4017 ergo
272 3945 323 4015 qui
334 3944 522 4015 sapiensest,
533 3944 627 4014 pretio
638 3945 755 4013 emptus
813 3939 958 3994 inclusam
981 3942 1075 4011 gerat,
1107 3938 1251 4009 scriptum
1275 3939 1389 3996 habens
1414 3958 1491 4015 opus
1514 3943 1592 4016 legis
1617 3944 1648 3999 in

85 4050 112 4089 m
127 4034 303 4104 coelestium,
320 4034 370 4090 illo
383 4049 467 4104 auro,
484 4033 534 4088 illo
548 4035 672 4106 argento
688 4048 755 4086 ser·
812 4027 922 4082 tabulis
937 4027 1038 4083 cordis
1053 4026 1111 4097 sui,
1129 4027 1295 4083 cuidictum
1312 4030 1370 4085 sit:
1388 4052 1399 4081 ι
1413 4031 1486 4087 Bibe
1494 4047 1601 4104 equam
1612 4031 1648 4087 de

85 4123 143 4179 ini:
161 4124 256 4194 pretio
277 4126 393 4194 emptus
413 4123 571 4194 sanguinis
586 4125 657 4192 (non
678 4122 756 4176 enim
812 4117 979 4185 misensis,
996 4119 1025 4172 et
1040 4116 1076 4171 de
1092 4120 1247 4186 puteorum
1262 4121 1378 4174 tuorum
1395 4119 1528 4176 tontibus
1540 4121 1645 4191 (Prov.

90 4215 137 4268 est
150 4216 312 4282 emptorem
327 4213 504 4284 agnoscere)
525 4212 620 4283 pretio
640 4214 757 4281 emptus
812 4222 842 4274 ν,
866 4206 910 4276 15)
927 4229 938 4253 υ
956 4204 1030 4270 Quid
1046 4205 1223 4261 enimncbis
1238 4209 1482 4279 tamproximum,
1495 4225 1582 4280 quarn
1596 4209 1649 4264 Dei

85 4301 231 4357 daudivit
257 4304 286 4355 et
308 4301 454 4356 intellexit
478 4301 643 4355 dicentem:
673 4321 684 4350 ι
702 4299 757 4364 Qui
814 4294 962 4350 verbum?
977 4293 1041 4350 Hoc
1057 4295 1237 4350 estverbunr
1247 4295 1375 4350 incorde
1386 4300 1500 4368 nostro,
1512 4300 1541 4351 et
1554 4296 1585 4350 in
1596 4308 1648 4351 oro

108 4389 144 4445 nd
165 4405 288 4461 aquam3
315 4394 343 4445 et
364 4391 534 4461 quicunque
559 4406 618 4445 non
640 4388 758 4444 habetis
814 4387 927 4453 nostro,
944 4382 1024 4454 quod
1039 4399 1098 4438 nen
1113 4383 1249 4438 videmus
1264 4386 1293 4438 et
1307 4386 1454 4440 tenemus.

85 4523 87 4539 ‚
103 4479 152 4550 ite,
169 4480 266 4550 emite,
283 4483 311 4534 et
331 4478 432 4550 bibite,
451 4483 479 4534 et
494 4479 667 4535 manducate
683 4478 755 4550 (Iso.
850 4470 893 4529 19.
910 4471 1035 4544 Sapiens
1047 4486 1120 4543 crgo
1132 4471 1216 4539 liber,
1229 4473 1367 4543 quoniam
1378 4473 1429 4544 qui
1443 4488 1476 4527 ea
1488 4472 1566 4542 lacit,
1579 4487 1646 4544 qum

814 4562 887 4632 vult,
902 4560 978 4617 liber
991 4563 1047 4616 est.
1068 4560 1127 4615 Sed
1143 4575 1203 4615 non
1218 4560 1315 4615 omnis
1329 4560 1408 4618 bonu
1423 4561 1561 4617 uoluntas
1578 4560 1647 4634 (29),

773 4638 801 4702 D

85 4783 131 4840 lex
146 4783 262 4855 Boyer,
283 4805 293 4833 ι
311 4783 472 4839 Blandiens
489 4783 620 4839 furorem
637 4782 757 4838 obtexe·
816 4793 873 4849 que
909 4775 937 4830 ui
948 4775 1093 4843 emebant,
1106 4774 1230 4879 digitum
1245 4774 1274 4828 in
1290 4789 1437 4831 assensus
1447 4774 1650 4833 testimonium

816 4849 897 4903 eleva
921 4850 979 4900 ent.
997 4845 1110 4912 Cicero,
1131 4845 1215 4901 terr.
1232 4844 1264 4901 3:
1279 4866 1290 4893 ιι
1307 4847 1520 4904 Accurnuntad
1531 4851 1648 4919 tempus

85 4925 152 4982 edit.
179 4927 207 4980 et
231 4941 306 4980 mss.
331 4925 419 4998 longe
443 4926 572 4996 plurimi,
598 4925 655 4979 nisi
681 4923 759 4995 quod
817 4922 975 4987 emptores,
991 4916 1115 4987 digitum
1129 4917 1246 4998 tollit.»
1355 4990 1359 4999 1

85 4999 112 5052 in
128 4998 267 5052 omnibus
282 4996 351 5051 edit.
370 5003 397 5051 ct
419 4998 522 5067 paucis
541 5012 616 5050 mss.
636 5011 692 5049 vox
704 5011 758 5064 pe-
853 4990 909 5059 (28)
931 4989 1015 5042 Putat
1040 4987 1174 5042 Nannrus
1192 4988 1316 5057 palmam
1341 4988 1456 5044 lictoris
1480 4990 1557 5046 idem
1582 5006 1652 5046 esee

86 5069 114 5123 d,
132 5085 202 5123 ver-0
220 5069 325 5139 imper,
342 5069 439 5123 locum
455 5069 499 5122 sio
511 5067 603 5136 effert,
618 5090 629 5113 a
643 5067 756 5121 redimi.
819 5077 853 5114 nc
868 5059 1005 5130 proetoris
1020 5058 1179 5112 vindictam
1195 5059 1271 5128 apud
1289 5060 1452 5115 Horatium.
1469 5060 1539 5116 Erat
1553 5067 1652 5118 autem

90 5141 224 5211 pecuniae
240 5139 397 5210 subjacent
413 5139 497 5211 loges
513 5139 644 5193 naturae?
665 5138 759 5192 Nurn-
819 5131 957 5199 vindicta,
969 5129 1044 5200 sive,
1056 5133 1087 5183 ut
1099 5129 1147 5183 alii
1156 5134 1272 5200 vocant,
1285 5131 1409 5199 festuca,
1421 5133 1556 5204 quaedam
1567 5135 1652 5205 virga

85 5213 229 5265 rrviintem
245 5208 542 5280 accersitur-'pietas'
559 5232 569 5257 a
820 5202 908 5272 cujus
933 5203 1075 5267 extremo,
1094 5200 1158 5254 sive
1180 5205 1298 5270 praetor,
1314 5204 1379 5258 sive
1400 5202 1492 5274 jussu
1516 5203 1652 5275 ejusdem

85 5322 96 5337 .‚
118 5282 198 5349 edit,
221 5305 231 5328 u
253 5282 282 5335 in
299 5285 441 5337 servitute
463 5280 609 5335 accrescit
623 5280 758 5351 pietas.»
819 5275 914 5336 lictor,
932 5275 1019 5342 caput
1040 5272 1130 5339 illius,
1148 5275 1198 5343 qui
1221 5274 1413 5329 asserebatur
1428 5275 1457 5329 in
1477 5274 1651 5342 libertatem,

85 5368 140 5426 per.
158 5353 236 5423 cod,
255 5377 265 5400 a
282 5369 387 5408 aarum
402 5353 437 5407 de
455 5353 617 5424 AEtlriopia,
633 5356 661 5407 ct
679 5356 758 5421 topa·
820 5344 978 5417 tangebat,
993 5344 1140 5397 malumus
1155 5350 1252 5399 tumen
1268 5345 1363 5415 palma
1379 5346 1544 5418 significari
1559 5345 1651 5398 domi·

819 5417 849 5470 ni
865 5432 918 5470 seu
935 5414 1049 5469 lictoris
1069 5430 1198 5485 menum,
1214 5431 1272 5487 qun
1293 5416 1337 5471 illi
1361 5418 1474 5487 alapam
1496 5414 1653 5469 manumit-

85 5511 108 5551 lo
133 5512 219 5565 mss„
248 5519 258 5543 n
285 5497 335 5567 qui
360 5495 511 5550 dominum
533 5494 721 5565 litigatorem,
748 5516 758 5538 ι
819 5487 907 5541 londo
925 5485 1117 5559 infligebant:
1135 5487 1328 5558 dequovido
1344 5487 1395 5542 lib.
1412 5503 1431 5540 ιι
1453 5485 1569 5541 Phaetlri
1591 5483 1652 5539 fab.

86 5571 210 5622 alerem.
229 5567 371 5622 Neutrum
397 5565 568 5631 commode3
593 5565 669 5619 idem
684 5563 762 5617 enim
818 5558 864 5614 36.

85 5640 206 5693 latorem
224 5654 282 5693 non
299 5638 457 5764 pertulit»
477 5651 512 5689 ac
532 5634 581 5706 qui
602 5639 718 5705 emptus
735 5634 764 5688 in
855 5627 913 5701 (29)
929 5629 1016 5686 Rom.
1032 5627 1114 5700 edit,
1134 5652 1144 5674 u
1162 5629 1249 5684 boae
1264 5625 1654 5697 voluntatis,sedsapientis

85 5722 141 5765 uon
156 5709 221 5764 tuit.
234 5709 297 5775 Quo
334 5715 432 5765 autern
447 5707 573 5776 additur,
587 5727 598 5751 «ι
615 5706 766 5760 tollentem
788 5709 791 5713 ’
819 5705 932 5759 tentum
946 5701 1010 5770 est;
1028 5723 1040 5750 ι
1057 5700 1123 5756 alise
1139 5716 1207 5757 curn
1229 5699 1367 5758 omnibus
1392 5698 1511 5755 omnino
1531 5713 1606 5756 mss.
1622 5701 1654 5761 ut

85 5795 132 5839 ιοιι
148 5781 231 5856 vidit,
244 5804 255 5831 a
269 5778 559 5858 ibitangiturprisca
571 5776 765 5854 consuetudo,
820 5790 876 5835 nes
892 5772 922 5830 iu
937 5775 1030 5838 textu.
