3900 6128
556 313 858 384 nrlsromtttuu
873 318 1042 386 cntssts
1061 320 1084 385 1.
1608 327 1690 397 nte

85 506 143 563 libii
159 509 250 583 igitur
262 509 369 567 ellectu
384 514 527 585 sapientis
544 516 644 586 ditius,
662 517 795 574 nihilin-
808 534 835 599 Α
855 520 914 575 sibi
935 522 1127 593 superstitem
1149 524 1377 599 derelinqueret,
1401 530 1552 600 parentem
1575 532 1689 603 nepoti·

85 600 262 670 augentius.
279 601 353 655 Nam
370 618 437 657 cum
457 619 583 676 regnum
609 607 662 662 Dei
685 624 797 680 paupe·
851 609 919 680 bus,
928 612 1239 685 praesulemparvulis,
1255 616 1459 673 auxiliatorem
1474 619 1640 690 destitutis,
1655 625 1685 678 tn

95 687 216 756 (Mattli.
242 706 271 759 v,
294 690 334 760 sl,
358 691 429 763 quid
453 708 522 748 esse
544 695 722 766 locupletius
745 714 797 768 po·
850 697 890 752 ita
913 703 941 755 te
964 703 994 755 et
1014 703 1172 772 nepotibus
1193 707 1222 758 et
1236 705 1323 760 nobis
1339 706 1483 779 abneges,
1505 711 1536 764 nt
1551 710 1686 765 console·

85 778 100 831 t
122 775 188 832 ideo
213 779 356 847 praeclare
378 781 541 852 Apostolus
568 801 605 838 z«
622 785 645 839 Ο
662 785 795 858 altitudo,
852 788 941 843 tionis
955 789 1036 845 illins
1051 790 1179 848 fructum
1195 809 1253 849 non
1268 796 1442 851 sentiamus.
1467 797 1518 851 llla
1543 801 1571 854 te
1595 799 1685 854 chara

85 864 250 921 divitiarum
265 868 418 938 sapientiae
435 874 463 925 ct
478 873 611 928 scientiae
628 875 681 930 Boi
696 877 793 945 (llam.
852 879 977 949 pignora
998 885 1105 936 vocant
1127 898 1187 937 non
1210 884 1247 938 ad
1268 884 1438 955 dolendum,
1455 886 1510 941 sed
1525 886 1562 942 ad
1577 903 1683 944 conso-

86 972 99 1007 r
115 952 262 1011 Praeclare
278 957 364 1012 etiem
380 959 484 1015 David.
499 962 550 1033 qui
563 963 594 1017 in
606 964 652 1018 via
663 966 796 1020 testimo·
852 966 986 1038 landum3
1001 971 1033 1025 nt
1048 984 1115 1026 cum
1128 973 1157 1027 te
1172 972 1281 1042 vident,
1305 976 1429 1029 matrem
1451 975 1510 1030 sibi
1535 992 1595 1031 non
1618 992 1685 1032 cre·

92 1043 269 1115 caelestium,
296 1049 382 1117 quasi
396 1049 426 1103 in
440 1051 579 1106 omnibus
595 1052 717 1123 divitiis,
741 1055 794 1109 de·
853 1054 924 1109 dant
944 1056 1060 1114 obiisse
1086 1059 1153 1129 (60),
1177 1061 1208 1115 in
1231 1063 1260 1117 te
1284 1076 1349 1116 eam
1374 1068 1600 1136 recognoscant,
1616 1065 1647 1121 in
1659 1068 1688 1122 te

85 1146 125 1187 ur
137 1132 233 1202 (Psai.
253 1150 353 1206 cxvrn,
370 1137 426 1209 tl).
439 1138 591 1211 Expresso
602 1141 732 1213 Moyses,
745 1143 796 1215 qui
853 1143 921 1215 ejus
936 1148 1124 1215 praesentiam
1140 1152 1265 1221 teneant,
1281 1150 1313 1205 in
1328 1153 1355 1206 te
1370 1152 1460 1206 vitem
1475 1152 1543 1224 ejus
1558 1154 1617 1210 sibi
1628 1171 1686 1211 ma·

102 1220 272 1292 Nephtalim
303 1225 423 1283 satietas
456 1228 663 1299 accipientium
694 1231 793 1299 (Dent.
852 1248 923 1288 nere
938 1234 1128 1294 arbitrentur.
1588 1310 1595 1323 .

90 1307 177 1379 teti
204 1310 384 1384 Nephtalim,
408 1315 586 1372 abnndantia
610 1319 795 1392 significatur
887 1322 913 1376 3.
935 1321 993 1378 Sed
1007 1324 1091 1381 doles
1105 1328 1184 1398 qnod
1206 1329 1315 1385 dudum
1333 1330 1545 1387 florentissima
1563 1335 1685 1403 repente

85 1398 329 1472 interpretatione,
347 1404 394 1458 vel
411 1405 541 1460 dilatatio
563 1405 630 1477 (56).
654 1409 698 1463 lbi
721 1424 794 1481 ergo
852 1411 1003 1468 occiderit.
1020 1414 1129 1471 Verum
1144 1416 1201 1473 hoe
1216 1419 1303 1474 nobis
1326 1434 1480 1475 commune
1504 1436 1564 1475 non
1587 1421 1684 1477 solnm

85 1485 138 1542 ntia
152 1488 203 1542 nbi
219 1491 357 1562 sutietes3
375 1493 424 1548 ubi
440 1496 538 1550 antem
559 1495 653 1551 tames
679 1498 795 1569 cupidi·
852 1515 918 1555 cum
932 1499 1111 1573 hominibus,
1128 1506 1182 1561 sed
1198 1507 1286 1564 etiam
1301 1524 1367 1565 cum
1383 1509 1563 1581 civitatibus,
1581 1511 1685 1566 terris·

85 1574 127 1631 rbi
143 1576 326 1649 inexplibilis
340 1583 514 1654 appetentia,
532 1584 573 1640 ibi
597 1587 698 1659 utique
721 1603 795 1658 pau·
850 1604 909 1659 qne
924 1588 1000 1660 ipsis
1015 1596 1071 1648 est.
1094 1592 1207 1665 Nempe
1222 1597 1258 1650 de
1272 1597 1456 1653 Bononiensi
1470 1599 1595 1654 veniens
1611 1599 1685 1656 urbe

87 1662 147 1721 Sed
162 1667 229 1738 quie
245 1668 296 1722 vix
311 1669 369 1724 nlla
385 1673 427 1726 rei
442 1673 621 1742 pecuniariae
632 1675 679 1731 vol
691 1677 796 1731 mundi
851 1693 867 1732 a
892 1680 977 1750 tergo
1003 1679 1179 1753 Claternam,
1208 1684 1304 1755 ipsam
1327 1686 1500 1757 Bononiam,
1531 1688 1683 1759 Mutinam,

85 1753 214 1824 epiditas
230 1758 395 1814 satietatem
409 1760 507 1832 babet,
522 1763 590 1819 ideo
600 1764 792 1836 addidit(bi):
853 1766 1002 1840 Rhegium
1011 1770 1251 1843 derelinquebas,
1267 1773 1298 1829 in
1308 1774 1430 1830 dextera
1440 1779 1503 1830 orat
1517 1777 1683 1848 Brixillum,

85 1840 206 1911 elabitur
219 1845 425 1904 benedictione
441 1850 545 1922 (ibid).
563 1876 574 1901 ι
852 1871 868 1909 n
883 1856 979 1913 tronto
993 1860 1169 1914 occurrebat
1183 1861 1343 1932 Placentia,
1361 1867 1492 1919 veterem
1503 1865 1685 1921 nobilitatem

85 1931 232 1988 eoundum
255 1935 321 1990 haeo
348 1937 453 1994 Petrus
479 1941 633 2011 apostolus
662 1915 834 1998 delinivitB
851 1944 918 2015 ipso
933 1946 1030 2002 adhue
1045 1950 1163 2005 nomine
1178 1966 1301 2021 sonans,
1318 1953 1354 2007 ad
1369 1952 1474 2008 laevam
1485 1954 1685 2024 Apenniniin·

85 2035 152 2076 turo
167 2026 196 2078 el
215 2028 338 2096 argente
364 2030 392 2082 et
414 2029 594 2086 indumentis
619 2029 794 2087 feminarum
852 2034 929 2089 cultu
944 2035 1114 2107 miseratus,
1132 2041 1162 2093 et
1175 2039 1455 2096 florentissimorum
1470 2042 1619 2112 qnondam
1633 2057 1685 2113 po·

85 2115 268 2183 numentum,
292 2114 346 2169 sod
370 2116 401 2171 in
424 2118 539 2174 occulto
559 2120 659 2175 cordis
675 2120 794 2177 bomine
851 2123 988 2195 pulcrum
1002 2126 1124 2181 castella
1140 2128 1363 2198 considerabas,
1381 2132 1469 2201 atque
1482 2128 1590 2185 affeetu
1605 2128 1684 2184 rele-

85 2200 236 2256 rsoondito
251 2201 282 2270 (I
293 2203 381 2260 Petr.
399 2222 440 2276 nr,
457 2205 484 2277 3,
501 2208 549 2276 l):
567 2209 644 2265 unde
659 2211 738 2264 nulle
760 2227 794 2268 se
851 2213 946 2284 gebus
961 2213 1070 2268 dolenti
1086 2214 1153 2284 (til).
1170 2215 1224 2270 Tot
1240 2216 1330 2288 igitur
1338 2219 1550 2272 semirutarum
1566 2218 1684 2274 urbium

85 2286 173 2343 ultum
189 2290 315 2362 pietatis,
333 2297 468 2350 ornatum
483 2298 597 2366 gratiae,
624 2299 692 2354 vitae
707 2304 794 2355 aeter·
852 2302 1005 2371 cadavera,
1019 2306 1223 2375 terrarumque
1239 2305 1295 2359 snb
1311 2305 1415 2360 eodem
1439 2311 1602 2377 conspectu
1625 2322 1680 2362 ex-

85 2377 239 2434 editatem.
257 2380 339 2452 Vale,
365 2386 394 2437 et
414 2399 471 2440 nos
492 2386 594 2459 dilige,
612 2388 680 2460 qnia
696 2405 752 2445 nos
767 2393 794 2445 te
851 2391 948 2461 posita
964 2391 1068 2446 lunera
1082 2407 1141 2448 non
1156 2395 1183 2447 te
1198 2393 1357 2448 admonent
1371 2395 1471 2465 unins,
1488 2398 1600 2450 sanctae
1615 2395 1684 2451 licei

85 2481 124 2523 ts.
852 2483 881 2535 et
894 2480 1077 2535 admirabilis
1093 2481 1222 2551 teminae,
1242 2482 1450 2538 decessionem
1473 2484 1685 2541 consolabilio-

128 2593 204 2657 944
227 2601 409 2660 Eplgpom
423 2607 547 2663 XXXIX
561 2608 629 2680 (53).
853 2584 915 2624 rem
930 2568 1110 2639 habendam,
1126 2571 1292 2640 praesertim
1308 2587 1375 2627 oum
1390 2572 1440 2627 illa
1459 2572 1489 2628 in
1512 2577 1686 2645 perpetuum

86 2705 133 2746 m
166 2706 200 2746 ro
222 2697 269 2747 ,er
284 2696 400 2749 sororis
414 2703 538 2752 monem
552 2698 701 2753 hominum
724 2716 795 2756 eon·
851 2661 999 2729 prostrata
1019 2674 1054 2712 ac
1079 2659 1175 2715 diruta
1199 2660 1281 2716 sint:
1304 2660 1369 2717 hese
1389 2666 1487 2717 autem
1508 2662 1545 2717 ad
1566 2664 1683 2734 tempus

85 2776 123 2817 ,m
152 2709 300 2833 ,fflle'mem
316 2766 425 2837 αἴρω),
444 2768 498 2822 pm,
518 2770 577 2840 ips,-
598 2772 698 2826 som„-
719 2770 796 2839 ins„
852 2747 971 2819 quidem
987 2752 1086 2820 erepta
1101 2749 1199 2820 nobis,
1217 2750 1368 2805 meliorem
1383 2750 1444 2806 illic
1458 2751 1547 2806 vitam
1563 2752 1685 2824 exigat?

100 2848 135 2888 ao
149 2835 304 2889 interitum
320 2852 376 2892 non
391 2838 561 2894 bominibus
576 2841 679 2907 solnm,
696 2843 751 2898 sed
767 2848 796 2898 et
887 2837 915 2891 l.
935 2836 1036 2908 Itaque
1059 2854 1118 2893 non
1141 2841 1200 2893 tam
1224 2839 1445 2910 deplorandam,
1470 2856 1559 2912 qnam
1582 2855 1687 2912 prose·

85 2903 171 2961 1111111
186 2922 364 2963 0011111111611
381 2925 595 2967 133111016ῦέ·
620 2914 710 2970 Nili!
723 2928 796 2986 9190
853 2927 1000 2997 quendam
1015 2926 1199 2985 orationibus
1214 2943 1298 2999 reor3
1314 2944 1370 2984 nec
1384 2929 1631 2986 moestificandam
1647 2930 1687 2985 la·

85 2991 124 3072 ,Μ’
148 2976 256 3032 ‘Jews
279 2979 340 3034 ¹¹fo
367 2997 491 3050 prem?
523 2989 625 3039 vem
649 2984 795 3066 siqnidem
853 3016 963 3086 orymis
978 3016 1048 3086 tuis,
1067 3017 1121 3071 sed
1136 3016 1232 3089 magis
1248 3017 1449 3073 oblationibus
1472 3010 1545 3074 945
1560 3019 1687 3076 animam

85 3044 176 3116 ialam,
194 3063 231 3102 ne
247 3065 330 3121 quern
346 3052 506 3107 secundnm
522 3070 641 3109 carnem
655 3072 720 3128 pom
744 3072 793 3111 co·
1670 3089 1674 3097 ’

85 3132 179 3188 ms,
205 3127 235 3173 3,
260 3136 364 3175 ,mmm
390 3130 567 3180 wemma,
591 3126 729 3192 Quaefflm
744 3127 796 3182 ,713
853 3104 920 3177 ejus
936 3106 1060 3162 Domino
1076 3107 1337 3161 commendandam
1351 3107 1480 3163 arbitror
1493 3107 1562 3177 (62).

85 3191 249 3262 tqnomodo
264 3192 345 3247 illum
361 3194 455 3249 solari
468 3196 649 3254 Ambrosius
668 3199 733 3269 ipse
754 3204 796 3254 to-
888 3196 915 3249 5.
936 3194 1045 3250 Verum
1068 3194 1143 3251 torte
1167 3211 1290 3250 asseras
1313 3211 1454 3251 securum
1477 3199 1505 3251 te
1520 3196 1557 3252 de
1572 3197 1687 3252 meritis

85 3275 115 3328 r,
136 3263 325 3333 θΧΡθ111ῙῘῑ111·
569 3340 572 3345 ,
812 3276 921 3354 chus
936 3299 971 3339 ac
986 3283 1043 3339 tlde
1059 3283 1126 3354 (63),
1142 3284 1265 3355 nequire
1280 3286 1378 3340 tamen
1394 3284 1472 3340 terre
1491 3284 1685 3357 desiderium,

125 3350 297 3407 A¹¹⁸R⁰⁸¹U⁸
318 3353 467 3410 FAUST¹N⁰
483 3354 620 3413 8111116111·
852 3372 933 3444 quod
948 3387 1012 3428 eam
1023 3372 1086 3445 jam
1101 3388 1160 3428 non
1174 3372 1277 3429 videas
1302 3373 1466 3429 secundnm
1488 3389 1618 3445 carnem,
1638 3374 1685 3430 id-

87 3456 160 3513 erbo
176 3459 203 3513 te
218 3458 377 3516 doliturum
392 3461 494 3518 dolore
509 3463 622 3519 obitum
644 3479 797 3536 germane
854 3478 911 3533 qne
934 3461 989 3518 tibi
1009 3477 1126 3518 summo
1150 3462 1245 3517 dolori
1274 3463 1322 3517 sit.
1353 3461 1416 3517 Nec
1440 3462 1513 3518 illud
1537 3466 1566 3518 te
1589 3467 1689 3520 moret

85 3561 93 3601 ι
107 3545 298 3618 ignorabam,
315 3565 374 3604 non
389 3555 487 3607 tamen
502 3555 533 3607 nt
546 3569 562 3606 a
577 3553 664 3609 nobis
680 3557 707 3609 te
722 3555 797 3611 alle·
853 3551 1067 3622 Apostolioum,
1084 3551 1163 3622 qnod
1177 3552 1217 3605 ait
1233 3567 1240 3606 :
1259 3573 1270 3602 ι
1287 3549 1359 3615 Quia
1376 3553 1523 3606 neniincm
1548 3553 1686 3608 novimus

85 3635 131 3691 red
146 3640 177 3691 nt
192 3637 280 3693 nobis
296 3641 323 3694 te
342 3640 502 3712 redderes,
526 3657 593 3696 nam
617 3643 672 3698 etsi
697 3644 797 3700 minus
853 3655 892 3695 ex
906 3641 963 3696 hoa
978 3640 1143 3696 secundnm
1157 3655 1287 3694 carnem.
1305 3638 1340 3694 Et
1364 3640 1391 3694 si
1413 3641 1611 3712 cognovimns
1636 3657 1687 3698 se·

85 3740 90 3779 ι
105 3724 211 3780 eolalia
235 3728 437 3797 maerentibus,
464 3733 560 3786 tamen
584 3747 797 3805 nonnunquam
854 3729 982 3785 cundum
997 3744 1117 3784 carnem
1131 3727 1291 3797 Christum,
1314 3729 1369 3784 sed
1386 3728 1541 3801 nunciam
1556 3745 1615 3786 non
1630 3746 1686 3786 no-

85 3813 131 3869 ria
146 3818 226 3870 suut.
242 3816 285 3871 Tu
301 3819 398 3872 antem
412 3818 511 3873 abiisti
527 3819 557 3874 in
572 3824 689 3876 secreta
713 3837 797 3877 mon·
853 3818 951 3873 vimus
966 3816 1012 3889 (ΙΙ
1025 3816 1094 3873 Cor.
1110 3835 1139 3887 v,
1157 3817 1222 3888 lti)?
1239 3838 1251 3865 ι
1277 3817 1351 3874 Caro
1369 3819 1448 3872 onim
1464 3821 1566 3873 nostra
1581 3835 1688 3891 perpe-

85 3902 178 3959 iinter
190 3904 321 3960 t'emrum
337 3905 501 3962 diversaris
518 3909 638 3979 spelaea,
654 3911 735 3965 omni
746 3910 799 3966 hn-
853 3911 902 3962 tna
911 3921 1024 3962 esseae
1034 3906 1171 3962 diuturna
1180 3910 1495 3977 nonpoteet;nccesse
1504 3910 1551 3964 est
1560 3909 1687 3981 occidat,

85 3995 315 4048 conversationis
341 4011 398 4050 usn
420 3996 555 4053 abdicato
579 3998 648 4069 (59),
673 4000 703 4054 et
717 3998 796 4071 quod
854 3999 886 4051 nt
899 3996 1054 4069 resurgat,
1069 4011 1197 4052 necesse
1212 3999 1258 4051 cst
1272 3996 1449 4067 resolvatur,
1465 3998 1686 4069 utrequiescat,

98 4085 155 4152 est,
170 4081 284 4153 jndicio
301 4086 362 4140 tuo.
854 4087 885 4140 nt
907 4085 957 4140 ssat
978 4085 1097 4159 quidam
1119 4085 1188 4141 sinis
1203 4085 1327 4156 [peccati
1350 4084 1417 4155 (64).
1445 4085 1480 4141 Et
1494 4085 1560 4142 ideo
1578 4087 1686 4142 multos

85 4174 205 4228 ntnmne
221 4173 257 4228 de
273 4177 300 4228 te
317 4176 491 4230 commeruit
514 4191 656 4247 germana
680 4176 752 4248 tna,'
765 4181 796 4234 nt
854 4174 1051 4247 cognovimns
1068 4175 1233 4230 secundnm
1248 4191 1378 4245 caraem,
1394 4175 1449 4230 sed
1463 4191 1542 4230 nunc
1555 4175 1688 4247 jamnon

101 4276 190 4333 quam
215 4263 362 4318 excellere
390 4265 467 4334 apud
489 4266 517 4320 te
542 4265 644 4321 debuit
666 4267 795 4325 conditio
853 4264 1001 4320 novimus.
1017 4264 1117 4335 Ipsum
1132 4264 1288 4320 Dominum
1305 4264 1408 4319 lesum
1424 4264 1631 4336 cognovimus,
1648 4264 1691 4317 in·

85 4391 97 4420 ,
113 4365 181 4422 quae
197 4355 256 4406 tam
271 4353 424 4425 egregiam
439 4353 577 4409 seminam
593 4355 667 4425 tulit,
676 4360 797 4428 propter
854 4355 916 4425 quit
931 4354 1103 4425 Apostolus,
1121 4353 1286 4409 secundnm
1301 4369 1430 4424 carnem,
1449 4351 1528 4407 used
1539 4351 1686 4423 nnncjem

87 4438 127 4494 nd
149 4442 178 4494 te
194 4441 320 4497 minoris
344 4444 552 4515 prerogativae
568 4444 627 4498 sit?
648 4445 699 4499 llla
715 4447 796 4502 certe
853 4459 913 4500 non
929 4443 1077 4499 norimus.
1096 4465 1107 4492 ι
1124 4443 1190 4498 lam
1204 4441 1283 4498 enim
1299 4442 1398 4497 carnis
1421 4441 1601 4511 deposuerat
1615 4454 1686 4495 exn-

85 4527 204 4598 aedens,
231 4529 288 4585 hoc
309 4535 337 4585 te
360 4531 508 4586 mulcebat
526 4532 642 4603 solatio,
669 4534 749 4605 quod
768 4536 795 4588 te
852 4534 928 4605 vias,
942 4531 1004 4605 jam
1019 4531 1120 4604 specie
1134 4529 1264 4586 hominia
1278 4546 1338 4585 non
1358 4527 1526 4599 videbatur,
1547 4527 1610 4600 ,iam
1632 4543 1686 4600 pro

85 4670 152 4726 dem
168 4671 233 4727 cod.
252 4672 368 4744 ilonea,
388 4697 399 4720 ι
417 4674 529 4729 Latinae
544 4637 837 4745 interpretationisn
854 4676 983 4748 Megara,
1009 4675 1111 4730 deutra
1140 4673 1256 4740 Pirous,
1279 4670 1401 4726 sinistra
1419 4670 1592 4753 ¹Corinthus,
1618 4686 1686 4743 qnae

85 4741 178 4797 atione
193 4744 401 4799 abundantiam
418 4746 464 4799 rcl
486 4745 656 4800 dilationem
682 4746 797 4817 signill-
853 4747 958 4817 oppida
987 4746 1114 4818 quadam
1146 4747 1277 4825 tempore
1310 4742 1521 4823 florentissima
1555 4741 1686 4826 luerunt,

85 4813 148 4868 tnod
162 4829 234 4868 vero
249 4816 285 4868 ad
301 4816 379 4869 hune
391 4818 592 4888 significatum
607 4817 637 4871 in
652 4831 698 4886 eo,
720 4818 797 4872 elln-
852 4833 930 4872 nuno
947 4819 1090 4887 prostrata
1106 4818 1135 4870 et
1149 4815 1244 4869 diruta
1259 4816 1326 4868 ante
1341 4812 1445 4867 oculos
1468 4816 1578 4884 Jucent.
1601 4813 1685 4898 Cfnpi

102 4884 151 4940 illa
166 4886 256 4939 rerba
273 4887 351 4941 citati
368 4888 425 4942 loci
440 4904 478 4942 ex
494 4888 596 4943 Dent:
611 4909 623 4936 ι
637 4887 795 4970 Nephtbali
852 4892 970 4970 egomet
983 4902 1099 4969 mecum
1114 4886 1245 4968 cogitare
1263 4900 1269 4939 :
1287 4882 1376 4966 Heml
1392 4898 1449 4968 aas
1459 4884 1632 4968 homunculi
1647 4901 1689 4940 m·

85 4957 138 5010 ntia
154 4956 333 5027 perfruetur,
350 4963 377 5012 ct
392 4960 498 5028 plenus
515 4959 570 5014 erit
584 4958 797 5014 benedictioni·
852 4959 1018 5031 dignamur,
1043 4973 1071 5012 si
1092 4973 1160 5029 quis
1183 4959 1327 5038 nostrum
1340 4958 1459 5024 interut,
1491 4960 1541 5044 ant
1565 4972 1687 5012 occisus

85 5026 151 5081 tam
166 5028 276 5098 alioqui
296 5031 409 5084 rcctins
432 5032 698 5100 interpretaremur
719 5030 797 5086 idem
851 5034 907 5098 est,
924 5046 991 5085 cum
1006 5029 1036 5083 in
1051 5044 1110 5084 nno
1123 5028 1189 5083 loco
1203 5029 1246 5081 toi
1261 5027 1436 5109 oppidorum
1452 5029 1598 5084 cadavera
1613 5045 1681 5100 pro-

88 5101 797 5171 nmcomparationem,retorsionemactortno-
849 5099 928 5172 jecta
941 5099 1106 5173 jaceantli
1123 5099 1164 5153 lta
1180 5099 1342 5182 Nunnius.¹
1419 5168 1424 5181 ι
1510 5171 1515 5182 Ι

85 5174 136 5226 ‚ul
152 5171 243 5241 vulgo
260 5170 367 5226 solent.
887 5171 944 5242 (ot)
963 5172 1037 5226 Mes,
1055 5171 1096 5225 Bo
1118 5186 1159 5225 er.
1184 5191 1196 5220 ι
1224 5171 1362 5240 lacrymis
1385 5171 1444 5225 tuis
1468 5186 1606 5239 animam,
1632 5170 1686 5225 sed

85 5240 178 5310 loyer.
195 5242 289 5307 solus,
309 5263 320 5293 ι
338 5243 405 5296 ideo
422 5243 457 5297 de
471 5243 554 5315 justo
568 5243 685 5299 dicitnr.
703 5266 714 5291 n
851 5243 949 5314 magis
963 5187 1163 5325 oblationibus
1175 5241 1241 5297 aitis
1251 5240 1658 5324 commendandamarbltror.
1673 5261 1684 5290 ι

85 5311 187 5381 ioripta
203 5312 281 5367 hand
297 5314 387 5369 multo
404 5320 471 5383 post
485 5331 553 5369 ann.
570 5314 633 5371 387.
851 5312 1033 5369 observabis
1054 5314 1150 5368 obiter
1173 5312 1364 5394 Ambrosium
1389 5313 1445 5368 hoc
1469 5312 1535 5395 loco
1560 5315 1637 5366 sient
1657 5312 1686 5362 et

85 5381 213 5437 lonnulli
230 5399 303 5439 mss.
320 5401 354 5439 ac
370 5389 427 5440 vet.
451 5386 531 5455 edit,
557 5406 570 5437 a
596 5402 653 5441 nsn
674 5385 795 5441 abdica-
851 5384 922 5439 alibi
943 5401 1004 5441 non
1026 5384 1119 5441 semel
1143 5383 1388 5439 consuetudinem
1412 5387 1577 5463 orationum
1597 5383 1685 5463 atque

851 5455 1031 5513 oblationum
1046 5472 1100 5527 pro
1114 5455 1239 5510 mortuis
1251 5454 1452 5509 faciendarum
1463 5452 1629 5533 testificari.

85 5523 143 5580 lod.
160 5525 279 5596 Bauer,
299 5548 310 5578 ι
329 5543 387 5582 non
403 5528 525 5583 credant
539 5526 660 5584 abesse.
683 5551 694 5575 ι·
887 5526 944 5599 (63)
963 5528 1064 5585 Codex
1086 5527 1192 5598 Boyer.
1217 5527 1301 5582 solus
1329 5548 1339 5572 ι
1364 5525 1400 5579 dc
1423 5528 1536 5578 meritis
1561 5536 1630 5592 ejus
1648 5518 1685 5575 ad

86 5595 196 5651 mitatio
212 5602 258 5651 est
272 5598 368 5653 Servii
383 5599 501 5670 Snlpitii
515 5598 550 5653 ad
566 5598 739 5655 Ciceronem
759 5598 796 5654 de
851 5598 981 5655 tidem.»
1179 5669 1185 5680 ὗ
1381 5663 1386 5675 ¹

85 5666 169 5723 'nlliae
194 5666 277 5724 Filiae
304 5687 310 5724 :
339 5692 351 5722 ιι
379 5670 423 5725 Ex
440 5671 510 5725 Asia
526 5669 656 5741 rediens,
677 5686 744 5725 cnm
759 5670 796 5725 ab
887 5670 943 5740 (til)
962 5670 1036 5727 Mes.
1053 5660 1684 5737 renuntiarettlntqnidam,»eto.Boyer.

86 5737 238 5811 Megaram
252 5743 550 5815 vesnsnavigarem,
568 5742 644 5811 cmpi
657 5742 796 5814 regiones
850 5742 946 5814 salus,
973 5762 986 5795 ι
1010 5756 1137 5801 neeesse
1158 5743 1205 5798 eet
1228 5741 1259 5794 nt
1276 5737 1348 5809 tigal
1361 5733 1510 5806 quosdam
1523 5732 1599 5792 lines
1615 5750 1686 5810 peo-

87 5808 166 5866 eiree
182 5812 354 5884 prospicere
368 5812 796 5888 :postmee1·atAEgina,ante
852 5816 929 5869 cato.
950 5837 961 5862 ι
