<?xml version="1.0" encoding="UTF-8"?>
<!DOCTYPE html PUBLIC "-//W3C//DTD XHTML 1.0 Transitional//EN"
    "http://www.w3.org/TR/xhtml1/DTD/xhtml1-transitional.dtd">
<html xmlns="http://www.w3.org/1999/xhtml" xml:lang="en" lang="en">
 <head>
  <title>
</title>
<meta http-equiv="Content-Type" content="text/html;charset=utf-8" />
  <meta name='ocr-system' content='tesseract 3.04.00' />
  <meta name='ocr-capabilities' content='ocr_page ocr_carea ocr_par ocr_line ocrx_word'/>
</head>
<body>
  <div class='ocr_page' id='page_1' title='image "./patrologiaecurs70unkngoog/patrologiaecurs70unkngoog_0723.png"; bbox 0 0 3900 6128; ppageno 0'>
   <div class='ocr_carea' id='block_1_1' title="bbox 99 323 184 393">
    <p class='ocr_par' dir='ltr' id='par_1_1' title="bbox 99 323 184 393">
     <span class='ocr_line' id='line_1_1' title="bbox 99 323 184 393; baseline 0 0"><span class='ocrx_word' id='word_1_1' title='bbox 99 323 184 393; x_wconf 71' lang='lat' dir='ltr'>etse</span> 
     </span>
    </p>
   </div>
   <div class='ocr_carea' id='block_1_2' title="bbox 640 297 1296 389">
    <p class='ocr_par' dir='ltr' id='par_1_2' title="bbox 640 297 1296 389">
     <span class='ocr_line' id='line_1_2' title="bbox 640 297 1296 389; baseline -0.002 -1"><span class='ocrx_word' id='word_1_2' title='bbox 640 297 803 388; x_wconf 81' lang='lat' dir='ltr'>enarro</span> <span class='ocrx_word' id='word_1_3' title='bbox 823 318 880 386; x_wconf 83' lang='lat' dir='ltr'>ns</span> <span class='ocrx_word' id='word_1_4' title='bbox 902 317 1035 389; x_wconf 82' lang='lat' dir='ltr'>omre</span> <span class='ocrx_word' id='word_1_5' title='bbox 1056 318 1296 389; x_wconf 83' lang='lat' dir='ltr'>rnaoaosn.</span> 
     </span>
    </p>
   </div>
   <div class='ocr_carea' id='block_1_3' title="bbox 1752 328 1832 392">
    <p class='ocr_par' dir='ltr' id='par_1_3' title="bbox 1752 328 1832 392">
     <span class='ocr_line' id='line_1_3' title="bbox 1752 328 1832 392; baseline 0.013 -1"><span class='ocrx_word' id='word_1_6' title='bbox 1752 328 1832 392; x_wconf 78' lang='lat'>1450</span> 
     </span>
    </p>
   </div>
   <div class='ocr_carea' id='block_1_4' title="bbox 103 507 1832 582">
    <p class='ocr_par' dir='ltr' id='par_1_4' title="bbox 103 507 1832 582">
     <span class='ocr_line' id='line_1_4' title="bbox 103 507 1832 582; baseline -0.002 -12"><span class='ocrx_word' id='word_1_7' title='bbox 103 529 171 570; x_wconf 90' lang='lat' dir='ltr'>rum</span> <span class='ocrx_word' id='word_1_8' title='bbox 191 516 220 568; x_wconf 89' lang='lat' dir='ltr'>et</span> <span class='ocrx_word' id='word_1_9' title='bbox 235 510 344 582; x_wconf 75' lang='lat' dir='ltr'>vulvae,</span> <span class='ocrx_word' id='word_1_10' title='bbox 359 509 588 567; x_wconf 85' lang='lat' dir='ltr'>benedictiones</span> <span class='ocrx_word' id='word_1_11' title='bbox 599 510 703 565; x_wconf 85' lang='lat' dir='ltr'>metris</span> <span class='ocrx_word' id='word_1_12' title='bbox 720 511 787 579; x_wconf 79' lang='lat' dir='ltr'>tuse,</span> <span class='ocrx_word' id='word_1_13' title='bbox 805 512 833 564; x_wconf 90' lang='lat' dir='ltr'>et</span> <span class='ocrx_word' id='word_1_14' title='bbox 852 525 942 580; x_wconf 88' lang='lat' dir='ltr'>prop·</span> <span class='ocrx_word' id='word_1_15' title='bbox 958 507 1103 581; x_wconf 70' lang='lat' dir='ltr'>Agratiee</span> <span class='ocrx_word' id='word_1_16' title='bbox 1117 510 1229 564; x_wconf 90' lang='lat' dir='ltr'>nonsit</span> <span class='ocrx_word' id='word_1_17' title='bbox 1254 510 1418 581; x_wconf 86' lang='lat' dir='ltr'>ademptus.</span> <span class='ocrx_word' id='word_1_18' title='bbox 1437 510 1499 567; x_wconf 89' lang='lat' dir='ltr'>Noc</span> <span class='ocrx_word' id='word_1_19' title='bbox 1523 511 1677 566; x_wconf 92' lang='lat' dir='ltr'>immerito.</span> <span class='ocrx_word' id='word_1_20' title='bbox 1699 511 1731 566; x_wconf 88' lang='lat' dir='ltr'>Si</span> <span class='ocrx_word' id='word_1_21' title='bbox 1754 514 1832 567; x_wconf 90' lang='lat' dir='ltr'>euim</span> 
     </span>
    </p>
   </div>
   <div class='ocr_carea' id='block_1_5' title="bbox 103 598 949 2539">
    <p class='ocr_par' dir='ltr' id='par_1_5' title="bbox 103 598 947 1832">
     <span class='ocr_line' id='line_1_5' title="bbox 103 598 942 670; baseline -0.011 -11"><span class='ocrx_word' id='word_1_22' title='bbox 103 606 150 659; x_wconf 89' lang='lat' dir='ltr'>ter</span> <span class='ocrx_word' id='word_1_23' title='bbox 163 601 387 658; x_wconf 86' lang='lat' dir='ltr'>benedictiones</span> <span class='ocrx_word' id='word_1_24' title='bbox 403 599 497 670; x_wconf 89' lang='lat' dir='ltr'>patris</span> <span class='ocrx_word' id='word_1_25' title='bbox 515 600 553 654; x_wconf 93' lang='lat' dir='ltr'>tui</span> <span class='ocrx_word' id='word_1_26' title='bbox 571 598 660 667; x_wconf 86' lang='lat' dir='ltr'>(Gen.</span> <span class='ocrx_word' id='word_1_27' title='bbox 678 616 755 668; x_wconf 75' lang='lat' dir='ltr'>xcix,</span> <span class='ocrx_word' id='word_1_28' title='bbox 776 598 842 668; x_wconf 72' lang='lat' dir='ltr'>tir);</span> <span class='ocrx_word' id='word_1_29' title='bbox 866 619 876 646; x_wconf 78' lang='grc'>1</span> <span class='ocrx_word' id='word_1_30' title='bbox 903 598 942 666; x_wconf 91' lang='lat' dir='ltr'>pii</span> 
     </span>
     <span class='ocr_line' id='line_1_6' title="bbox 104 687 942 762; baseline -0.008 -16"><span class='ocrx_word' id='word_1_31' title='bbox 104 694 198 762; x_wconf 89' lang='lat' dir='ltr'>patris</span> <span class='ocrx_word' id='word_1_32' title='bbox 216 691 337 746; x_wconf 78' lang='lat' dir='ltr'>soboles</span> <span class='ocrx_word' id='word_1_33' title='bbox 352 689 441 744; x_wconf 89' lang='lat' dir='ltr'>bone.</span> <span class='ocrx_word' id='word_1_34' title='bbox 458 688 595 743; x_wconf 85' lang='lat' dir='ltr'>Celebrat</span> <span class='ocrx_word' id='word_1_35' title='bbox 609 702 682 760; x_wconf 86' lang='lat' dir='ltr'>ergo</span> <span class='ocrx_word' id='word_1_36' title='bbox 698 691 726 741; x_wconf 91' lang='lat' dir='ltr'>et</span> <span class='ocrx_word' id='word_1_37' title='bbox 741 688 797 741; x_wconf 91' lang='lat' dir='ltr'>isto</span> <span class='ocrx_word' id='word_1_38' title='bbox 813 687 942 757; x_wconf 87' lang='lat' dir='ltr'>quadra·</span> 
     </span>
     <span class='ocr_line' id='line_1_7' title="bbox 104 775 943 853; baseline -0.007 -18"><span class='ocrx_word' id='word_1_39' title='bbox 104 781 251 853; x_wconf 78' lang='lat' dir='ltr'>gesimam</span> <span class='ocrx_word' id='word_1_40' title='bbox 274 779 367 850; x_wconf 86' lang='lat' dir='ltr'>patris</span> <span class='ocrx_word' id='word_1_41' title='bbox 393 777 496 847; x_wconf 83' lang='lat' dir='ltr'>Jacob,</span> <span class='ocrx_word' id='word_1_42' title='bbox 524 777 756 848; x_wconf 75' lang='lat' dir='ltr'>supplantatoris</span> <span class='ocrx_word' id='word_1_43' title='bbox 786 775 883 830; x_wconf 89' lang='lat' dir='ltr'>illius:</span> <span class='ocrx_word' id='word_1_44' title='bbox 915 778 943 829; x_wconf 91' lang='lat' dir='ltr'>ct</span> 
     </span>
     <span class='ocr_line' id='line_1_8' title="bbox 104 863 941 938; baseline -0.01 -12"><span class='ocrx_word' id='word_1_45' title='bbox 104 887 161 928; x_wconf 86' lang='lat' dir='ltr'>nos</span> <span class='ocrx_word' id='word_1_46' title='bbox 191 869 378 926; x_wconf 72' lang='lat' dir='ltr'><strong>celebramus</strong></span> <span class='ocrx_word' id='word_1_47' title='bbox 409 867 570 923; x_wconf 75' lang='lat' dir='ltr'>Theodosii</span> <span class='ocrx_word' id='word_1_48' title='bbox 604 865 863 938; x_wconf 74' lang='lat' dir='ltr'>quadragesimam</span> <span class='ocrx_word' id='word_1_49' title='bbox 892 863 941 934; x_wconf 74' lang='lat' dir='ltr'>(l),</span> 
     </span>
     <span class='ocr_line' id='line_1_9' title="bbox 106 955 942 1032; baseline -0.012 -16"><span class='ocrx_word' id='word_1_50' title='bbox 106 961 157 1032; x_wconf 86' lang='lat' dir='ltr'>qui</span> <span class='ocrx_word' id='word_1_51' title='bbox 173 960 303 1014; x_wconf 84' lang='lat' dir='ltr'>imitatus</span> <span class='ocrx_word' id='word_1_52' title='bbox 314 957 418 1026; x_wconf 81' lang='lat' dir='ltr'>Jacob,</span> <span class='ocrx_word' id='word_1_53' title='bbox 432 955 631 1027; x_wconf 74' lang='lat' dir='ltr'>supplantavit</span> <span class='ocrx_word' id='word_1_54' title='bbox 641 955 794 1024; x_wconf 79' lang='lat' dir='ltr'>perfidiam</span> <span class='ocrx_word' id='word_1_55' title='bbox 805 957 942 1024; x_wconf 71' lang='lat' dir='ltr'>tyranno·</span> 
     </span>
     <span class='ocr_line' id='line_1_10' title="bbox 104 1039 942 1120; baseline -0.012 -15"><span class='ocrx_word' id='word_1_56' title='bbox 104 1066 182 1116; x_wconf 91' lang='lat' dir='ltr'>rum,</span> <span class='ocrx_word' id='word_1_57' title='bbox 199 1049 250 1120; x_wconf 89' lang='lat' dir='ltr'>qui</span> <span class='ocrx_word' id='word_1_58' title='bbox 269 1039 366 1103; x_wconf 84' lang='grc'><strong>1199</strong></span> <span class='ocrx_word' id='word_1_59' title='bbox 388 1045 543 1101; x_wconf 74' lang='lat' dir='ltr'>abscondit</span> <span class='ocrx_word' id='word_1_60' title='bbox 559 1044 719 1099; x_wconf 88' lang='lat' dir='ltr'>simulacra</span> <span class='ocrx_word' id='word_1_61' title='bbox 735 1042 942 1115; x_wconf 68' lang='grc'><strong>3111111118),</strong></span> 
     </span>
     <span class='ocr_line' id='line_1_11' title="bbox 105 1131 943 1204; baseline -0.012 -9"><span class='ocrx_word' id='word_1_62' title='bbox 105 1152 210 1195; x_wconf 78' lang='lat' dir='ltr'>omnies</span> <span class='ocrx_word' id='word_1_63' title='bbox 225 1136 305 1192; x_wconf 90' lang='lat' dir='ltr'>enim</span> <span class='ocrx_word' id='word_1_64' title='bbox 320 1136 418 1191; x_wconf 90' lang='lat' dir='ltr'>cultus</span> <span class='ocrx_word' id='word_1_65' title='bbox 435 1134 580 1189; x_wconf 90' lang='lat' dir='ltr'>idolorum</span> <span class='ocrx_word' id='word_1_66' title='bbox 600 1132 676 1187; x_wconf 84' lang='lat' dir='ltr'>fides</span> <span class='ocrx_word' id='word_1_67' title='bbox 695 1131 763 1204; x_wconf 86' lang='lat' dir='ltr'>ejus</span> <span class='ocrx_word' id='word_1_68' title='bbox 778 1131 943 1199; x_wconf 81' lang='lat' dir='ltr'>abscondit,</span> 
     </span>
     <span class='ocr_line' id='line_1_12' title="bbox 105 1221 945 1293; baseline -0.012 -10"><span class='ocrx_word' id='word_1_69' title='bbox 105 1242 212 1283; x_wconf 87' lang='lat' dir='ltr'>omnes</span> <span class='ocrx_word' id='word_1_70' title='bbox 227 1240 330 1281; x_wconf 85' lang='lat' dir='ltr'>eorum</span> <span class='ocrx_word' id='word_1_71' title='bbox 350 1223 545 1279; x_wconf 86' lang='lat' dir='ltr'>caeremonias</span> <span class='ocrx_word' id='word_1_72' title='bbox 565 1221 762 1277; x_wconf 84' lang='lat' dir='ltr'>oblitteravit:</span> <span class='ocrx_word' id='word_1_73' title='bbox 787 1221 839 1293; x_wconf 89' lang='lat' dir='ltr'>qui</span> <span class='ocrx_word' id='word_1_74' title='bbox 859 1221 945 1274; x_wconf 88' lang='lat' dir='ltr'>etiam</span> 
     </span>
     <span class='ocr_line' id='line_1_13' title="bbox 103 1309 946 1388; baseline -0.009 -17"><span class='ocrx_word' id='word_1_75' title='bbox 103 1317 145 1371; x_wconf 80' lang='lat' dir='ltr'>iis</span> <span class='ocrx_word' id='word_1_76' title='bbox 169 1316 220 1388; x_wconf 87' lang='lat' dir='ltr'>qui</span> <span class='ocrx_word' id='word_1_77' title='bbox 244 1316 276 1370; x_wconf 92' lang='lat' dir='ltr'>ia</span> <span class='ocrx_word' id='word_1_78' title='bbox 301 1329 334 1369; x_wconf 87' lang='lat' dir='ltr'>se</span> <span class='ocrx_word' id='word_1_79' title='bbox 359 1314 566 1384; x_wconf 77' lang='lat' dir='ltr'>peccaverant,</span> <span class='ocrx_word' id='word_1_80' title='bbox 592 1310 686 1366; x_wconf 91' lang='lat' dir='ltr'>doluit</span> <span class='ocrx_word' id='word_1_81' title='bbox 710 1325 798 1381; x_wconf 87' lang='lat' dir='ltr'>quam</span> <span class='ocrx_word' id='word_1_82' title='bbox 823 1309 946 1365; x_wconf 86' lang='lat' dir='ltr'>dederat</span> 
     </span>
     <span class='ocr_line' id='line_1_14' title="bbox 104 1398 944 1477; baseline -0.012 -16"><span class='ocrx_word' id='word_1_83' title='bbox 104 1405 237 1477; x_wconf 85' lang='lat' dir='ltr'>periisse</span> <span class='ocrx_word' id='word_1_84' title='bbox 259 1400 486 1474; x_wconf 81' lang='lat' dir='ltr'>indulgentiam,</span> <span class='ocrx_word' id='word_1_85' title='bbox 511 1404 540 1455; x_wconf 92' lang='lat' dir='ltr'>et</span> <span class='ocrx_word' id='word_1_86' title='bbox 562 1400 680 1455; x_wconf 88' lang='lat' dir='ltr'>veniam</span> <span class='ocrx_word' id='word_1_87' title='bbox 705 1399 880 1471; x_wconf 81' lang='lat' dir='ltr'>derregatam</span> <span class='ocrx_word' id='word_1_88' title='bbox 896 1398 944 1467; x_wconf 80' lang='lat'>(9).</span> 
     </span>
     <span class='ocr_line' id='line_1_15' title="bbox 105 1489 947 1564; baseline -0.011 -14"><span class='ocrx_word' id='word_1_89' title='bbox 105 1493 166 1550; x_wconf 87' lang='lat' dir='ltr'>Sed</span> <span class='ocrx_word' id='word_1_90' title='bbox 182 1509 241 1549; x_wconf 90' lang='lat' dir='ltr'>non</span> <span class='ocrx_word' id='word_1_91' title='bbox 260 1491 413 1564; x_wconf 87' lang='lat' dir='ltr'>negabunt</span> <span class='ocrx_word' id='word_1_92' title='bbox 437 1490 500 1559; x_wconf 86' lang='lat' dir='ltr'>tilii,</span> <span class='ocrx_word' id='word_1_93' title='bbox 516 1489 594 1561; x_wconf 87' lang='lat' dir='ltr'>quod</span> <span class='ocrx_word' id='word_1_94' title='bbox 620 1489 739 1544; x_wconf 83' lang='lat' dir='ltr'>donarit</span> <span class='ocrx_word' id='word_1_95' title='bbox 763 1492 862 1558; x_wconf 86' lang='lat' dir='ltr'>pater:</span> <span class='ocrx_word' id='word_1_96' title='bbox 888 1503 947 1542; x_wconf 91' lang='lat' dir='ltr'>nou</span> 
     </span>
     <span class='ocr_line' id='line_1_16' title="bbox 105 1577 945 1655; baseline -0.013 -16"><span class='ocrx_word' id='word_1_97' title='bbox 105 1582 269 1655; x_wconf 86' lang='lat' dir='ltr'>negabunt,</span> <span class='ocrx_word' id='word_1_98' title='bbox 287 1580 402 1636; x_wconf 88' lang='lat' dir='ltr'>etiamsi</span> <span class='ocrx_word' id='word_1_99' title='bbox 413 1579 532 1650; x_wconf 87' lang='lat' dir='ltr'>quidam</span> <span class='ocrx_word' id='word_1_100' title='bbox 545 1578 741 1633; x_wconf 88' lang='lat' dir='ltr'>interturbare</span> <span class='ocrx_word' id='word_1_101' title='bbox 754 1580 877 1632; x_wconf 90' lang='lat' dir='ltr'>conatus</span> <span class='ocrx_word' id='word_1_102' title='bbox 889 1577 945 1645; x_wconf 78' lang='lat' dir='ltr'>sit3</span> 
     </span>
     <span class='ocr_line' id='line_1_17' title="bbox 104 1664 947 1744; baseline -0.012 -17"><span class='ocrx_word' id='word_1_103' title='bbox 104 1670 307 1744; x_wconf 85' lang='lat' dir='ltr'>nequeenim</span> <span class='ocrx_word' id='word_1_104' title='bbox 331 1671 470 1741; x_wconf 88' lang='lat' dir='ltr'>poterunt</span> <span class='ocrx_word' id='word_1_105' title='bbox 494 1682 615 1740; x_wconf 90' lang='lat' dir='ltr'>negare,</span> <span class='ocrx_word' id='word_1_106' title='bbox 638 1666 717 1738; x_wconf 88' lang='lat' dir='ltr'>quod</span> <span class='ocrx_word' id='word_1_107' title='bbox 741 1664 947 1721; x_wconf 89' lang='lat' dir='ltr'>incommune</span> 
     </span>
     <span class='ocr_line' id='line_1_18' title="bbox 105 1754 804 1832; baseline -0.011 -15"><span class='ocrx_word' id='word_1_108' title='bbox 105 1760 240 1829; x_wconf 90' lang='lat' dir='ltr'>donavit,</span> <span class='ocrx_word' id='word_1_109' title='bbox 257 1759 308 1832; x_wconf 91' lang='lat' dir='ltr'>qui</span> <span class='ocrx_word' id='word_1_110' title='bbox 323 1758 453 1826; x_wconf 84' lang='lat' dir='ltr'>solvunt,</span> <span class='ocrx_word' id='word_1_111' title='bbox 470 1755 550 1828; x_wconf 91' lang='lat' dir='ltr'>quod</span> <span class='ocrx_word' id='word_1_112' title='bbox 566 1754 697 1827; x_wconf 89' lang='lat' dir='ltr'>singulis</span> <span class='ocrx_word' id='word_1_113' title='bbox 714 1754 804 1809; x_wconf 91' lang='lat' dir='ltr'>dedit.</span> 
     </span>
    </p>

    <p class='ocr_par' dir='ltr' id='par_1_6' title="bbox 104 1843 949 2539">
     <span class='ocr_line' id='line_1_19' title="bbox 144 1843 947 1920; baseline -0.012 -14"><span class='ocrx_word' id='word_1_114' title='bbox 144 1851 171 1906; x_wconf 87' lang='lat'>5.</span> <span class='ocrx_word' id='word_1_115' title='bbox 188 1848 270 1904; x_wconf 86' lang='lat' dir='ltr'>Nihil</span> <span class='ocrx_word' id='word_1_116' title='bbox 283 1846 447 1920; x_wconf 81' lang='lat' dir='ltr'>gloriosius</span> <span class='ocrx_word' id='word_1_117' title='bbox 463 1845 560 1901; x_wconf 77' lang='lat' dir='ltr'>esitus</span> <span class='ocrx_word' id='word_1_118' title='bbox 575 1845 648 1899; x_wconf 90' lang='lat' dir='ltr'>tanti</span> <span class='ocrx_word' id='word_1_119' title='bbox 668 1844 814 1914; x_wconf 89' lang='lat' dir='ltr'>principis</span> <span class='ocrx_word' id='word_1_120' title='bbox 834 1843 947 1912; x_wconf 88' lang='lat' dir='ltr'>babuit,</span> 
     </span>
     <span class='ocr_line' id='line_1_20' title="bbox 105 1933 949 2012; baseline -0.011 -17"><span class='ocrx_word' id='word_1_121' title='bbox 105 1939 161 2012; x_wconf 82' lang='lat' dir='ltr'>qui</span> <span class='ocrx_word' id='word_1_122' title='bbox 175 1935 349 2009; x_wconf 81' lang='lat' dir='ltr'>omniajam</span> <span class='ocrx_word' id='word_1_123' title='bbox 370 1935 440 1990; x_wconf 86' lang='lat' dir='ltr'>tiliis</span> <span class='ocrx_word' id='word_1_124' title='bbox 461 1933 643 2003; x_wconf 88' lang='lat' dir='ltr'>tradidisset,</span> <span class='ocrx_word' id='word_1_125' title='bbox 660 1949 798 2005; x_wconf 84' lang='lat' dir='ltr'>regnunt,</span> <span class='ocrx_word' id='word_1_126' title='bbox 815 1935 949 2003; x_wconf 86' lang='lat' dir='ltr'>potcsta-</span> 
     </span>
     <span class='ocr_line' id='line_1_21' title="bbox 104 2021 948 2099; baseline -0.012 -15"><span class='ocrx_word' id='word_1_127' title='bbox 104 2031 177 2099; x_wconf 88' lang='lat' dir='ltr'>tem,</span> <span class='ocrx_word' id='word_1_128' title='bbox 193 2041 302 2084; x_wconf 87' lang='lat' dir='ltr'>nomen</span> <span class='ocrx_word' id='word_1_129' title='bbox 315 2024 439 2097; x_wconf 89' lang='lat' dir='ltr'>augusti</span> <span class='ocrx_word' id='word_1_130' title='bbox 449 2022 523 2095; x_wconf 69' lang='lat' dir='ltr'>(tou</span> <span class='ocrx_word' id='word_1_131' title='bbox 536 2022 617 2092; x_wconf 89' lang='lat' dir='ltr'>nihil,</span> <span class='ocrx_word' id='word_1_132' title='bbox 632 2023 760 2094; x_wconf 90' lang='lat' dir='ltr'>inquam,</span> <span class='ocrx_word' id='word_1_133' title='bbox 778 2021 948 2092; x_wconf 86' lang='lat' dir='ltr'>speciosius</span> 
     </span>
     <span class='ocr_line' id='line_1_22' title="bbox 106 2111 948 2183; baseline -0.01 -11"><span class='ocrx_word' id='word_1_134' title='bbox 106 2119 139 2172; x_wconf 92' lang='lat' dir='ltr'>et</span> <span class='ocrx_word' id='word_1_135' title='bbox 151 2117 182 2172; x_wconf 91' lang='lat' dir='ltr'>in</span> <span class='ocrx_word' id='word_1_136' title='bbox 202 2118 297 2171; x_wconf 84' lang='lat' dir='ltr'>morto</span> <span class='ocrx_word' id='word_1_137' title='bbox 311 2117 463 2171; x_wconf 85' lang='lat' dir='ltr'>servatum</span> <span class='ocrx_word' id='word_1_138' title='bbox 483 2117 540 2182; x_wconf 88' lang='lat' dir='ltr'>est,</span> <span class='ocrx_word' id='word_1_139' title='bbox 556 2127 645 2183; x_wconf 90' lang='lat' dir='ltr'>quem</span> <span class='ocrx_word' id='word_1_140' title='bbox 666 2111 744 2182; x_wconf 87' lang='lat' dir='ltr'>quod</span> <span class='ocrx_word' id='word_1_141' title='bbox 766 2112 795 2165; x_wconf 91' lang='lat' dir='ltr'>iu</span> <span class='ocrx_word' id='word_1_142' title='bbox 812 2111 948 2182; x_wconf 87' lang='lat' dir='ltr'>aliquan-</span> 
     </span>
     <span class='ocr_line' id='line_1_23' title="bbox 107 2199 948 2276; baseline -0.01 -15"><span class='ocrx_word' id='word_1_143' title='bbox 107 2206 149 2261; x_wconf 87' lang='lat' dir='ltr'>tis</span> <span class='ocrx_word' id='word_1_144' title='bbox 160 2205 230 2276; x_wconf 83' lang='lat' dir='ltr'>(tt),</span> <span class='ocrx_word' id='word_1_145' title='bbox 241 2204 390 2276; x_wconf 87' lang='lat' dir='ltr'>promissa</span> <span class='ocrx_word' id='word_1_146' title='bbox 402 2217 585 2257; x_wconf 84' lang='lat' dir='ltr'>annonarum</span> <span class='ocrx_word' id='word_1_147' title='bbox 605 2199 818 2271; x_wconf 85' lang='lat' dir='ltr'>exigendarum</span> <span class='ocrx_word' id='word_1_148' title='bbox 831 2201 948 2254; x_wconf 88' lang='lat' dir='ltr'>relaxa-</span> 
     </span>
     <span class='ocr_line' id='line_1_24' title="bbox 106 2287 948 2364; baseline -0.011 -14"><span class='ocrx_word' id='word_1_149' title='bbox 106 2295 161 2364; x_wconf 91' lang='lat' dir='ltr'>tio,</span> <span class='ocrx_word' id='word_1_150' title='bbox 178 2294 247 2349; x_wconf 92' lang='lat' dir='ltr'>dum</span> <span class='ocrx_word' id='word_1_151' title='bbox 267 2294 407 2361; x_wconf 87' lang='lat' dir='ltr'>moratur,</span> <span class='ocrx_word' id='word_1_152' title='bbox 430 2291 506 2345; x_wconf 85' lang='lat' dir='ltr'>taeta</span> <span class='ocrx_word' id='word_1_153' title='bbox 527 2292 573 2345; x_wconf 91' lang='lat' dir='ltr'>est</span> <span class='ocrx_word' id='word_1_154' title='bbox 593 2288 750 2344; x_wconf 86' lang='lat' dir='ltr'>successio</span> <span class='ocrx_word' id='word_1_155' title='bbox 767 2287 834 2360; x_wconf 79' lang='lat' dir='ltr'>ejus</span> <span class='ocrx_word' id='word_1_156' title='bbox 849 2288 948 2343; x_wconf 91' lang='lat' dir='ltr'>indul·</span> 
     </span>
     <span class='ocr_line' id='line_1_25' title="bbox 108 2377 948 2457; baseline -0.01 -18"><span class='ocrx_word' id='word_1_157' title='bbox 108 2383 280 2457; x_wconf 83' lang='lat' dir='ltr'>gentiacum</span> <span class='ocrx_word' id='word_1_158' title='bbox 295 2380 474 2450; x_wconf 69' lang='lat' dir='ltr'>haereditas,</span> <span class='ocrx_word' id='word_1_159' title='bbox 496 2381 527 2434; x_wconf 92' lang='lat' dir='ltr'>ut</span> <span class='ocrx_word' id='word_1_160' title='bbox 546 2377 595 2432; x_wconf 92' lang='lat' dir='ltr'>ille</span> <span class='ocrx_word' id='word_1_161' title='bbox 611 2377 661 2450; x_wconf 90' lang='lat' dir='ltr'>qui</span> <span class='ocrx_word' id='word_1_162' title='bbox 680 2377 774 2432; x_wconf 90' lang='lat' dir='ltr'>voluit</span> <span class='ocrx_word' id='word_1_163' title='bbox 793 2377 948 2449; x_wconf 88' lang='lat' dir='ltr'>impedire,</span> 
     </span>
     <span class='ocr_line' id='line_1_26' title="bbox 109 2467 948 2539; baseline -0.007 -11"><span class='ocrx_word' id='word_1_164' title='bbox 109 2472 171 2528; x_wconf 87' lang='lat' dir='ltr'>sibi</span> <span class='ocrx_word' id='word_1_165' title='bbox 187 2471 286 2528; x_wconf 91' lang='lat' dir='ltr'>odium</span> <span class='ocrx_word' id='word_1_166' title='bbox 298 2468 413 2539; x_wconf 84' lang='lat' dir='ltr'>iecerit,</span> <span class='ocrx_word' id='word_1_167' title='bbox 425 2467 594 2524; x_wconf 85' lang='lat' dir='ltr'>Theodosio</span> <span class='ocrx_word' id='word_1_168' title='bbox 605 2472 703 2522; x_wconf 86' lang='lat' dir='ltr'>tamen</span> <span class='ocrx_word' id='word_1_169' title='bbox 715 2469 801 2522; x_wconf 88' lang='lat' dir='ltr'>tantae</span> <span class='ocrx_word' id='word_1_170' title='bbox 812 2468 948 2522; x_wconf 90' lang='lat' dir='ltr'>cumulus</span> 
     </span>
    </p>
   </div>
   <div class='ocr_carea' id='block_1_6' title="bbox 108 2609 956 4255">
    <p class='ocr_par' dir='ltr' id='par_1_7' title="bbox 109 2609 949 2756">
     <span class='ocr_line' id='line_1_27' title="bbox 147 2609 949 2686; baseline -0.006 -16"><span class='ocrx_word' id='word_1_171' title='bbox 147 2614 187 2686; x_wconf 79' lang='grc' dir='ltr'>(Ἰ)</span> <span class='ocrx_word' id='word_1_172' title='bbox 208 2612 347 2669; x_wconf 89' lang='lat' dir='ltr'>Nonnulli</span> <span class='ocrx_word' id='word_1_173' title='bbox 367 2625 454 2679; x_wconf 83' lang='lat' dir='ltr'>mss,</span> <span class='ocrx_word' id='word_1_174' title='bbox 479 2632 489 2657; x_wconf 76' lang='grc' dir='ltr'>ι</span> <span class='ocrx_word' id='word_1_175' title='bbox 517 2609 786 2682; x_wconf 85' lang='lat' dir='ltr'>quadragesimam,</span> <span class='ocrx_word' id='word_1_176' title='bbox 812 2611 949 2682; x_wconf 87' lang='lat' dir='ltr'>quicum</span> 
     </span>
     <span class='ocr_line' id='line_1_28' title="bbox 109 2684 465 2756; baseline -0.028 -14"><span class='ocrx_word' id='word_1_177' title='bbox 109 2686 206 2743; x_wconf 75' lang='lat' dir='ltr'>Jacob</span> <span class='ocrx_word' id='word_1_178' title='bbox 221 2684 430 2756; x_wconf 80' lang='lat' dir='ltr'>supplantavit,</span> <span class='ocrx_word' id='word_1_179' title='bbox 454 2704 465 2731; x_wconf 76' lang='grc' dir='ltr'>ι</span> 
     </span>
    </p>

    <p class='ocr_par' dir='ltr' id='par_1_8' title="bbox 147 2752 949 2839">
     <span class='ocr_line' id='line_1_29' title="bbox 147 2752 949 2839; baseline -0.007 -27"><span class='ocrx_word' id='word_1_180' title='bbox 147 2756 186 2839; x_wconf 79' lang='grc'>18)</span> <span class='ocrx_word' id='word_1_181' title='bbox 202 2755 292 2811; x_wconf 84' lang='lat' dir='ltr'>Extra</span> <span class='ocrx_word' id='word_1_182' title='bbox 308 2753 542 2810; x_wconf 82' lang='lat' dir='ltr'>controversiam</span> <span class='ocrx_word' id='word_1_183' title='bbox 557 2756 603 2808; x_wconf 90' lang='lat' dir='ltr'>est</span> <span class='ocrx_word' id='word_1_184' title='bbox 614 2752 772 2807; x_wconf 86' lang='lat' dir='ltr'>Maximum</span> <span class='ocrx_word' id='word_1_185' title='bbox 788 2756 875 2824; x_wconf 92' lang='lat' dir='ltr'>atque</span> <span class='ocrx_word' id='word_1_186' title='bbox 893 2752 949 2807; x_wconf 90' lang='lat' dir='ltr'>Eu-</span> 
     </span>
    </p>

    <p class='ocr_par' dir='ltr' id='par_1_9' title="bbox 108 2824 950 3170">
     <span class='ocr_line' id='line_1_30' title="bbox 133 2824 950 2899; baseline -0.005 -16"><span class='ocrx_word' id='word_1_187' title='bbox 133 2844 233 2884; x_wconf 84' lang='lat' dir='ltr'>enrum</span> <span class='ocrx_word' id='word_1_188' title='bbox 255 2831 397 2899; x_wconf 75' lang='lat' dir='ltr'>tyrannos</span> <span class='ocrx_word' id='word_1_189' title='bbox 417 2824 473 2880; x_wconf 93' lang='lat' dir='ltr'>hoc</span> <span class='ocrx_word' id='word_1_190' title='bbox 494 2824 560 2879; x_wconf 90' lang='lat' dir='ltr'>loeo</span> <span class='ocrx_word' id='word_1_191' title='bbox 580 2824 750 2896; x_wconf 87' lang='lat' dir='ltr'>designari:</span> <span class='ocrx_word' id='word_1_192' title='bbox 779 2826 858 2896; x_wconf 87' lang='lat' dir='ltr'>quod</span> <span class='ocrx_word' id='word_1_193' title='bbox 878 2840 950 2879; x_wconf 82' lang='lat' dir='ltr'>vero</span> 
     </span>
     <span class='ocr_line' id='line_1_31' title="bbox 108 2845 950 2966; baseline -0.005 -12"><span class='ocrx_word' id='word_1_194' title='bbox 108 2845 220 2958; x_wconf 48' lang='lat' dir='ltr'>Eicitur</span> <span class='ocrx_word' id='word_1_195' title='bbox 234 2897 423 2953; x_wconf 86' lang='lat' dir='ltr'>Theodosius</span> <span class='ocrx_word' id='word_1_196' title='bbox 443 2895 671 2950; x_wconf 80' lang='lat' dir='ltr'>abscondisse«</span> <span class='ocrx_word' id='word_1_197' title='bbox 694 2895 855 2950; x_wconf 90' lang='lat' dir='ltr'>simulacra</span> <span class='ocrx_word' id='word_1_198' title='bbox 876 2912 950 2966; x_wconf 91' lang='lat' dir='ltr'>gen-</span> 
     </span>
     <span class='ocr_line' id='line_1_32' title="bbox 110 2964 949 3040; baseline -0.007 -14"><span class='ocrx_word' id='word_1_199' title='bbox 110 2971 196 3040; x_wconf 92' lang='lat' dir='ltr'>tium,</span> <span class='ocrx_word' id='word_1_200' title='bbox 215 2994 225 3018; x_wconf 72' lang='lat' dir='ltr'>a</span> <span class='ocrx_word' id='word_1_201' title='bbox 244 2969 273 3024; x_wconf 92' lang='lat' dir='ltr'>id</span> <span class='ocrx_word' id='word_1_202' title='bbox 288 2967 479 3024; x_wconf 75' lang='lat' dir='ltr'>referendam</span> <span class='ocrx_word' id='word_1_203' title='bbox 494 2981 564 3021; x_wconf 89' lang='lat' dir='ltr'>csse</span> <span class='ocrx_word' id='word_1_204' title='bbox 579 2966 615 3020; x_wconf 90' lang='lat' dir='ltr'>ad</span> <span class='ocrx_word' id='word_1_205' title='bbox 631 2964 690 3036; x_wconf 88' lang='lat' dir='ltr'>leg.</span> <span class='ocrx_word' id='word_1_206' title='bbox 706 2964 740 3019; x_wconf 75' lang='lat' dir='ltr'>te</span> <span class='ocrx_word' id='word_1_207' title='bbox 755 2967 792 3022; x_wconf 76' lang='lat' dir='ltr'>cle</span> <span class='ocrx_word' id='word_1_208' title='bbox 808 2967 949 3039; x_wconf 75' lang='lat' dir='ltr'>Pagrum,</span> 
     </span>
     <span class='ocr_line' id='line_1_33' title="bbox 110 3037 950 3170; baseline -0.008 -73"><span class='ocrx_word' id='word_1_209' title='bbox 110 3057 172 3170; x_wconf 57' lang='lat' dir='ltr'>aaa</span> <span class='ocrx_word' id='word_1_210' title='bbox 184 3041 281 3097; x_wconf 87' lang='lat' dir='ltr'>omnin</span> <span class='ocrx_word' id='word_1_211' title='bbox 292 3039 439 3094; x_wconf 81' lang='lat' dir='ltr'>sacrificia</span> <span class='ocrx_word' id='word_1_212' title='bbox 448 3039 631 3107; x_wconf 89' lang='lat' dir='ltr'>deorumque</span> <span class='ocrx_word' id='word_1_213' title='bbox 639 3037 735 3090; x_wconf 90' lang='lat' dir='ltr'>cultus</span> <span class='ocrx_word' id='word_1_214' title='bbox 745 3038 950 3108; x_wconf 86' lang='lat' dir='ltr'>prohibentur,</span> 
     </span>
    </p>

    <p class='ocr_par' dir='ltr' id='par_1_10' title="bbox 111 3108 954 3952">
     <span class='ocr_line' id='line_1_34' title="bbox 139 3108 951 3169; baseline -0.01 0"><span class='ocrx_word' id='word_1_215' title='bbox 139 3112 302 3169; x_wconf 80' lang='lat' dir='ltr'>odofredus</span> <span class='ocrx_word' id='word_1_216' title='bbox 328 3114 468 3165; x_wconf 88' lang='lat' dir='ltr'>autumet.</span> <span class='ocrx_word' id='word_1_217' title='bbox 487 3108 596 3163; x_wconf 90' lang='lat' dir='ltr'>Verum</span> <span class='ocrx_word' id='word_1_218' title='bbox 618 3123 684 3162; x_wconf 91' lang='lat' dir='ltr'>eum</span> <span class='ocrx_word' id='word_1_219' title='bbox 701 3123 735 3161; x_wconf 87' lang='lat' dir='ltr'>ca</span> <span class='ocrx_word' id='word_1_220' title='bbox 758 3109 805 3162; x_wconf 82' lang='lat' dir='ltr'>les</span> <span class='ocrx_word' id='word_1_221' title='bbox 829 3125 858 3162; x_wconf 88' lang='lat' dir='ltr'>vr</span> <span class='ocrx_word' id='word_1_222' title='bbox 883 3109 951 3162; x_wconf 82' lang='lat' dir='ltr'>ldus</span> 
     </span>
     <span class='ocr_line' id='line_1_35' title="bbox 113 3178 949 3251; baseline -0.007 -11"><span class='ocrx_word' id='word_1_223' title='bbox 113 3183 302 3240; x_wconf 82' lang='lat' dir='ltr'>Novembres</span> <span class='ocrx_word' id='word_1_224' title='bbox 318 3198 385 3236; x_wconf 89' lang='lat' dir='ltr'>ann.</span> <span class='ocrx_word' id='word_1_225' title='bbox 406 3181 459 3235; x_wconf 70' lang='lat'>392</span> <span class='ocrx_word' id='word_1_226' title='bbox 473 3179 540 3233; x_wconf 89' lang='lat' dir='ltr'>data</span> <span class='ocrx_word' id='word_1_227' title='bbox 554 3178 652 3246; x_wconf 81' lang='lat' dir='ltr'>tuerit,</span> <span class='ocrx_word' id='word_1_228' title='bbox 669 3178 725 3233; x_wconf 94' lang='lat' dir='ltr'>boe</span> <span class='ocrx_word' id='word_1_229' title='bbox 741 3185 796 3248; x_wconf 92' lang='lat' dir='ltr'>est,</span> <span class='ocrx_word' id='word_1_230' title='bbox 816 3179 949 3251; x_wconf 82' lang='lat' dir='ltr'>Eugeaio</span> 
     </span>
     <span class='ocr_line' id='line_1_36' title="bbox 111 3248 949 3329; baseline -0.008 -19"><span class='ocrx_word' id='word_1_231' title='bbox 111 3259 182 3329; x_wconf 89' lang='lat' dir='ltr'>post</span> <span class='ocrx_word' id='word_1_232' title='bbox 201 3257 337 3309; x_wconf 87' lang='lat' dir='ltr'>necatum</span> <span class='ocrx_word' id='word_1_233' title='bbox 356 3251 458 3306; x_wconf 90' lang='lat' dir='ltr'>ldibus</span> <span class='ocrx_word' id='word_1_234' title='bbox 479 3250 564 3305; x_wconf 85' lang='lat' dir='ltr'>blaiis</span> <span class='ocrx_word' id='word_1_235' title='bbox 587 3248 822 3305; x_wconf 88' lang='lat' dir='ltr'>Valentinianum</span> <span class='ocrx_word' id='word_1_236' title='bbox 842 3252 949 3304; x_wconf 91' lang='lat' dir='ltr'>solium</span> 
     </span>
     <span class='ocr_line' id='line_1_37' title="bbox 112 3319 949 3396; baseline -0.008 -14"><span class='ocrx_word' id='word_1_237' title='bbox 112 3327 288 3396; x_wconf 89' lang='lat' dir='ltr'>occupante,</span> <span class='ocrx_word' id='word_1_238' title='bbox 305 3323 456 3378; x_wconf 77' lang='lat' dir='ltr'>Ambrosii</span> <span class='ocrx_word' id='word_1_239' title='bbox 476 3321 568 3376; x_wconf 86' lang='lat' dir='ltr'>verbe</span> <span class='ocrx_word' id='word_1_240' title='bbox 589 3336 648 3375; x_wconf 91' lang='lat' dir='ltr'>non</span> <span class='ocrx_word' id='word_1_241' title='bbox 664 3319 700 3373; x_wconf 89' lang='lat' dir='ltr'>ed</span> <span class='ocrx_word' id='word_1_242' title='bbox 725 3319 802 3375; x_wconf 91' lang='lat' dir='ltr'>illam</span> <span class='ocrx_word' id='word_1_243' title='bbox 828 3324 949 3389; x_wconf 84' lang='lat' dir='ltr'>tantam,</span> 
     </span>
     <span class='ocr_line' id='line_1_38' title="bbox 112 3391 950 3464; baseline -0.01 -11"><span class='ocrx_word' id='word_1_244' title='bbox 112 3397 170 3454; x_wconf 87' lang='lat' dir='ltr'>sod</span> <span class='ocrx_word' id='word_1_245' title='bbox 183 3398 270 3452; x_wconf 88' lang='lat' dir='ltr'>etiam</span> <span class='ocrx_word' id='word_1_246' title='bbox 285 3395 320 3450; x_wconf 93' lang='lat' dir='ltr'>ad</span> <span class='ocrx_word' id='word_1_247' title='bbox 338 3395 436 3450; x_wconf 90' lang='lat' dir='ltr'>omnia</span> <span class='ocrx_word' id='word_1_248' title='bbox 450 3408 517 3464; x_wconf 76' lang='lat' dir='ltr'>quae</span> <span class='ocrx_word' id='word_1_249' title='bbox 537 3396 661 3447; x_wconf 89' lang='lat' dir='ltr'>mortem</span> <span class='ocrx_word' id='word_1_250' title='bbox 681 3391 815 3461; x_wconf 84' lang='lat' dir='ltr'>ejusdem</span> <span class='ocrx_word' id='word_1_251' title='bbox 836 3393 950 3463; x_wconf 75' lang='lat' dir='ltr'>tyranni</span> 
     </span>
     <span class='ocr_line' id='line_1_39' title="bbox 111 3464 951 3535; baseline -0.01 -10"><span class='ocrx_word' id='word_1_252' title='bbox 111 3471 251 3525; x_wconf 81' lang='lat' dir='ltr'>insecuta</span> <span class='ocrx_word' id='word_1_253' title='bbox 279 3469 361 3535; x_wconf 90' lang='lat' dir='ltr'>aunt,</span> <span class='ocrx_word' id='word_1_254' title='bbox 388 3465 494 3520; x_wconf 83' lang='lat' dir='ltr'>reterri</span> <span class='ocrx_word' id='word_1_255' title='bbox 522 3467 658 3533; x_wconf 88' lang='lat' dir='ltr'>oportere</span> <span class='ocrx_word' id='word_1_256' title='bbox 685 3478 744 3517; x_wconf 93' lang='lat' dir='ltr'>non</span> <span class='ocrx_word' id='word_1_257' title='bbox 772 3464 951 3519; x_wconf 88' lang='lat' dir='ltr'>dubitamus.</span> 
     </span>
     <span class='ocr_line' id='line_1_40' title="bbox 113 3534 953 3603; baseline -0.01 -7"><span class='ocrx_word' id='word_1_258' title='bbox 113 3540 231 3596; x_wconf 80' lang='lat' dir='ltr'>Etenim</span> <span class='ocrx_word' id='word_1_259' title='bbox 250 3538 411 3594; x_wconf 87' lang='lat' dir='ltr'>simulacra</span> <span class='ocrx_word' id='word_1_260' title='bbox 432 3536 540 3603; x_wconf 91' lang='lat' dir='ltr'>omnia,</span> <span class='ocrx_word' id='word_1_261' title='bbox 557 3536 585 3588; x_wconf 89' lang='lat' dir='ltr'>et</span> <span class='ocrx_word' id='word_1_262' title='bbox 604 3534 743 3589; x_wconf 89' lang='lat' dir='ltr'>universa</span> <span class='ocrx_word' id='word_1_263' title='bbox 768 3535 953 3590; x_wconf 89' lang='lat' dir='ltr'>victimarum</span> 
     </span>
     <span class='ocr_line' id='line_1_41' title="bbox 114 3605 953 3685; baseline -0.008 -19"><span class='ocrx_word' id='word_1_264' title='bbox 114 3626 229 3685; x_wconf 84' lang='lat' dir='ltr'>genera</span> <span class='ocrx_word' id='word_1_265' title='bbox 241 3614 308 3681; x_wconf 89' lang='lat' dir='ltr'>post</span> <span class='ocrx_word' id='word_1_266' title='bbox 319 3607 472 3662; x_wconf 87' lang='lat' dir='ltr'>victoriam</span> <span class='ocrx_word' id='word_1_267' title='bbox 482 3623 498 3660; x_wconf 89' lang='lat' dir='ltr'>a</span> <span class='ocrx_word' id='word_1_268' title='bbox 510 3605 678 3661; x_wconf 85' lang='lat' dir='ltr'>Theodosio</span> <span class='ocrx_word' id='word_1_269' title='bbox 687 3606 801 3660; x_wconf 84' lang='lat' dir='ltr'>sublata</span> <span class='ocrx_word' id='word_1_270' title='bbox 814 3621 883 3660; x_wconf 85' lang='lat' dir='ltr'>csse</span> <span class='ocrx_word' id='word_1_271' title='bbox 895 3621 953 3659; x_wconf 93' lang='lat' dir='ltr'>aon</span> 
     </span>
     <span class='ocr_line' id='line_1_42' title="bbox 114 3675 954 3750; baseline -0.01 -12"><span class='ocrx_word' id='word_1_272' title='bbox 114 3682 214 3738; x_wconf 85' lang='lat' dir='ltr'>solum</span> <span class='ocrx_word' id='word_1_273' title='bbox 228 3683 376 3736; x_wconf 73' lang='lat' dir='ltr'>testantur</span> <span class='ocrx_word' id='word_1_274' title='bbox 398 3677 596 3750; x_wconf 76' lang='lat' dir='ltr'>Augustinus,</span> <span class='ocrx_word' id='word_1_275' title='bbox 612 3675 664 3730; x_wconf 92' lang='lat' dir='ltr'>lib.</span> <span class='ocrx_word' id='word_1_276' title='bbox 681 3692 700 3727; x_wconf 91' lang='lat' dir='ltr'>v</span> <span class='ocrx_word' id='word_1_277' title='bbox 719 3677 756 3730; x_wconf 87' lang='lat' dir='ltr'>de</span> <span class='ocrx_word' id='word_1_278' title='bbox 778 3677 868 3731; x_wconf 79' lang='lat' dir='ltr'>Cirit,</span> <span class='ocrx_word' id='word_1_279' title='bbox 887 3677 954 3745; x_wconf 88' lang='lat' dir='ltr'>Dei,</span> 
     </span>
     <span class='ocr_line' id='line_1_43' title="bbox 113 3746 954 3881; baseline -0.01 0"><span class='ocrx_word' id='word_1_280' title='bbox 113 3746 954 3881; x_wconf 59' lang='lat' dir='ltr'>setallnttttta.⁸tt.lbattestatis</span> 
     </span>
     <span class='ocr_line' id='line_1_44' title="bbox 117 3861 815 3952; baseline -0.011 0"><span class='ocrx_word' id='word_1_281' title='bbox 117 3913 149 3952; x_wconf 73' lang='grc' dir='ltr'>ιν</span> <span class='ocrx_word' id='word_1_282' title='bbox 162 3895 243 3951; x_wconf 85' lang='lat' dir='ltr'>Hist.</span> <span class='ocrx_word' id='word_1_283' title='bbox 260 3894 337 3949; x_wconf 88' lang='lat' dir='ltr'>bene</span> <span class='ocrx_word' id='word_1_284' title='bbox 351 3891 485 3949; x_wconf 85' lang='lat' dir='ltr'>eamdem</span> <span class='ocrx_word' id='word_1_285' title='bbox 497 3861 562 3945; x_wconf 66' lang='lat' dir='ltr'>’rem</span> <span class='ocrx_word' id='word_1_286' title='bbox 578 3888 645 3945; x_wconf 84' lang='lat' dir='ltr'>tuse</span> <span class='ocrx_word' id='word_1_287' title='bbox 661 3889 815 3945; x_wconf 87' lang='lat' dir='ltr'>describit.</span> 
     </span>
    </p>

    <p class='ocr_par' dir='ltr' id='par_1_11' title="bbox 115 3960 956 4255">
     <span class='ocr_line' id='line_1_45' title="bbox 153 3960 956 4086; baseline -0.007 -65"><span class='ocrx_word' id='word_1_288' title='bbox 153 3966 193 4038; x_wconf 82' lang='lat'>(9)</span> <span class='ocrx_word' id='word_1_289' title='bbox 207 3965 343 4020; x_wconf 89' lang='lat' dir='ltr'>Vidimus</span> <span class='ocrx_word' id='word_1_290' title='bbox 356 3962 418 4046; x_wconf 69' lang='lat' dir='ltr'>jam</span> <span class='ocrx_word' id='word_1_291' title='bbox 432 3977 522 4086; x_wconf 57' lang='lat' dir='ltr'>sagra</span> <span class='ocrx_word' id='word_1_292' title='bbox 537 3976 575 4016; x_wconf 86' lang='lat' dir='ltr'>ex</span> <span class='ocrx_word' id='word_1_293' title='bbox 590 3960 686 4030; x_wconf 89' lang='lat' dir='ltr'>ipsius</span> <span class='ocrx_word' id='word_1_294' title='bbox 701 3961 810 4016; x_wconf 79' lang='lat' dir='ltr'>Zosimi</span> <span class='ocrx_word' id='word_1_295' title='bbox 824 3961 956 4015; x_wconf 89' lang='lat' dir='ltr'>testimo·</span> 
     </span>
     <span class='ocr_line' id='line_1_46' title="bbox 116 4031 955 4108; baseline -0.012 -14"><span class='ocrx_word' id='word_1_296' title='bbox 116 4038 167 4094; x_wconf 89' lang='lat' dir='ltr'>nio</span> <span class='ocrx_word' id='word_1_297' title='bbox 189 4036 228 4092; x_wconf 78' lang='lat' dir='ltr'>iia</span> <span class='ocrx_word' id='word_1_298' title='bbox 250 4052 286 4108; x_wconf 90' lang='lat' dir='ltr'>pe</span> <span class='ocrx_word' id='word_1_299' title='bbox 308 4049 424 4091; x_wconf 87' lang='lat' dir='ltr'>erersse</span> <span class='ocrx_word' id='word_1_300' title='bbox 448 4032 471 4086; x_wconf 87' lang='lat' dir='ltr'>T</span> <span class='ocrx_word' id='word_1_301' title='bbox 495 4032 659 4100; x_wconf 91' lang='lat' dir='ltr'>codosium,</span> <span class='ocrx_word' id='word_1_302' title='bbox 685 4031 734 4103; x_wconf 92' lang='lat' dir='ltr'>qui</span> <span class='ocrx_word' id='word_1_303' title='bbox 759 4035 900 4086; x_wconf 86' lang='lat' dir='ltr'>steterant</span> <span class='ocrx_word' id='word_1_304' title='bbox 919 4032 955 4085; x_wconf 88' lang='lat' dir='ltr'>ab</span> 
     </span>
     <span class='ocr_line' id='line_1_47' title="bbox 115 4102 954 4181; baseline -0.01 -16"><span class='ocrx_word' id='word_1_305' title='bbox 115 4108 264 4181; x_wconf 83' lang='lat' dir='ltr'>Eugeaio.</span> <span class='ocrx_word' id='word_1_306' title='bbox 303 4102 954 4176; x_wconf 77' lang='lat' dir='ltr'>ocipsumtllaudiaausquoqueinPanegyr.</span> 
     </span>
     <span class='ocr_line' id='line_1_48' title="bbox 115 4174 881 4255; baseline -0.013 -17"><span class='ocrx_word' id='word_1_307' title='bbox 115 4181 218 4255; x_wconf 78' lang='lat' dir='ltr'>quarti</span> <span class='ocrx_word' id='word_1_308' title='bbox 233 4177 343 4235; x_wconf 87' lang='lat' dir='ltr'>consul.</span> <span class='ocrx_word' id='word_1_309' title='bbox 358 4176 470 4232; x_wconf 86' lang='lat' dir='ltr'>Honor.</span> <span class='ocrx_word' id='word_1_310' title='bbox 487 4174 616 4229; x_wconf 89' lang='lat' dir='ltr'>celebret</span> <span class='ocrx_word' id='word_1_311' title='bbox 635 4174 703 4229; x_wconf 88' lang='lat' dir='ltr'>istis</span> <span class='ocrx_word' id='word_1_312' title='bbox 722 4174 881 4230; x_wconf 86' lang='lat' dir='ltr'>versibus:</span> 
     </span>
    </p>
   </div>
   <div class='ocr_carea' id='block_1_7' title="bbox 180 4263 816 4387">
    <p class='ocr_par' dir='ltr' id='par_1_12' title="bbox 180 4263 816 4387">
     <span class='ocr_line' id='line_1_49' title="bbox 181 4263 816 4326; baseline -0.008 -9"><span class='ocrx_word' id='word_1_313' title='bbox 181 4267 247 4317; x_wconf 87' lang='lat' dir='ltr'>Post</span> <span class='ocrx_word' id='word_1_314' title='bbox 260 4271 341 4326; x_wconf 84' lang='lat' dir='ltr'>actea,</span> <span class='ocrx_word' id='word_1_315' title='bbox 355 4264 425 4315; x_wconf 84' lang='lat' dir='ltr'>odiis</span> <span class='ocrx_word' id='word_1_316' title='bbox 439 4263 507 4311; x_wconf 91' lang='lat' dir='ltr'>idem</span> <span class='ocrx_word' id='word_1_317' title='bbox 522 4263 568 4323; x_wconf 83' lang='lat' dir='ltr'>qui</span> <span class='ocrx_word' id='word_1_318' title='bbox 583 4263 711 4312; x_wconf 81' lang='lat' dir='ltr'>terminus</span> <span class='ocrx_word' id='word_1_319' title='bbox 725 4263 816 4312; x_wconf 86' lang='lat' dir='ltr'>armis.</span> 
     </span>
     <span class='ocr_line' id='line_1_50' title="bbox 180 4325 629 4387; baseline -0.011 -8"><span class='ocrx_word' id='word_1_320' title='bbox 180 4330 283 4380; x_wconf 82' lang='lat' dir='ltr'>Proluit</span> <span class='ocrx_word' id='word_1_321' title='bbox 300 4329 350 4378; x_wconf 90' lang='lat' dir='ltr'>boc</span> <span class='ocrx_word' id='word_1_322' title='bbox 362 4328 484 4375; x_wconf 85' lang='lat' dir='ltr'>vincente</span> <span class='ocrx_word' id='word_1_323' title='bbox 499 4325 566 4387; x_wconf 88' lang='lat' dir='ltr'>capi,</span> <span class='ocrx_word' id='word_1_324' title='bbox 580 4331 629 4374; x_wconf 89' lang='lat' dir='ltr'>etc.</span> 
     </span>
    </p>
   </div>
   <div class='ocr_carea' id='block_1_8' title="bbox 116 4404 956 4631">
    <p class='ocr_par' dir='ltr' id='par_1_13' title="bbox 116 4404 956 4631">
     <span class='ocr_line' id='line_1_51' title="bbox 116 4404 955 4478; baseline -0.014 -8"><span class='ocrx_word' id='word_1_325' title='bbox 116 4411 176 4470; x_wconf 87' lang='lat' dir='ltr'>Sed</span> <span class='ocrx_word' id='word_1_326' title='bbox 197 4409 334 4478; x_wconf 86' lang='lat' dir='ltr'>Orosius,</span> <span class='ocrx_word' id='word_1_327' title='bbox 352 4407 522 4463; x_wconf 91' lang='lat' dir='ltr'>distinctius</span> <span class='ocrx_word' id='word_1_328' title='bbox 548 4404 667 4475; x_wconf 85' lang='lat' dir='ltr'>exponit</span> <span class='ocrx_word' id='word_1_329' title='bbox 692 4405 742 4459; x_wconf 90' lang='lat' dir='ltr'>lib.</span> <span class='ocrx_word' id='word_1_330' title='bbox 763 4422 813 4473; x_wconf 90' lang='lat' dir='ltr'>vu,</span> <span class='ocrx_word' id='word_1_331' title='bbox 830 4420 895 4475; x_wconf 89' lang='lat' dir='ltr'>cap.</span> <span class='ocrx_word' id='word_1_332' title='bbox 911 4406 955 4474; x_wconf 79' lang='lat'>35,</span> 
     </span>
     <span class='ocr_line' id='line_1_52' title="bbox 116 4476 955 4561; baseline -0.012 -22"><span class='ocrx_word' id='word_1_333' title='bbox 116 4483 231 4557; x_wconf 81' lang='lat' dir='ltr'>praeter</span> <span class='ocrx_word' id='word_1_334' title='bbox 240 4479 417 4552; x_wconf 79' lang='lat' dir='ltr'>Eugenium,</span> <span class='ocrx_word' id='word_1_335' title='bbox 428 4479 478 4561; x_wconf 79' lang='lat' dir='ltr'>qui</span> <span class='ocrx_word' id='word_1_336' title='bbox 489 4481 592 4558; x_wconf 84' lang='lat' dir='ltr'>eaptus</span> <span class='ocrx_word' id='word_1_337' title='bbox 609 4476 663 4531; x_wconf 84' lang='lat' dir='ltr'>tuit</span> <span class='ocrx_word' id='word_1_338' title='bbox 673 4480 759 4557; x_wconf 76' lang='lat' dir='ltr'>atque</span> <span class='ocrx_word' id='word_1_339' title='bbox 771 4477 955 4558; x_wconf 83' lang='lat' dir='ltr'>interfectus,</span> 
     </span>
     <span class='ocr_line' id='line_1_53' title="bbox 117 4547 956 4631; baseline -0.012 -20"><span class='ocrx_word' id='word_1_340' title='bbox 117 4560 148 4611; x_wconf 84' lang='lat' dir='ltr'>et</span> <span class='ocrx_word' id='word_1_341' title='bbox 161 4553 373 4625; x_wconf 86' lang='lat' dir='ltr'>Arbogastem,</span> <span class='ocrx_word' id='word_1_342' title='bbox 389 4563 612 4631; x_wconf 65' lang='lat' dir='ltr'>qurpropuum</span> <span class='ocrx_word' id='word_1_343' title='bbox 632 4547 807 4620; x_wconf 79' lang='lat' dir='ltr'>gladiumin</span> <span class='ocrx_word' id='word_1_344' title='bbox 830 4563 863 4602; x_wconf 91' lang='lat' dir='ltr'>se</span> <span class='ocrx_word' id='word_1_345' title='bbox 884 4562 956 4602; x_wconf 90' lang='lat' dir='ltr'>con·</span> 
     </span>
    </p>
   </div>
   <div class='ocr_carea' id='block_1_9' title="bbox 998 598 1837 1649">
    <p class='ocr_par' dir='ltr' id='par_1_14' title="bbox 998 598 1837 1649">
     <span class='ocr_line' id='line_1_54' title="bbox 998 598 1832 669; baseline 0.002 -16"><span class='ocrx_word' id='word_1_346' title='bbox 998 599 1180 669; x_wconf 83' lang='lat' dir='ltr'>privatorum</span> <span class='ocrx_word' id='word_1_347' title='bbox 1210 598 1319 653; x_wconf 81' lang='lat' dir='ltr'>ultimae</span> <span class='ocrx_word' id='word_1_348' title='bbox 1351 599 1538 668; x_wconf 84' lang='lat' dir='ltr'>voluntates,</span> <span class='ocrx_word' id='word_1_349' title='bbox 1573 603 1601 655; x_wconf 91' lang='lat' dir='ltr'>et</span> <span class='ocrx_word' id='word_1_350' title='bbox 1634 599 1832 656; x_wconf 81' lang='lat' dir='ltr'>deficientium</span> 
     </span>
     <span class='ocr_line' id='line_1_55' title="bbox 999 688 1832 760; baseline 0.001 -17"><span class='ocrx_word' id='word_1_351' title='bbox 999 691 1173 743; x_wconf 88' lang='lat' dir='ltr'>testamenta</span> <span class='ocrx_word' id='word_1_352' title='bbox 1212 688 1277 758; x_wconf 78' lang='lat' dir='ltr'>(te)</span> <span class='ocrx_word' id='word_1_353' title='bbox 1310 689 1418 744; x_wconf 89' lang='lat' dir='ltr'>babent</span> <span class='ocrx_word' id='word_1_354' title='bbox 1456 695 1606 760; x_wconf 85' lang='lat' dir='ltr'>perpetem</span> <span class='ocrx_word' id='word_1_355' title='bbox 1641 689 1832 760; x_wconf 71' lang='lat' dir='ltr'>firmitatem,</span> 
     </span>
     <span class='ocr_line' id='line_1_56' title="bbox 998 778 1834 848; baseline 0.005 -18"><span class='ocrx_word' id='word_1_356' title='bbox 998 778 1146 847; x_wconf 88' lang='lat' dir='ltr'>quomodo</span> <span class='ocrx_word' id='word_1_357' title='bbox 1162 781 1260 847; x_wconf 83' lang='lat' dir='ltr'>potest</span> <span class='ocrx_word' id='word_1_358' title='bbox 1276 778 1347 831; x_wconf 91' lang='lat' dir='ltr'>tanti</span> <span class='ocrx_word' id='word_1_359' title='bbox 1364 778 1506 848; x_wconf 88' lang='lat' dir='ltr'>principis</span> <span class='ocrx_word' id='word_1_360' title='bbox 1523 795 1592 832; x_wconf 88' lang='lat' dir='ltr'>csse</span> <span class='ocrx_word' id='word_1_361' title='bbox 1612 779 1727 833; x_wconf 90' lang='lat' dir='ltr'>irritum</span> <span class='ocrx_word' id='word_1_362' title='bbox 1742 782 1834 834; x_wconf 90' lang='lat' dir='ltr'>testa·</span> 
     </span>
     <span class='ocr_line' id='line_1_57' title="bbox 1005 866 1832 938; baseline 0.006 -19"><span class='ocrx_word' id='word_1_363' title='bbox 1005 867 1158 921; x_wconf 76' lang='lat' dir='ltr'>meatum?</span> <span class='ocrx_word' id='word_1_364' title='bbox 1172 866 1328 922; x_wconf 86' lang='lat' dir='ltr'>Gloriosus</span> <span class='ocrx_word' id='word_1_365' title='bbox 1343 882 1460 938; x_wconf 88' lang='lat' dir='ltr'>quoque</span> <span class='ocrx_word' id='word_1_366' title='bbox 1471 868 1527 938; x_wconf 75' lang='grc'><strong>(13)</strong></span> <span class='ocrx_word' id='word_1_367' title='bbox 1542 868 1571 921; x_wconf 92' lang='lat' dir='ltr'>in</span> <span class='ocrx_word' id='word_1_368' title='bbox 1587 884 1621 922; x_wconf 90' lang='lat' dir='ltr'>eo</span> <span class='ocrx_word' id='word_1_369' title='bbox 1635 867 1832 938; x_wconf 87' lang='lat' dir='ltr'>Theodosius,</span> 
     </span>
     <span class='ocr_line' id='line_1_58' title="bbox 1003 955 1835 1026; baseline 0.007 -19"><span class='ocrx_word' id='word_1_370' title='bbox 1003 955 1052 1025; x_wconf 87' lang='lat' dir='ltr'>qai</span> <span class='ocrx_word' id='word_1_371' title='bbox 1068 971 1127 1009; x_wconf 92' lang='lat' dir='ltr'>non</span> <span class='ocrx_word' id='word_1_372' title='bbox 1143 956 1289 1010; x_wconf 87' lang='lat' dir='ltr'>communi</span> <span class='ocrx_word' id='word_1_373' title='bbox 1303 955 1371 1026; x_wconf 78' lang='lat' dir='ltr'>jure</span> <span class='ocrx_word' id='word_1_374' title='bbox 1386 959 1511 1012; x_wconf 88' lang='lat' dir='ltr'>testatus</span> <span class='ocrx_word' id='word_1_375' title='bbox 1526 964 1591 1023; x_wconf 88' lang='lat' dir='ltr'>est;</span> <span class='ocrx_word' id='word_1_376' title='bbox 1612 957 1648 1012; x_wconf 87' lang='lat' dir='ltr'>de</span> <span class='ocrx_word' id='word_1_377' title='bbox 1668 958 1738 1013; x_wconf 90' lang='lat' dir='ltr'>liliis</span> <span class='ocrx_word' id='word_1_378' title='bbox 1757 959 1835 1013; x_wconf 89' lang='lat' dir='ltr'>cuim</span> 
     </span>
     <span class='ocr_line' id='line_1_59' title="bbox 1001 1043 1835 1119; baseline 0.005 -22"><span class='ocrx_word' id='word_1_379' title='bbox 1001 1043 1073 1098; x_wconf 89' lang='grc'><strong>1111111</strong></span> <span class='ocrx_word' id='word_1_380' title='bbox 1089 1044 1217 1100; x_wconf 87' lang='lat' dir='ltr'>habebat</span> <span class='ocrx_word' id='word_1_381' title='bbox 1230 1061 1338 1100; x_wconf 88' lang='lat' dir='ltr'>novum</span> <span class='ocrx_word' id='word_1_382' title='bbox 1357 1046 1436 1116; x_wconf 88' lang='lat' dir='ltr'>quod</span> <span class='ocrx_word' id='word_1_383' title='bbox 1452 1047 1601 1116; x_wconf 89' lang='lat' dir='ltr'>conderet,</span> <span class='ocrx_word' id='word_1_384' title='bbox 1617 1046 1729 1119; x_wconf 87' lang='lat' dir='ltr'>quibus</span> <span class='ocrx_word' id='word_1_385' title='bbox 1744 1050 1835 1103; x_wconf 92' lang='lat' dir='ltr'>totam</span> 
     </span>
     <span class='ocr_line' id='line_1_60' title="bbox 1000 1132 1835 1207; baseline 0.004 -19"><span class='ocrx_word' id='word_1_386' title='bbox 1000 1132 1129 1202; x_wconf 77' lang='lat' dir='ltr'>dederat,</span> <span class='ocrx_word' id='word_1_387' title='bbox 1148 1134 1206 1189; x_wconf 89' lang='lat' dir='ltr'>nisi</span> <span class='ocrx_word' id='word_1_388' title='bbox 1222 1139 1252 1188; x_wconf 91' lang='lat' dir='ltr'>ut</span> <span class='ocrx_word' id='word_1_389' title='bbox 1267 1150 1320 1191; x_wconf 92' lang='lat' dir='ltr'>eos</span> <span class='ocrx_word' id='word_1_390' title='bbox 1334 1135 1476 1205; x_wconf 74' lang='lat' dir='ltr'>prasenti</span> <span class='ocrx_word' id='word_1_391' title='bbox 1495 1137 1714 1192; x_wconf 86' lang='lat' dir='ltr'>commendaret</span> <span class='ocrx_word' id='word_1_392' title='bbox 1727 1153 1835 1207; x_wconf 89' lang='lat' dir='ltr'>paren-</span> 
     </span>
     <span class='ocr_line' id='line_1_61' title="bbox 1000 1221 1836 1291; baseline 0.004 -15"><span class='ocrx_word' id='word_1_393' title='bbox 1000 1221 1021 1276; x_wconf 92' lang='lat' dir='ltr'>ti</span> <span class='ocrx_word' id='word_1_394' title='bbox 1044 1222 1117 1291; x_wconf 70' lang='lat' dir='ltr'>titt:</span> <span class='ocrx_word' id='word_1_395' title='bbox 1143 1225 1171 1277; x_wconf 87' lang='lat' dir='ltr'>et</span> <span class='ocrx_word' id='word_1_396' title='bbox 1195 1223 1231 1278; x_wconf 91' lang='lat' dir='ltr'>de</span> <span class='ocrx_word' id='word_1_397' title='bbox 1256 1223 1384 1279; x_wconf 82' lang='lat' dir='ltr'>subditis</span> <span class='ocrx_word' id='word_1_398' title='bbox 1406 1225 1463 1279; x_wconf 88' lang='lat' dir='ltr'>sibi</span> <span class='ocrx_word' id='word_1_399' title='bbox 1485 1229 1513 1279; x_wconf 92' lang='lat' dir='ltr'>et</span> <span class='ocrx_word' id='word_1_400' title='bbox 1536 1226 1708 1280; x_wconf 83' lang='lat' dir='ltr'>commissis</span> <span class='ocrx_word' id='word_1_401' title='bbox 1732 1227 1836 1281; x_wconf 90' lang='lat' dir='ltr'>testari</span> 
     </span>
     <span class='ocr_line' id='line_1_62' title="bbox 1000 1311 1837 1388; baseline 0.005 -23"><span class='ocrx_word' id='word_1_402' title='bbox 1000 1311 1110 1378; x_wconf 90' lang='lat' dir='ltr'>debuit,</span> <span class='ocrx_word' id='word_1_403' title='bbox 1128 1316 1159 1365; x_wconf 92' lang='lat' dir='ltr'>ut</span> <span class='ocrx_word' id='word_1_404' title='bbox 1174 1312 1270 1384; x_wconf 87' lang='lat' dir='ltr'>legata</span> <span class='ocrx_word' id='word_1_405' title='bbox 1286 1313 1452 1383; x_wconf 88' lang='lat' dir='ltr'>dimitteret,</span> <span class='ocrx_word' id='word_1_406' title='bbox 1469 1314 1537 1369; x_wconf 88' lang='lat' dir='ltr'>fldei</span> <span class='ocrx_word' id='word_1_407' title='bbox 1558 1315 1717 1370; x_wconf 89' lang='lat' dir='ltr'>commissa</span> <span class='ocrx_word' id='word_1_408' title='bbox 1733 1315 1837 1388; x_wconf 91' lang='lat' dir='ltr'>signa·</span> 
     </span>
     <span class='ocr_line' id='line_1_63' title="bbox 1002 1401 1837 1476; baseline 0.005 -22"><span class='ocrx_word' id='word_1_409' title='bbox 1002 1402 1054 1456; x_wconf 89' lang='lat' dir='ltr'>ret.</span> <span class='ocrx_word' id='word_1_410' title='bbox 1074 1401 1219 1471; x_wconf 79' lang='lat' dir='ltr'>Praecepit</span> <span class='ocrx_word' id='word_1_411' title='bbox 1241 1401 1304 1456; x_wconf 90' lang='lat' dir='ltr'>dari</span> <span class='ocrx_word' id='word_1_412' title='bbox 1318 1402 1415 1474; x_wconf 86' lang='lat' dir='ltr'>legem</span> <span class='ocrx_word' id='word_1_413' title='bbox 1438 1403 1639 1476; x_wconf 74' lang='lat' dir='ltr'>indulgentiae,</span> <span class='ocrx_word' id='word_1_414' title='bbox 1656 1420 1745 1475; x_wconf 85' lang='lat' dir='ltr'>quam</span> <span class='ocrx_word' id='word_1_415' title='bbox 1760 1404 1837 1458; x_wconf 90' lang='lat' dir='ltr'>scri-</span> 
     </span>
     <span class='ocr_line' id='line_1_64' title="bbox 1001 1488 1837 1564; baseline 0.007 -21"><span class='ocrx_word' id='word_1_416' title='bbox 1001 1491 1079 1559; x_wconf 90' lang='lat' dir='ltr'>ptam</span> <span class='ocrx_word' id='word_1_417' title='bbox 1095 1489 1223 1561; x_wconf 86' lang='lat' dir='ltr'>reliquit.</span> <span class='ocrx_word' id='word_1_418' title='bbox 1239 1488 1315 1554; x_wconf 85' lang='lat' dir='ltr'>Quid</span> <span class='ocrx_word' id='word_1_419' title='bbox 1331 1492 1460 1563; x_wconf 87' lang='lat' dir='ltr'>dignius,</span> <span class='ocrx_word' id='word_1_420' title='bbox 1478 1509 1566 1564; x_wconf 88' lang='lat' dir='ltr'>qaam</span> <span class='ocrx_word' id='word_1_421' title='bbox 1585 1497 1615 1548; x_wconf 92' lang='lat' dir='ltr'>ut</span> <span class='ocrx_word' id='word_1_422' title='bbox 1630 1497 1837 1549; x_wconf 85' lang='lat' dir='ltr'>testamentum</span> 
     </span>
     <span class='ocr_line' id='line_1_65' title="bbox 1001 1577 1332 1649; baseline 0.012 -19"><span class='ocrx_word' id='word_1_423' title='bbox 1001 1577 1189 1649; x_wconf 86' lang='lat' dir='ltr'>imperatoris</span> <span class='ocrx_word' id='word_1_424' title='bbox 1205 1578 1253 1634; x_wconf 84' lang='lat' dir='ltr'>lex</span> <span class='ocrx_word' id='word_1_425' title='bbox 1270 1581 1332 1634; x_wconf 81' lang='lat' dir='ltr'>sit‘?</span> 
     </span>
    </p>
   </div>
   <div class='ocr_carea' id='block_1_10' title="bbox 1002 1719 1839 1882">
    <p class='ocr_par' dir='ltr' id='par_1_15' title="bbox 1002 1719 1839 1882">
     <span class='ocr_line' id='line_1_66' title="bbox 1037 1719 1839 1794; baseline 0.009 -21"><span class='ocrx_word' id='word_1_426' title='bbox 1037 1719 1063 1773; x_wconf 90' lang='lat' dir='ltr'>o.</span> <span class='ocrx_word' id='word_1_427' title='bbox 1082 1719 1160 1791; x_wconf 86' lang='lat' dir='ltr'>Ergo</span> <span class='ocrx_word' id='word_1_428' title='bbox 1178 1722 1275 1774; x_wconf 89' lang='lat' dir='ltr'>tantas</span> <span class='ocrx_word' id='word_1_429' title='bbox 1296 1721 1456 1792; x_wconf 88' lang='lat' dir='ltr'>imperator</span> <span class='ocrx_word' id='word_1_430' title='bbox 1476 1722 1602 1777; x_wconf 88' lang='lat' dir='ltr'>recessit</span> <span class='ocrx_word' id='word_1_431' title='bbox 1623 1740 1637 1776; x_wconf 92' lang='lat' dir='ltr'>a</span> <span class='ocrx_word' id='word_1_432' title='bbox 1661 1723 1758 1794; x_wconf 90' lang='lat' dir='ltr'>nobis,</span> <span class='ocrx_word' id='word_1_433' title='bbox 1785 1725 1839 1780; x_wconf 88' lang='lat' dir='ltr'>sed</span> 
     </span>
     <span class='ocr_line' id='line_1_67' title="bbox 1002 1809 1836 1882; baseline 0.005 -19"><span class='ocrx_word' id='word_1_434' title='bbox 1002 1824 1061 1863; x_wconf 91' lang='lat' dir='ltr'>non</span> <span class='ocrx_word' id='word_1_435' title='bbox 1071 1811 1150 1864; x_wconf 91' lang='lat' dir='ltr'>totus</span> <span class='ocrx_word' id='word_1_436' title='bbox 1159 1810 1286 1865; x_wconf 84' lang='lat' dir='ltr'>recessit</span> <span class='ocrx_word' id='word_1_437' title='bbox 1298 1826 1303 1864; x_wconf 95' lang='lat'>:</span> <span class='ocrx_word' id='word_1_438' title='bbox 1317 1809 1435 1882; x_wconf 89' lang='lat' dir='ltr'>reliquit</span> <span class='ocrx_word' id='word_1_439' title='bbox 1446 1811 1522 1865; x_wconf 90' lang='lat' dir='ltr'>caim</span> <span class='ocrx_word' id='word_1_440' title='bbox 1535 1811 1622 1866; x_wconf 88' lang='lat' dir='ltr'>nobis</span> <span class='ocrx_word' id='word_1_441' title='bbox 1633 1811 1744 1869; x_wconf 87' lang='lat' dir='ltr'>liberos</span> <span class='ocrx_word' id='word_1_442' title='bbox 1754 1829 1836 1878; x_wconf 86' lang='lat' dir='ltr'>suos,</span> 
     </span>
    </p>
   </div>
   <div class='ocr_carea' id='block_1_11' title="bbox 961 1895 1837 1973">
    <p class='ocr_par' dir='ltr' id='par_1_16' title="bbox 961 1895 1837 1973">
     <span class='ocr_line' id='line_1_68' title="bbox 961 1895 1837 1973; baseline 0.007 -23"><span class='ocrx_word' id='word_1_443' title='bbox 961 1895 1032 1958; x_wconf 84' lang='lat' dir='ltr'>Bia</span> <span class='ocrx_word' id='word_1_444' title='bbox 1048 1897 1157 1969; x_wconf 90' lang='lat' dir='ltr'>quibus</span> <span class='ocrx_word' id='word_1_445' title='bbox 1178 1914 1245 1953; x_wconf 91' lang='lat' dir='ltr'>cum</span> <span class='ocrx_word' id='word_1_446' title='bbox 1266 1899 1409 1954; x_wconf 86' lang='lat' dir='ltr'>debemus</span> <span class='ocrx_word' id='word_1_447' title='bbox 1428 1916 1603 1970; x_wconf 86' lang='lat' dir='ltr'>agnoscere,</span> <span class='ocrx_word' id='word_1_448' title='bbox 1621 1903 1648 1956; x_wconf 92' lang='lat' dir='ltr'>et</span> <span class='ocrx_word' id='word_1_449' title='bbox 1674 1903 1704 1957; x_wconf 92' lang='lat' dir='ltr'>in</span> <span class='ocrx_word' id='word_1_450' title='bbox 1728 1903 1837 1973; x_wconf 90' lang='lat' dir='ltr'>quibus</span> 
     </span>
    </p>
   </div>
   <div class='ocr_carea' id='block_1_12' title="bbox 1004 1987 1839 2146">
    <p class='ocr_par' dir='ltr' id='par_1_17' title="bbox 1004 1987 1839 2146">
     <span class='ocr_line' id='line_1_69' title="bbox 1004 1987 1836 2047; baseline 0.005 -5"><span class='ocrx_word' id='word_1_451' title='bbox 1004 2003 1070 2042; x_wconf 92' lang='lat' dir='ltr'>eum</span> <span class='ocrx_word' id='word_1_452' title='bbox 1092 1990 1120 2041; x_wconf 88' lang='lat' dir='ltr'>et</span> <span class='ocrx_word' id='word_1_453' title='bbox 1139 1987 1288 2042; x_wconf 89' lang='lat' dir='ltr'>cernimus</span> <span class='ocrx_word' id='word_1_454' title='bbox 1309 1991 1337 2042; x_wconf 90' lang='lat' dir='ltr'>ct</span> <span class='ocrx_word' id='word_1_455' title='bbox 1360 1993 1505 2043; x_wconf 89' lang='lat' dir='ltr'>tenemus.</span> <span class='ocrx_word' id='word_1_456' title='bbox 1523 1989 1585 2044; x_wconf 85' lang='lat' dir='ltr'>Nee</span> <span class='ocrx_word' id='word_1_457' title='bbox 1608 1994 1724 2045; x_wconf 86' lang='lat' dir='ltr'>moveat</span> <span class='ocrx_word' id='word_1_458' title='bbox 1746 1994 1836 2047; x_wconf 83' lang='lat' dir='ltr'>aetas:</span> 
     </span>
     <span class='ocr_line' id='line_1_70' title="bbox 1004 2069 1839 2146; baseline 0.006 -18"><span class='ocrx_word' id='word_1_459' title='bbox 1004 2073 1079 2129; x_wconf 90' lang='lat' dir='ltr'>lldcs</span> <span class='ocrx_word' id='word_1_460' title='bbox 1094 2074 1219 2128; x_wconf 91' lang='lat' dir='ltr'>militum</span> <span class='ocrx_word' id='word_1_461' title='bbox 1234 2074 1421 2144; x_wconf 86' lang='lat' dir='ltr'>imperatoris</span> <span class='ocrx_word' id='word_1_462' title='bbox 1436 2075 1564 2146; x_wconf 83' lang='lat' dir='ltr'>perlecta</span> <span class='ocrx_word' id='word_1_463' title='bbox 1587 2069 1683 2133; x_wconf 84' lang='lat'>1200</span> <span class='ocrx_word' id='word_1_464' title='bbox 1705 2083 1751 2135; x_wconf 91' lang='lat' dir='ltr'>est</span> <span class='ocrx_word' id='word_1_465' title='bbox 1766 2082 1839 2134; x_wconf 86' lang='lat' dir='ltr'>aetas</span> 
     </span>
    </p>
   </div>
   <div class='ocr_carea' id='block_1_13' title="bbox 1004 2162 1932 2234">
    <p class='ocr_par' dir='ltr' id='par_1_18' title="bbox 1004 2162 1932 2234">
     <span class='ocr_line' id='line_1_71' title="bbox 1004 2162 1932 2234; baseline 0.011 -18"><span class='ocrx_word' id='word_1_466' title='bbox 1004 2166 1050 2217; x_wconf 91' lang='lat' dir='ltr'>est</span> <span class='ocrx_word' id='word_1_467' title='bbox 1060 2164 1137 2217; x_wconf 88' lang='lat' dir='ltr'>enim</span> <span class='ocrx_word' id='word_1_468' title='bbox 1146 2162 1276 2233; x_wconf 67' lang='lat' dir='ltr'>perlecta</span> <span class='ocrx_word' id='word_1_469' title='bbox 1287 2168 1370 2232; x_wconf 84' lang='lat' dir='ltr'>aetas,</span> <span class='ocrx_word' id='word_1_470' title='bbox 1384 2163 1570 2234; x_wconf 86' lang='lat' dir='ltr'>ubipcrieeta</span> <span class='ocrx_word' id='word_1_471' title='bbox 1583 2168 1740 2223; x_wconf 87' lang='lat' dir='ltr'>estvirtus.</span> <span class='ocrx_word' id='word_1_472' title='bbox 1753 2169 1840 2224; x_wconf 74' lang='lat' dir='ltr'>licei·</span> <span class='ocrx_word' id='word_1_473' title='bbox 1926 2190 1932 2198; x_wconf 61' lang='lat'>¹</span> 
     </span>
    </p>
   </div>
   <div class='ocr_carea' id='block_1_14' title="bbox 1004 2251 1839 2397">
    <p class='ocr_par' dir='ltr' id='par_1_19' title="bbox 1004 2251 1839 2397">
     <span class='ocr_line' id='line_1_72' title="bbox 1004 2251 1839 2323; baseline 0.01 -18"><span class='ocrx_word' id='word_1_474' title='bbox 1004 2267 1093 2322; x_wconf 85' lang='lat' dir='ltr'>proca</span> <span class='ocrx_word' id='word_1_475' title='bbox 1104 2251 1184 2320; x_wconf 81' lang='lat' dir='ltr'>traec3</span> <span class='ocrx_word' id='word_1_476' title='bbox 1200 2251 1267 2323; x_wconf 87' lang='lat' dir='ltr'>quie</span> <span class='ocrx_word' id='word_1_477' title='bbox 1282 2254 1310 2306; x_wconf 91' lang='lat' dir='ltr'>ct</span> <span class='ocrx_word' id='word_1_478' title='bbox 1323 2251 1397 2307; x_wconf 84' lang='lat' dir='ltr'>tides</span> <span class='ocrx_word' id='word_1_479' title='bbox 1408 2251 1595 2323; x_wconf 89' lang='lat' dir='ltr'>imperatoris</span> <span class='ocrx_word' id='word_1_480' title='bbox 1611 2255 1734 2311; x_wconf 89' lang='lat' dir='ltr'>militum</span> <span class='ocrx_word' id='word_1_481' title='bbox 1746 2258 1839 2313; x_wconf 91' lang='lat' dir='ltr'>virtus</span> 
     </span>
     <span class='ocr_line' id='line_1_73' title="bbox 1005 2345 1059 2397; baseline -0.037 0"><span class='ocrx_word' id='word_1_482' title='bbox 1005 2345 1059 2397; x_wconf 87' lang='lat' dir='ltr'>est.</span> 
     </span>
    </p>
   </div>
   <div class='ocr_carea' id='block_1_15' title="bbox 1039 2467 1841 2541">
    <p class='ocr_par' dir='ltr' id='par_1_20' title="bbox 1039 2467 1841 2541">
     <span class='ocr_line' id='line_1_74' title="bbox 1039 2467 1841 2541; baseline 0.011 -21"><span class='ocrx_word' id='word_1_483' title='bbox 1039 2467 1066 2520; x_wconf 87' lang='lat' dir='ltr'>‘i.</span> <span class='ocrx_word' id='word_1_484' title='bbox 1084 2467 1314 2539; x_wconf 82' lang='lat' dir='ltr'>llecognoscitis</span> <span class='ocrx_word' id='word_1_485' title='bbox 1339 2483 1444 2539; x_wconf 88' lang='lat' dir='ltr'>nempe</span> <span class='ocrx_word' id='word_1_486' title='bbox 1469 2486 1544 2541; x_wconf 89' lang='lat' dir='ltr'>quos</span> <span class='ocrx_word' id='word_1_487' title='bbox 1570 2472 1655 2528; x_wconf 89' lang='lat' dir='ltr'>vobis</span> <span class='ocrx_word' id='word_1_488' title='bbox 1679 2472 1841 2530; x_wconf 88' lang='lat' dir='ltr'>Theodosii</span> 
     </span>
    </p>
   </div>
   <div class='ocr_carea' id='block_1_16' title="bbox 1004 2608 1844 3251">
    <p class='ocr_par' dir='ltr' id='par_1_21' title="bbox 1004 2608 1842 2823">
     <span class='ocr_line' id='line_1_75' title="bbox 1004 2608 1842 2698; baseline 0.011 -34"><span class='ocrx_word' id='word_1_489' title='bbox 1004 2610 1136 2682; x_wconf 83' lang='lat' dir='ltr'>fligatum</span> <span class='ocrx_word' id='word_1_490' title='bbox 1152 2608 1317 2682; x_wconf 85' lang='lat' dir='ltr'>Eugenium</span> <span class='ocrx_word' id='word_1_491' title='bbox 1338 2627 1367 2664; x_wconf 84' lang='grc' dir='ltr'>ιιι</span> <span class='ocrx_word' id='word_1_492' title='bbox 1387 2611 1457 2666; x_wconf 91' lang='lat' dir='ltr'>ldus</span> <span class='ocrx_word' id='word_1_493' title='bbox 1477 2613 1597 2683; x_wconf 77' lang='lat' dir='ltr'>ianuar,</span> <span class='ocrx_word' id='word_1_494' title='bbox 1617 2614 1752 2698; x_wconf 77' lang='lat' dir='ltr'>ejusdem</span> <span class='ocrx_word' id='word_1_495' title='bbox 1771 2619 1842 2673; x_wconf 89' lang='lat' dir='ltr'>anni</span> 
     </span>
     <span class='ocr_line' id='line_1_76' title="bbox 1005 2681 1841 2760; baseline 0.012 -25"><span class='ocrx_word' id='word_1_496' title='bbox 1005 2681 1206 2736; x_wconf 81' lang='lat' dir='ltr'>declaraverat</span> <span class='ocrx_word' id='word_1_497' title='bbox 1225 2682 1443 2753; x_wconf 88' lang='lat' dir='ltr'>imperatorem,</span> <span class='ocrx_word' id='word_1_498' title='bbox 1460 2688 1491 2739; x_wconf 93' lang='lat' dir='ltr'>ut</span> <span class='ocrx_word' id='word_1_499' title='bbox 1510 2701 1548 2740; x_wconf 83' lang='lat' dir='ltr'>ex</span> <span class='ocrx_word' id='word_1_500' title='bbox 1571 2687 1672 2758; x_wconf 78' lang='lat' dir='ltr'>idatio,</span> <span class='ocrx_word' id='word_1_501' title='bbox 1691 2689 1841 2760; x_wconf 86' lang='lat' dir='ltr'>Prospero</span> 
     </span>
     <span class='ocr_line' id='line_1_77' title="bbox 1004 2751 1336 2823; baseline 0 -16"><span class='ocrx_word' id='word_1_502' title='bbox 1004 2757 1034 2807; x_wconf 89' lang='lat' dir='ltr'>et</span> <span class='ocrx_word' id='word_1_503' title='bbox 1049 2753 1114 2806; x_wconf 92' lang='lat' dir='ltr'>aliis</span> <span class='ocrx_word' id='word_1_504' title='bbox 1132 2751 1336 2823; x_wconf 82' lang='lat' dir='ltr'>intelligimus</span> 
     </span>
    </p>

    <p class='ocr_par' dir='ltr' id='par_1_22' title="bbox 1004 2823 1844 3251">
     <span class='ocr_line' id='line_1_78' title="bbox 1041 2823 1843 2903; baseline 0.012 -26"><span class='ocrx_word' id='word_1_505' title='bbox 1041 2823 1097 2893; x_wconf 91' lang='grc'><strong>(11)</strong></span> <span class='ocrx_word' id='word_1_506' title='bbox 1113 2823 1221 2879; x_wconf 89' lang='lat' dir='ltr'>Omnes</span> <span class='ocrx_word' id='word_1_507' title='bbox 1238 2824 1305 2878; x_wconf 90' lang='lat' dir='ltr'>edit.</span> <span class='ocrx_word' id='word_1_508' title='bbox 1323 2841 1357 2878; x_wconf 85' lang='lat' dir='ltr'>ac.</span> <span class='ocrx_word' id='word_1_509' title='bbox 1381 2824 1483 2895; x_wconf 89' lang='lat' dir='ltr'>plures</span> <span class='ocrx_word' id='word_1_510' title='bbox 1506 2844 1623 2898; x_wconf 82' lang='lat' dir='ltr'>mss.,‹</span> <span class='ocrx_word' id='word_1_511' title='bbox 1650 2847 1739 2903; x_wconf 89' lang='lat' dir='ltr'>quam</span> <span class='ocrx_word' id='word_1_512' title='bbox 1763 2829 1843 2903; x_wconf 86' lang='lat' dir='ltr'>quod</span> 
     </span>
     <span class='ocr_line' id='line_1_79' title="bbox 1004 2895 1843 2975; baseline 0.011 -26"><span class='ocrx_word' id='word_1_513' title='bbox 1004 2896 1130 2950; x_wconf 81' lang='lat' dir='ltr'>inrmane</span> <span class='ocrx_word' id='word_1_514' title='bbox 1142 2895 1275 2966; x_wconf 80' lang='lat' dir='ltr'>quantis3</span> <span class='ocrx_word' id='word_1_515' title='bbox 1295 2915 1306 2945; x_wconf 85' lang='lat'><strong>»</strong></span> <span class='ocrx_word' id='word_1_516' title='bbox 1318 2895 1384 2950; x_wconf 90' lang='lat' dir='ltr'>Gill.</span> <span class='ocrx_word' id='word_1_517' title='bbox 1398 2897 1427 2949; x_wconf 92' lang='lat' dir='ltr'>ia</span> <span class='ocrx_word' id='word_1_518' title='bbox 1439 2899 1529 2955; x_wconf 84' lang='lat' dir='ltr'>variis</span> <span class='ocrx_word' id='word_1_519' title='bbox 1540 2900 1620 2969; x_wconf 81' lang='lat' dir='ltr'>leet,</span> <span class='ocrx_word' id='word_1_520' title='bbox 1636 2925 1646 2949; x_wconf 72' lang='lat' dir='ltr'>a</span> <span class='ocrx_word' id='word_1_521' title='bbox 1663 2918 1751 2974; x_wconf 88' lang='lat' dir='ltr'>quam</span> <span class='ocrx_word' id='word_1_522' title='bbox 1762 2903 1843 2975; x_wconf 88' lang='lat' dir='ltr'>quod</span> 
     </span>
     <span class='ocr_line' id='line_1_80' title="bbox 1004 2967 1843 3045; baseline 0.01 -25"><span class='ocrx_word' id='word_1_523' title='bbox 1004 2967 1123 3020; x_wconf 91' lang='lat' dir='ltr'>immani</span> <span class='ocrx_word' id='word_1_524' title='bbox 1133 2967 1310 3036; x_wconf 88' lang='lat' dir='ltr'>quantitate:</span> <span class='ocrx_word' id='word_1_525' title='bbox 1331 2990 1341 3013; x_wconf 73' lang='grc' dir='ltr'>ι</span> <span class='ocrx_word' id='word_1_526' title='bbox 1362 2968 1434 3038; x_wconf 81' lang='lat' dir='ltr'>lteg.</span> <span class='ocrx_word' id='word_1_527' title='bbox 1449 2969 1611 3042; x_wconf 83' lang='lat' dir='ltr'>codanus,</span> <span class='ocrx_word' id='word_1_528' title='bbox 1631 2996 1641 3019; x_wconf 77' lang='lat' dir='ltr'>u</span> <span class='ocrx_word' id='word_1_529' title='bbox 1661 2989 1748 3044; x_wconf 87' lang='lat' dir='ltr'>quarn</span> <span class='ocrx_word' id='word_1_530' title='bbox 1764 2975 1843 3045; x_wconf 91' lang='lat' dir='ltr'>quod</span> 
     </span>
     <span class='ocr_line' id='line_1_81' title="bbox 1006 3038 1844 3112; baseline 0.011 -22"><span class='ocrx_word' id='word_1_531' title='bbox 1006 3039 1035 3091; x_wconf 92' lang='lat' dir='ltr'>in</span> <span class='ocrx_word' id='word_1_532' title='bbox 1049 3038 1146 3106; x_wconf 88' lang='lat' dir='ltr'>annis,</span> <span class='ocrx_word' id='word_1_533' title='bbox 1165 3060 1175 3084; x_wconf 80' lang='lat' dir='ltr'>u</span> <span class='ocrx_word' id='word_1_534' title='bbox 1194 3038 1243 3107; x_wconf 89' lang='lat' dir='ltr'>qui</span> <span class='ocrx_word' id='word_1_535' title='bbox 1264 3053 1330 3091; x_wconf 92' lang='lat' dir='ltr'>cum</span> <span class='ocrx_word' id='word_1_536' title='bbox 1347 3054 1404 3092; x_wconf 92' lang='lat' dir='ltr'>uno</span> <span class='ocrx_word' id='word_1_537' title='bbox 1424 3043 1473 3092; x_wconf 89' lang='lat' dir='ltr'>ant</span> <span class='ocrx_word' id='word_1_538' title='bbox 1497 3039 1554 3094; x_wconf 90' lang='lat' dir='ltr'>alio</span> <span class='ocrx_word' id='word_1_539' title='bbox 1575 3043 1639 3097; x_wconf 89' lang='lat' dir='ltr'>cod.</span> <span class='ocrx_word' id='word_1_540' title='bbox 1656 3059 1709 3112; x_wconf 92' lang='lat' dir='ltr'>pro</span> <span class='ocrx_word' id='word_1_541' title='bbox 1736 3065 1747 3093; x_wconf 78' lang='grc'>1</span> <span class='ocrx_word' id='word_1_542' title='bbox 1773 3046 1844 3098; x_wconf 92' lang='lat' dir='ltr'>dum</span> 
     </span>
     <span class='ocr_line' id='line_1_82' title="bbox 1006 3108 1841 3179; baseline 0.007 -16"><span class='ocrx_word' id='word_1_543' title='bbox 1006 3113 1164 3163; x_wconf 78' lang='lat' dir='ltr'>moratur»</span> <span class='ocrx_word' id='word_1_544' title='bbox 1184 3108 1281 3179; x_wconf 84' lang='lat' dir='ltr'>legit«</span> <span class='ocrx_word' id='word_1_545' title='bbox 1300 3109 1368 3163; x_wconf 89' lang='lat' dir='ltr'>dum</span> <span class='ocrx_word' id='word_1_546' title='bbox 1383 3111 1517 3178; x_wconf 78' lang='lat' dir='ltr'>moritur,</span> <span class='ocrx_word' id='word_1_547' title='bbox 1537 3136 1548 3159; x_wconf 77' lang='grc'>1</span> <span class='ocrx_word' id='word_1_548' title='bbox 1566 3128 1624 3169; x_wconf 90' lang='lat' dir='ltr'>non</span> <span class='ocrx_word' id='word_1_549' title='bbox 1644 3114 1721 3168; x_wconf 86' lang='lat' dir='ltr'>malo</span> <span class='ocrx_word' id='word_1_550' title='bbox 1737 3130 1841 3169; x_wconf 88' lang='lat' dir='ltr'>sensa.</span> 
     </span>
     <span class='ocr_line' id='line_1_83' title="bbox 1007 3180 1842 3251; baseline 0.007 -19"><span class='ocrx_word' id='word_1_551' title='bbox 1007 3180 1040 3234; x_wconf 93' lang='lat' dir='ltr'>ln</span> <span class='ocrx_word' id='word_1_552' title='bbox 1054 3181 1154 3250; x_wconf 89' lang='lat' dir='ltr'>priore</span> <span class='ocrx_word' id='word_1_553' title='bbox 1174 3183 1270 3234; x_wconf 89' lang='lat' dir='ltr'>autem</span> <span class='ocrx_word' id='word_1_554' title='bbox 1293 3185 1375 3251; x_wconf 88' lang='lat' dir='ltr'>parte</span> <span class='ocrx_word' id='word_1_555' title='bbox 1398 3196 1435 3234; x_wconf 91' lang='lat' dir='ltr'>ex</span> <span class='ocrx_word' id='word_1_556' title='bbox 1458 3197 1516 3236; x_wconf 93' lang='lat' dir='ltr'>uno</span> <span class='ocrx_word' id='word_1_557' title='bbox 1540 3184 1605 3239; x_wconf 92' lang='lat' dir='ltr'>cod.</span> <span class='ocrx_word' id='word_1_558' title='bbox 1627 3184 1691 3239; x_wconf 88' lang='lat' dir='ltr'>Vnt.</span> <span class='ocrx_word' id='word_1_559' title='bbox 1709 3186 1842 3240; x_wconf 91' lang='lat' dir='ltr'>restitui-</span> 
     </span>
    </p>
   </div>
   <div class='ocr_carea' id='block_1_17' title="bbox 963 3251 1843 3324">
    <p class='ocr_par' dir='ltr' id='par_1_23' title="bbox 963 3251 1843 3324">
     <span class='ocr_line' id='line_1_84' title="bbox 963 3251 1843 3324; baseline 0.008 -20"><span class='ocrx_word' id='word_1_560' title='bbox 963 3260 1084 3323; x_wconf 80' lang='lat' dir='ltr'>cmus,</span> <span class='ocrx_word' id='word_1_561' title='bbox 1108 3273 1118 3297; x_wconf 75' lang='lat' dir='ltr'>a</span> <span class='ocrx_word' id='word_1_562' title='bbox 1147 3266 1234 3321; x_wconf 90' lang='lat' dir='ltr'>quam</span> <span class='ocrx_word' id='word_1_563' title='bbox 1258 3251 1337 3322; x_wconf 87' lang='lat' dir='ltr'>quod</span> <span class='ocrx_word' id='word_1_564' title='bbox 1362 3252 1392 3304; x_wconf 93' lang='lat' dir='ltr'>in</span> <span class='ocrx_word' id='word_1_565' title='bbox 1417 3253 1585 3324; x_wconf 88' lang='lat' dir='ltr'>aliquantis,</span> <span class='ocrx_word' id='word_1_566' title='bbox 1612 3279 1623 3303; x_wconf 79' lang='grc'>1</span> <span class='ocrx_word' id='word_1_567' title='bbox 1651 3255 1790 3310; x_wconf 90' lang='lat' dir='ltr'>nimirum</span> <span class='ocrx_word' id='word_1_568' title='bbox 1813 3257 1843 3311; x_wconf 89' lang='lat' dir='ltr'>in</span> 
     </span>
    </p>
   </div>
   <div class='ocr_carea' id='block_1_18' title="bbox 1008 3321 1896 4033">
    <p class='ocr_par' dir='ltr' id='par_1_24' title="bbox 1008 3321 1896 4033">
     <span class='ocr_line' id='line_1_85' title="bbox 1008 3321 1844 3396; baseline 0.007 -20"><span class='ocrx_word' id='word_1_569' title='bbox 1008 3323 1165 3389; x_wconf 82' lang='lat' dir='ltr'>tramenta,</span> <span class='ocrx_word' id='word_1_570' title='bbox 1182 3323 1261 3388; x_wconf 86' lang='lat' dir='ltr'>vino,</span> <span class='ocrx_word' id='word_1_571' title='bbox 1278 3321 1342 3376; x_wconf 92' lang='lat' dir='ltr'>oleo</span> <span class='ocrx_word' id='word_1_572' title='bbox 1362 3324 1408 3376; x_wconf 90' lang='lat' dir='ltr'>vel</span> <span class='ocrx_word' id='word_1_573' title='bbox 1435 3323 1602 3396; x_wconf 67' lang='lat' dir='ltr'>similibus,</span> <span class='ocrx_word' id='word_1_574' title='bbox 1627 3343 1743 3383; x_wconf 90' lang='lat' dir='ltr'>annona</span> <span class='ocrx_word' id='word_1_575' title='bbox 1765 3328 1844 3382; x_wconf 86' lang='lat' dir='ltr'>enim</span> 
     </span>
     <span class='ocr_line' id='line_1_86' title="bbox 1008 3393 1844 3471; baseline 0.006 -25"><span class='ocrx_word' id='word_1_576' title='bbox 1008 3395 1038 3447; x_wconf 94' lang='lat' dir='ltr'>in</span> <span class='ocrx_word' id='word_1_577' title='bbox 1053 3394 1212 3463; x_wconf 85' lang='lat' dir='ltr'>speciebus</span> <span class='ocrx_word' id='word_1_578' title='bbox 1228 3393 1411 3465; x_wconf 80' lang='lat' dir='ltr'>exigebatur,</span> <span class='ocrx_word' id='word_1_579' title='bbox 1429 3397 1460 3448; x_wconf 93' lang='lat' dir='ltr'>ut</span> <span class='ocrx_word' id='word_1_580' title='bbox 1477 3400 1591 3451; x_wconf 86' lang='lat' dir='ltr'>constat</span> <span class='ocrx_word' id='word_1_581' title='bbox 1602 3413 1617 3451; x_wconf 89' lang='lat' dir='ltr'>e</span> <span class='ocrx_word' id='word_1_582' title='bbox 1628 3397 1762 3467; x_wconf 91' lang='lat' dir='ltr'>plurimis</span> <span class='ocrx_word' id='word_1_583' title='bbox 1773 3398 1844 3471; x_wconf 88' lang='lat' dir='ltr'>legi·</span> 
     </span>
     <span class='ocr_line' id='line_1_87' title="bbox 1009 3464 1844 3540; baseline 0.005 -21"><span class='ocrx_word' id='word_1_584' title='bbox 1009 3465 1066 3519; x_wconf 88' lang='lat' dir='ltr'>bus</span> <span class='ocrx_word' id='word_1_585' title='bbox 1082 3464 1146 3519; x_wconf 88' lang='lat' dir='ltr'>cod.</span> <span class='ocrx_word' id='word_1_586' title='bbox 1163 3464 1206 3518; x_wconf 73' lang='lat' dir='ltr'>tit,</span> <span class='ocrx_word' id='word_1_587' title='bbox 1223 3464 1259 3518; x_wconf 85' lang='lat' dir='ltr'>de</span> <span class='ocrx_word' id='word_1_588' title='bbox 1273 3468 1398 3519; x_wconf 74' lang='lat' dir='ltr'>Actaeae</span> <span class='ocrx_word' id='word_1_589' title='bbox 1414 3472 1443 3519; x_wconf 86' lang='lat' dir='ltr'>ct</span> <span class='ocrx_word' id='word_1_590' title='bbox 1467 3466 1578 3521; x_wconf 85' lang='lat' dir='ltr'>Tribut.</span> <span class='ocrx_word' id='word_1_591' title='bbox 1591 3467 1706 3533; x_wconf 71' lang='lat' dir='ltr'>Fusius</span> <span class='ocrx_word' id='word_1_592' title='bbox 1746 3485 1844 3540; x_wconf 90' lang='lat' dir='ltr'>aequo</span> 
     </span>
     <span class='ocr_line' id='line_1_88' title="bbox 1011 3486 1896 3607; baseline 0.005 -17"><span class='ocrx_word' id='word_1_593' title='bbox 1011 3537 1048 3590; x_wconf 84' lang='lat' dir='ltr'>cle</span> <span class='ocrx_word' id='word_1_594' title='bbox 1064 3537 1189 3589; x_wconf 87' lang='lat' dir='ltr'>Annona</span> <span class='ocrx_word' id='word_1_595' title='bbox 1205 3536 1335 3605; x_wconf 83' lang='lat' dir='ltr'>disputat</span> <span class='ocrx_word' id='word_1_596' title='bbox 1354 3534 1541 3607; x_wconf 79' lang='lat' dir='ltr'>Iluleagcrus</span> <span class='ocrx_word' id='word_1_597' title='bbox 1560 3538 1610 3593; x_wconf 91' lang='lat' dir='ltr'>lib.</span> <span class='ocrx_word' id='word_1_598' title='bbox 1626 3557 1656 3593; x_wconf 88' lang='lat' dir='ltr'>vr</span> <span class='ocrx_word' id='word_1_599' title='bbox 1675 3540 1712 3595; x_wconf 84' lang='lat' dir='ltr'>de</span> <span class='ocrx_word' id='word_1_600' title='bbox 1725 3486 1774 3594; x_wconf 58' lang='grc' dir='ltr'>ί1111</span> <span class='ocrx_word' id='word_1_601' title='bbox 1796 3556 1840 3594; x_wconf 87' lang='lat' dir='ltr'>er.</span> <span class='ocrx_word' id='word_1_602' title='bbox 1895 3553 1896 3557; x_wconf 73' lang='grc'>’</span> 
     </span>
     <span class='ocr_line' id='line_1_89' title="bbox 1010 3558 1844 3682; baseline 0.004 -21"><span class='ocrx_word' id='word_1_603' title='bbox 1010 3607 1092 3662; x_wconf 87' lang='lat' dir='ltr'>Item.</span> <span class='ocrx_word' id='word_1_604' title='bbox 1109 3622 1172 3675; x_wconf 91' lang='lat' dir='ltr'>cap.</span> <span class='ocrx_word' id='word_1_605' title='bbox 1190 3605 1202 3658; x_wconf 93' lang='grc'>1</span> <span class='ocrx_word' id='word_1_606' title='bbox 1220 3609 1247 3659; x_wconf 91' lang='lat' dir='ltr'>ct</span> <span class='ocrx_word' id='word_1_607' title='bbox 1268 3621 1332 3676; x_wconf 89' lang='lat' dir='ltr'>seq.</span> <span class='ocrx_word' id='word_1_608' title='bbox 1348 3606 1493 3661; x_wconf 73' lang='lat' dir='ltr'>Craterum</span> <span class='ocrx_word' id='word_1_609' title='bbox 1514 3611 1592 3680; x_wconf 88' lang='lat' dir='ltr'>quod</span> <span class='ocrx_word' id='word_1_610' title='bbox 1612 3627 1679 3682; x_wconf 80' lang='lat' dir='ltr'>quae</span> <span class='ocrx_word' id='word_1_611' title='bbox 1699 3611 1754 3666; x_wconf 87' lang='lat' dir='ltr'>boc</span> <span class='ocrx_word' id='word_1_612' title='bbox 1774 3558 1844 3666; x_wconf 59' lang='lat' dir='ltr'>foco</span> 
     </span>
     <span class='ocr_line' id='line_1_90' title="bbox 1010 3677 1845 3744; baseline 0.005 -13"><span class='ocrx_word' id='word_1_613' title='bbox 1010 3678 1156 3741; x_wconf 86' lang='lat' dir='ltr'>dicuntur,</span> <span class='ocrx_word' id='word_1_614' title='bbox 1182 3677 1216 3729; x_wconf 90' lang='lat' dir='ltr'>ad</span> <span class='ocrx_word' id='word_1_615' title='bbox 1248 3677 1373 3744; x_wconf 79' lang='lat' dir='ltr'>vectigal</span> <span class='ocrx_word' id='word_1_616' title='bbox 1396 3677 1507 3731; x_wconf 86' lang='lat' dir='ltr'>Tatiaai</span> <span class='ocrx_word' id='word_1_617' title='bbox 1530 3679 1685 3736; x_wconf 79' lang='lat' dir='ltr'>reserenda</span> <span class='ocrx_word' id='word_1_618' title='bbox 1711 3682 1845 3737; x_wconf 88' lang='lat' dir='ltr'>nonnulli</span> 
     </span>
     <span class='ocr_line' id='line_1_91' title="bbox 1008 3748 1845 3820; baseline 0.005 -18"><span class='ocrx_word' id='word_1_619' title='bbox 1008 3751 1120 3820; x_wconf 89' lang='lat' dir='ltr'>putant,</span> <span class='ocrx_word' id='word_1_620' title='bbox 1148 3748 1174 3801; x_wconf 90' lang='lat' dir='ltr'>id</span> <span class='ocrx_word' id='word_1_621' title='bbox 1201 3749 1319 3817; x_wconf 86' lang='lat' dir='ltr'>quidem</span> <span class='ocrx_word' id='word_1_622' title='bbox 1342 3748 1460 3803; x_wconf 89' lang='lat' dir='ltr'>videtur</span> <span class='ocrx_word' id='word_1_623' title='bbox 1478 3750 1551 3805; x_wconf 90' lang='lat' dir='ltr'>satis</span> <span class='ocrx_word' id='word_1_624' title='bbox 1570 3752 1751 3808; x_wconf 83' lang='lat' dir='ltr'>obscurum:</span> <span class='ocrx_word' id='word_1_625' title='bbox 1773 3753 1845 3807; x_wconf 92' lang='lat' dir='ltr'>illud</span> 
     </span>
     <span class='ocr_line' id='line_1_92' title="bbox 1008 3818 1846 3890; baseline 0.005 -17"><span class='ocrx_word' id='word_1_626' title='bbox 1008 3836 1079 3875; x_wconf 90' lang='lat' dir='ltr'>vcro</span> <span class='ocrx_word' id='word_1_627' title='bbox 1101 3818 1283 3885; x_wconf 91' lang='lat' dir='ltr'>credibilius,</span> <span class='ocrx_word' id='word_1_628' title='bbox 1301 3820 1464 3875; x_wconf 78' lang='lat' dir='ltr'>licaoniam</span> <span class='ocrx_word' id='word_1_629' title='bbox 1483 3827 1613 3890; x_wconf 82' lang='lat' dir='ltr'>pateram</span> <span class='ocrx_word' id='word_1_630' title='bbox 1632 3825 1776 3880; x_wconf 91' lang='lat' dir='ltr'>voluntati</span> <span class='ocrx_word' id='word_1_631' title='bbox 1795 3840 1846 3878; x_wconf 88' lang='lat' dir='ltr'>sa-</span> 
     </span>
     <span class='ocr_line' id='line_1_93' title="bbox 1008 3890 1847 3965; baseline 0.005 -19"><span class='ocrx_word' id='word_1_632' title='bbox 1008 3891 1170 3960; x_wconf 80' lang='lat' dir='ltr'>tisfecisse,</span> <span class='ocrx_word' id='word_1_633' title='bbox 1187 3906 1242 3944; x_wconf 91' lang='lat' dir='ltr'>nee</span> <span class='ocrx_word' id='word_1_634' title='bbox 1258 3890 1293 3945; x_wconf 92' lang='lat' dir='ltr'>de</span> <span class='ocrx_word' id='word_1_635' title='bbox 1308 3890 1364 3945; x_wconf 91' lang='lat' dir='ltr'>alia</span> <span class='ocrx_word' id='word_1_636' title='bbox 1380 3907 1411 3945; x_wconf 89' lang='lat' dir='ltr'>re</span> <span class='ocrx_word' id='word_1_637' title='bbox 1431 3892 1640 3965; x_wconf 87' lang='lat' dir='ltr'>intelligendos</span> <span class='ocrx_word' id='word_1_638' title='bbox 1656 3897 1749 3952; x_wconf 88' lang='lat' dir='ltr'>bosco</span> <span class='ocrx_word' id='word_1_639' title='bbox 1764 3895 1847 3950; x_wconf 84' lang='lat' dir='ltr'>Clau-</span> 
     </span>
     <span class='ocr_line' id='line_1_94' title="bbox 1009 3961 1601 4033; baseline 0.007 -17"><span class='ocrx_word' id='word_1_640' title='bbox 1009 3963 1087 4017; x_wconf 91' lang='lat' dir='ltr'>diani</span> <span class='ocrx_word' id='word_1_641' title='bbox 1104 3977 1211 4017; x_wconf 87' lang='lat' dir='ltr'>versus</span> <span class='ocrx_word' id='word_1_642' title='bbox 1228 3961 1256 4015; x_wconf 92' lang='lat' dir='ltr'>in</span> <span class='ocrx_word' id='word_1_643' title='bbox 1272 3979 1301 4014; x_wconf 85' lang='grc' dir='ltr'>ιν</span> <span class='ocrx_word' id='word_1_644' title='bbox 1316 3961 1436 4017; x_wconf 81' lang='lat' dir='ltr'>Consul.</span> <span class='ocrx_word' id='word_1_645' title='bbox 1455 3963 1601 4033; x_wconf 84' lang='lat' dir='ltr'>llonorii;</span> 
     </span>
    </p>
   </div>
   <div class='ocr_carea' id='block_1_19' title="bbox 1072 4068 1745 4316">
    <p class='ocr_par' dir='ltr' id='par_1_25' title="bbox 1072 4068 1745 4316">
     <span class='ocr_line' id='line_1_95' title="bbox 1072 4068 1678 4130; baseline 0.01 -14"><span class='ocrx_word' id='word_1_646' title='bbox 1072 4069 1154 4130; x_wconf 87' lang='lat' dir='ltr'>Impia</span> <span class='ocrx_word' id='word_1_647' title='bbox 1168 4068 1286 4116; x_wconf 87' lang='lat' dir='ltr'>continui</span> <span class='ocrx_word' id='word_1_648' title='bbox 1299 4075 1404 4116; x_wconf 86' lang='lat' dir='ltr'>cessant</span> <span class='ocrx_word' id='word_1_649' title='bbox 1422 4083 1453 4117; x_wconf 89' lang='lat' dir='ltr'>aa</span> <span class='ocrx_word' id='word_1_650' title='bbox 1476 4078 1561 4121; x_wconf 82' lang='lat' dir='ltr'>ruente</span> <span class='ocrx_word' id='word_1_651' title='bbox 1571 4074 1678 4122; x_wconf 88' lang='lat' dir='ltr'>tributi:</span> 
     </span>
     <span class='ocr_line' id='line_1_96' title="bbox 1073 4085 1645 4190; baseline 0.009 -12"><span class='ocrx_word' id='word_1_652' title='bbox 1073 4131 1131 4178; x_wconf 80' lang='lat' dir='ltr'>b&#39;on</span> <span class='ocrx_word' id='word_1_653' title='bbox 1146 4130 1266 4178; x_wconf 77' lang='lat' dir='ltr'>infelices</span> <span class='ocrx_word' id='word_1_654' title='bbox 1281 4131 1385 4190; x_wconf 68' lang='lat' dir='ltr'>tabula),</span> <span class='ocrx_word' id='word_1_655' title='bbox 1399 4085 1536 4182; x_wconf 49' lang='lat' dir='ltr'>uonffiasta</span> <span class='ocrx_word' id='word_1_656' title='bbox 1550 4136 1645 4184; x_wconf 82' lang='lat' dir='ltr'>ratlxas</span> 
     </span>
     <span class='ocr_line' id='line_1_97' title="bbox 1073 4193 1743 4255; baseline 0.007 -16"><span class='ocrx_word' id='word_1_657' title='bbox 1073 4194 1170 4240; x_wconf 85' lang='lat' dir='ltr'>Vendit</span> <span class='ocrx_word' id='word_1_658' title='bbox 1185 4207 1249 4253; x_wconf 88' lang='lat' dir='ltr'>opes</span> <span class='ocrx_word' id='word_1_659' title='bbox 1263 4193 1357 4252; x_wconf 86' lang='lat' dir='ltr'>avidis,</span> <span class='ocrx_word' id='word_1_660' title='bbox 1374 4200 1475 4255; x_wconf 85' lang='lat' dir='ltr'>emptor</span> <span class='ocrx_word' id='word_1_661' title='bbox 1490 4210 1541 4243; x_wconf 92' lang='lat' dir='ltr'>non</span> <span class='ocrx_word' id='word_1_662' title='bbox 1559 4212 1623 4245; x_wconf 85' lang='lat' dir='ltr'>voca</span> <span class='ocrx_word' id='word_1_663' title='bbox 1641 4199 1743 4255; x_wconf 85' lang='lat' dir='ltr'>citatur,</span> 
     </span>
     <span class='ocr_line' id='line_1_98' title="bbox 1073 4255 1745 4316; baseline 0.009 -13"><span class='ocrx_word' id='word_1_664' title='bbox 1073 4256 1129 4304; x_wconf 84' lang='lat' dir='ltr'>Nee</span> <span class='ocrx_word' id='word_1_665' title='bbox 1147 4261 1190 4304; x_wconf 87' lang='lat' dir='ltr'>tua</span> <span class='ocrx_word' id='word_1_666' title='bbox 1205 4255 1314 4316; x_wconf 86' lang='lat' dir='ltr'>privatis</span> <span class='ocrx_word' id='word_1_667' title='bbox 1329 4263 1453 4304; x_wconf 87' lang='lat' dir='ltr'>creseunt</span> <span class='ocrx_word' id='word_1_668' title='bbox 1465 4260 1556 4306; x_wconf 80' lang='lat' dir='ltr'>auraria</span> <span class='ocrx_word' id='word_1_669' title='bbox 1568 4259 1680 4308; x_wconf 74' lang='lat' dir='ltr'>daunais.</span> <span class='ocrx_word' id='word_1_670' title='bbox 1738 4256 1745 4267; x_wconf 68' lang='lat'><strong><em>⁴</em></strong></span> 
     </span>
    </p>
   </div>
   <div class='ocr_carea' id='block_1_20' title="bbox 1011 4335 1845 4465">
    <p class='ocr_par' dir='ltr' id='par_1_26' title="bbox 1011 4335 1845 4465">
     <span class='ocr_line' id='line_1_99' title="bbox 1046 4335 1845 4406; baseline 0.003 -16"><span class='ocrx_word' id='word_1_671' title='bbox 1046 4337 1102 4406; x_wconf 78' lang='lat' dir='ltr'>(te)</span> <span class='ocrx_word' id='word_1_672' title='bbox 1119 4337 1194 4406; x_wconf 73' lang='lat' dir='ltr'>ling.</span> <span class='ocrx_word' id='word_1_673' title='bbox 1220 4335 1284 4389; x_wconf 92' lang='lat' dir='ltr'>cod.</span> <span class='ocrx_word' id='word_1_674' title='bbox 1310 4351 1388 4389; x_wconf 90' lang='lat' dir='ltr'>unus</span> <span class='ocrx_word' id='word_1_675' title='bbox 1406 4359 1416 4385; x_wconf 72' lang='grc'>1</span> <span class='ocrx_word' id='word_1_676' title='bbox 1437 4336 1602 4392; x_wconf 90' lang='lat' dir='ltr'>voluntates</span> <span class='ocrx_word' id='word_1_677' title='bbox 1621 4339 1657 4393; x_wconf 92' lang='lat' dir='ltr'>ad</span> <span class='ocrx_word' id='word_1_678' title='bbox 1677 4337 1845 4392; x_wconf 84' lang='lat' dir='ltr'>laciendum</span> 
     </span>
     <span class='ocr_line' id='line_1_100' title="bbox 1011 4411 1258 4465; baseline -0.012 -2"><span class='ocrx_word' id='word_1_679' title='bbox 1011 4411 1227 4465; x_wconf 87' lang='lat' dir='ltr'>testamentum.</span> <span class='ocrx_word' id='word_1_680' title='bbox 1248 4430 1258 4452; x_wconf 74' lang='grc'>1</span> 
     </span>
    </p>
   </div>
   <div class='ocr_carea' id='block_1_21' title="bbox 1047 4478 1846 4620">
    <p class='ocr_par' dir='ltr' id='par_1_27' title="bbox 1047 4478 1846 4620">
     <span class='ocr_line' id='line_1_101' title="bbox 1047 4478 1790 4550; baseline 0 -16"><span class='ocrx_word' id='word_1_681' title='bbox 1047 4479 1103 4548; x_wconf 83' lang='grc'><strong>(13)</strong></span> <span class='ocrx_word' id='word_1_682' title='bbox 1120 4479 1193 4532; x_wconf 79' lang='lat' dir='ltr'>uss.</span> <span class='ocrx_word' id='word_1_683' title='bbox 1210 4478 1331 4548; x_wconf 85' lang='lat' dir='ltr'>aliquot,</span> <span class='ocrx_word' id='word_1_684' title='bbox 1350 4501 1361 4527; x_wconf 71' lang='lat' dir='ltr'>a</span> <span class='ocrx_word' id='word_1_685' title='bbox 1383 4478 1540 4533; x_wconf 90' lang='lat' dir='ltr'>Gloriosus</span> <span class='ocrx_word' id='word_1_686' title='bbox 1559 4494 1688 4550; x_wconf 85' lang='lat' dir='ltr'>qaoque,</span> <span class='ocrx_word' id='word_1_687' title='bbox 1706 4501 1717 4528; x_wconf 76' lang='lat' dir='ltr'>a</span> <span class='ocrx_word' id='word_1_688' title='bbox 1735 4482 1790 4534; x_wconf 86' lang='lat' dir='ltr'>cte.</span> 
     </span>
     <span class='ocr_line' id='line_1_102' title="bbox 1047 4549 1846 4620; baseline 0.001 -15"><span class='ocrx_word' id='word_1_689' title='bbox 1047 4550 1104 4620; x_wconf 81' lang='lat' dir='ltr'>tlt)</span> <span class='ocrx_word' id='word_1_690' title='bbox 1120 4550 1185 4604; x_wconf 93' lang='lat' dir='ltr'>Noa</span> <span class='ocrx_word' id='word_1_691' title='bbox 1202 4549 1293 4605; x_wconf 85' lang='lat' dir='ltr'>detuit</span> <span class='ocrx_word' id='word_1_692' title='bbox 1313 4550 1362 4620; x_wconf 92' lang='lat' dir='ltr'>qui</span> <span class='ocrx_word' id='word_1_693' title='bbox 1382 4564 1483 4616; x_wconf 81' lang='lat' dir='ltr'>voces,</span> <span class='ocrx_word' id='word_1_694' title='bbox 1503 4574 1513 4596; x_wconf 75' lang='lat' dir='ltr'>u</span> <span class='ocrx_word' id='word_1_695' title='bbox 1535 4551 1676 4620; x_wconf 75' lang='lat' dir='ltr'>praesenti</span> <span class='ocrx_word' id='word_1_696' title='bbox 1696 4566 1846 4606; x_wconf 90' lang='lat' dir='ltr'>commen·</span> 
     </span>
    </p>
   </div>
   <div class='ocr_carea' id='block_1_22' title="bbox 117 4620 1845 4693">
    <p class='ocr_par' dir='ltr' id='par_1_28' title="bbox 117 4620 1845 4693">
     <span class='ocr_line' id='line_1_103' title="bbox 117 4620 1845 4693; baseline -0.003 -11"><span class='ocrx_word' id='word_1_697' title='bbox 117 4626 219 4693; x_wconf 86' lang='lat' dir='ltr'>vertit,</span> <span class='ocrx_word' id='word_1_698' title='bbox 236 4623 383 4678; x_wconf 87' lang='lat' dir='ltr'>neminem</span> <span class='ocrx_word' id='word_1_699' title='bbox 399 4625 512 4676; x_wconf 78' lang='lat' dir='ltr'>evictis</span> <span class='ocrx_word' id='word_1_700' title='bbox 524 4620 656 4675; x_wconf 91' lang='lat' dir='ltr'>occisum</span> <span class='ocrx_word' id='word_1_701' title='bbox 667 4634 746 4673; x_wconf 88' lang='lat' dir='ltr'>esse.</span> <span class='ocrx_word' id='word_1_702' title='bbox 757 4620 992 4690; x_wconf 83' lang='lat' dir='ltr'>Augustinus,[)</span> <span class='ocrx_word' id='word_1_703' title='bbox 1012 4624 1094 4676; x_wconf 84' lang='lat' dir='ltr'>daret</span> <span class='ocrx_word' id='word_1_704' title='bbox 1110 4622 1223 4692; x_wconf 86' lang='lat' dir='ltr'>parenti</span> <span class='ocrx_word' id='word_1_705' title='bbox 1241 4644 1251 4667; x_wconf 76' lang='lat'>1»</span> <span class='ocrx_word' id='word_1_706' title='bbox 1270 4621 1306 4674; x_wconf 80' lang='lat' dir='ltr'>(le</span> <span class='ocrx_word' id='word_1_707' title='bbox 1323 4621 1481 4675; x_wconf 77' lang='lat' dir='ltr'>Arutrrosio</span> <span class='ocrx_word' id='word_1_708' title='bbox 1498 4621 1562 4690; x_wconf 88' lang='lat' dir='ltr'>ipso</span> <span class='ocrx_word' id='word_1_709' title='bbox 1586 4622 1680 4676; x_wconf 86' lang='lat' dir='ltr'>dictas</span> <span class='ocrx_word' id='word_1_710' title='bbox 1701 4622 1845 4693; x_wconf 88' lang='lat' dir='ltr'>crederet,</span> 
     </span>
    </p>
   </div>
   <div class='ocr_carea' id='block_1_23' title="bbox 117 4689 959 5097">
    <p class='ocr_par' dir='ltr' id='par_1_29' title="bbox 117 4689 959 5097">
     <span class='ocr_line' id='line_1_104' title="bbox 139 4689 957 4779; baseline -0.012 -26"><span class='ocrx_word' id='word_1_711' title='bbox 139 4710 239 4779; x_wconf 82' lang='lat' dir='ltr'>noque</span> <span class='ocrx_word' id='word_1_712' title='bbox 255 4694 304 4749; x_wconf 86' lang='lat' dir='ltr'>lib.</span> <span class='ocrx_word' id='word_1_713' title='bbox 321 4710 340 4746; x_wconf 81' lang='lat' dir='ltr'>r</span> <span class='ocrx_word' id='word_1_714' title='bbox 355 4692 393 4748; x_wconf 87' lang='lat' dir='ltr'>de</span> <span class='ocrx_word' id='word_1_715' title='bbox 410 4691 500 4747; x_wconf 88' lang='lat' dir='ltr'>Civit.</span> <span class='ocrx_word' id='word_1_716' title='bbox 518 4690 583 4755; x_wconf 82' lang='lat' dir='ltr'>Dei,</span> <span class='ocrx_word' id='word_1_717' title='bbox 601 4706 664 4760; x_wconf 90' lang='lat' dir='ltr'>cap.</span> <span class='ocrx_word' id='word_1_718' title='bbox 680 4689 715 4743; x_wconf 70' lang='grc'>111</span> <span class='ocrx_word' id='word_1_719' title='bbox 730 4690 843 4744; x_wconf 87' lang='lat' dir='ltr'>laudata</span> <span class='ocrx_word' id='word_1_720' title='bbox 862 4690 957 4743; x_wconf 84' lang='lat' dir='ltr'>Thea·</span> 
     </span>
     <span class='ocr_line' id='line_1_105' title="bbox 118 4714 957 4837; baseline -0.013 -13"><span class='ocrx_word' id='word_1_721' title='bbox 118 4714 199 4824; x_wconf 48' lang='lat' dir='ltr'>dosii</span> <span class='ocrx_word' id='word_1_722' title='bbox 215 4780 287 4837; x_wconf 87' lang='lat' dir='ltr'>erga</span> <span class='ocrx_word' id='word_1_723' title='bbox 301 4780 404 4820; x_wconf 86' lang='lat' dir='ltr'>eorum</span> <span class='ocrx_word' id='word_1_724' title='bbox 420 4763 469 4834; x_wconf 92' lang='lat' dir='ltr'>qui</span> <span class='ocrx_word' id='word_1_725' title='bbox 487 4763 515 4816; x_wconf 91' lang='lat' dir='ltr'>in</span> <span class='ocrx_word' id='word_1_726' title='bbox 529 4762 591 4815; x_wconf 89' lang='lat' dir='ltr'>acie</span> <span class='ocrx_word' id='word_1_727' title='bbox 608 4760 784 4829; x_wconf 88' lang='lat' dir='ltr'>ceciderant,</span> <span class='ocrx_word' id='word_1_728' title='bbox 801 4761 879 4814; x_wconf 89' lang='lat' dir='ltr'>tilios</span> <span class='ocrx_word' id='word_1_729' title='bbox 895 4761 957 4814; x_wconf 89' lang='lat' dir='ltr'>cle-</span> 
     </span>
     <span class='ocr_line' id='line_1_106' title="bbox 117 4832 959 4908; baseline -0.012 -13"><span class='ocrx_word' id='word_1_730' title='bbox 117 4837 240 4903; x_wconf 88' lang='lat' dir='ltr'>mentia,</span> <span class='ocrx_word' id='word_1_731' title='bbox 266 4835 423 4908; x_wconf 85' lang='lat' dir='ltr'>subjungit</span> <span class='ocrx_word' id='word_1_732' title='bbox 447 4849 513 4888; x_wconf 89' lang='lat' dir='ltr'>eum</span> <span class='ocrx_word' id='word_1_733' title='bbox 544 4849 601 4887; x_wconf 91' lang='lat' dir='ltr'>non</span> <span class='ocrx_word' id='word_1_734' title='bbox 630 4832 815 4903; x_wconf 84' lang='lat' dir='ltr'>permisisse,</span> <span class='ocrx_word' id='word_1_735' title='bbox 841 4836 872 4886; x_wconf 92' lang='lat' dir='ltr'>ut</span> <span class='ocrx_word' id='word_1_736' title='bbox 891 4834 959 4900; x_wconf 94' lang='lat' dir='ltr'>post</span> 
     </span>
     <span class='ocr_line' id='line_1_107' title="bbox 118 4902 956 4978; baseline -0.013 -12"><span class='ocrx_word' id='word_1_737' title='bbox 118 4909 276 4966; x_wconf 83' lang='lat' dir='ltr'>victoriam</span> <span class='ocrx_word' id='word_1_738' title='bbox 291 4907 413 4978; x_wconf 82' lang='lat' dir='ltr'>privatae</span> <span class='ocrx_word' id='word_1_739' title='bbox 433 4905 611 4976; x_wconf 82' lang='lat' dir='ltr'>cujusquam</span> <span class='ocrx_word' id='word_1_740' title='bbox 633 4902 762 4957; x_wconf 85' lang='lat' dir='ltr'>valerent</span> <span class='ocrx_word' id='word_1_741' title='bbox 786 4903 956 4956; x_wconf 82' lang='lat' dir='ltr'>inimicitiae.</span> 
     </span>
     <span class='ocr_line' id='line_1_108' title="bbox 119 4974 958 5097; baseline -0.013 -60"><span class='ocrx_word' id='word_1_742' title='bbox 119 4982 332 5037; x_wconf 82' lang='lat' dir='ltr'>Verumtamen</span> <span class='ocrx_word' id='word_1_743' title='bbox 356 4992 393 5032; x_wconf 89' lang='lat' dir='ltr'>ex</span> <span class='ocrx_word' id='word_1_744' title='bbox 414 4977 471 5030; x_wconf 89' lang='lat' dir='ltr'>boc</span> <span class='ocrx_word' id='word_1_745' title='bbox 495 4975 644 5029; x_wconf 79' lang='lat' dir='ltr'>Ambrosii</span> <span class='ocrx_word' id='word_1_746' title='bbox 672 4975 737 5029; x_wconf 91' lang='lat' dir='ltr'>loco</span> <span class='ocrx_word' id='word_1_747' title='bbox 765 4974 958 5097; x_wconf 75' lang='lat' dir='ltr'>intelligimus</span> 
     </span>
    </p>
   </div>
   <div class='ocr_carea' id='block_1_24' title="bbox 117 5045 961 5911">
    <p class='ocr_par' dir='ltr' id='par_1_30' title="bbox 119 5045 958 5119">
     <span class='ocr_line' id='line_1_109' title="bbox 119 5045 958 5119; baseline -0.014 -10"><span class='ocrx_word' id='word_1_748' title='bbox 119 5053 219 5109; x_wconf 88' lang='lat' dir='ltr'>datam</span> <span class='ocrx_word' id='word_1_749' title='bbox 241 5050 279 5106; x_wconf 88' lang='lat' dir='ltr'>ab</span> <span class='ocrx_word' id='word_1_750' title='bbox 299 5050 477 5119; x_wconf 87' lang='lat' dir='ltr'>imperatore</span> <span class='ocrx_word' id='word_1_751' title='bbox 498 5046 721 5117; x_wconf 89' lang='lat' dir='ltr'>indulgentiam,</span> <span class='ocrx_word' id='word_1_752' title='bbox 738 5060 774 5098; x_wconf 92' lang='lat' dir='ltr'>ne</span> <span class='ocrx_word' id='word_1_753' title='bbox 792 5045 827 5099; x_wconf 91' lang='lat' dir='ltr'>ad</span> <span class='ocrx_word' id='word_1_754' title='bbox 843 5061 858 5097; x_wconf 89' lang='lat' dir='ltr'>a</span> <span class='ocrx_word' id='word_1_755' title='bbox 873 5047 958 5115; x_wconf 91' lang='lat' dir='ltr'>iquos</span> 
     </span>
    </p>

    <p class='ocr_par' dir='ltr' id='par_1_31' title="bbox 117 5115 960 5751">
     <span class='ocr_line' id='line_1_110' title="bbox 140 5115 957 5191; baseline -0.015 -11"><span class='ocrx_word' id='word_1_756' title='bbox 140 5122 302 5191; x_wconf 89' lang='lat' dir='ltr'>erveniret,</span> <span class='ocrx_word' id='word_1_757' title='bbox 319 5119 513 5191; x_wconf 89' lang='lat' dir='ltr'>quorumdam</span> <span class='ocrx_word' id='word_1_758' title='bbox 524 5116 755 5186; x_wconf 84' lang='lat' dir='ltr'>interpellatione</span> <span class='ocrx_word' id='word_1_759' title='bbox 771 5115 957 5186; x_wconf 85' lang='lat' dir='ltr'>prohibitam.</span> 
     </span>
     <span class='ocr_line' id='line_1_111' title="bbox 118 5141 960 5252; baseline -0.014 0"><span class='ocrx_word' id='word_1_760' title='bbox 118 5141 156 5252; x_wconf 52' lang='lat' dir='ltr'>Et</span> <span class='ocrx_word' id='word_1_761' title='bbox 180 5199 261 5248; x_wconf 88' lang='lat' dir='ltr'>certe</span> <span class='ocrx_word' id='word_1_762' title='bbox 284 5207 342 5247; x_wconf 92' lang='lat' dir='ltr'>non</span> <span class='ocrx_word' id='word_1_763' title='bbox 364 5189 504 5245; x_wconf 89' lang='lat' dir='ltr'>omnibus</span> <span class='ocrx_word' id='word_1_764' title='bbox 526 5189 623 5243; x_wconf 88' lang='lat' dir='ltr'>statim</span> <span class='ocrx_word' id='word_1_765' title='bbox 649 5188 764 5241; x_wconf 87' lang='lat' dir='ltr'>veniam</span> <span class='ocrx_word' id='word_1_766' title='bbox 784 5202 960 5241; x_wconf 88' lang='lat' dir='ltr'>concessam</span> 
     </span>
     <span class='ocr_line' id='line_1_112' title="bbox 119 5258 960 5332; baseline -0.012 -11"><span class='ocrx_word' id='word_1_767' title='bbox 119 5266 219 5322; x_wconf 83' lang='lat' dir='ltr'>inisse</span> <span class='ocrx_word' id='word_1_768' title='bbox 233 5263 319 5318; x_wconf 87' lang='lat' dir='ltr'>testis</span> <span class='ocrx_word' id='word_1_769' title='bbox 336 5264 382 5317; x_wconf 87' lang='lat' dir='ltr'>est</span> <span class='ocrx_word' id='word_1_770' title='bbox 397 5263 523 5332; x_wconf 87' lang='lat' dir='ltr'>ipsemet</span> <span class='ocrx_word' id='word_1_771' title='bbox 545 5262 666 5313; x_wconf 88' lang='lat' dir='ltr'>sanctus</span> <span class='ocrx_word' id='word_1_772' title='bbox 688 5259 813 5313; x_wconf 88' lang='lat' dir='ltr'>antistes</span> <span class='ocrx_word' id='word_1_773' title='bbox 835 5258 960 5328; x_wconf 87' lang='lat' dir='ltr'>epistola</span> 
     </span>
     <span class='ocr_line' id='line_1_113' title="bbox 117 5330 959 5407; baseline -0.014 -14"><span class='ocrx_word' id='word_1_774' title='bbox 117 5336 151 5394; x_wconf 79' lang='grc'>81</span> <span class='ocrx_word' id='word_1_775' title='bbox 177 5342 206 5391; x_wconf 83' lang='lat' dir='ltr'>et</span> <span class='ocrx_word' id='word_1_776' title='bbox 224 5334 269 5404; x_wconf 82' lang='lat' dir='ltr'>ee,</span> <span class='ocrx_word' id='word_1_777' title='bbox 286 5333 396 5407; x_wconf 87' lang='lat' dir='ltr'>quibus</span> <span class='ocrx_word' id='word_1_778' title='bbox 417 5332 601 5386; x_wconf 88' lang='lat' dir='ltr'>clementiam</span> <span class='ocrx_word' id='word_1_779' title='bbox 626 5330 813 5400; x_wconf 89' lang='lat' dir='ltr'>imperatoris</span> <span class='ocrx_word' id='word_1_780' title='bbox 835 5330 862 5382; x_wconf 91' lang='lat' dir='ltr'>ia</span> <span class='ocrx_word' id='word_1_781' title='bbox 888 5345 959 5382; x_wconf 91' lang='lat' dir='ltr'>non·</span> 
     </span>
     <span class='ocr_line' id='line_1_114' title="bbox 119 5400 960 5478; baseline -0.013 -14"><span class='ocrx_word' id='word_1_782' title='bbox 119 5408 271 5464; x_wconf 90' lang='lat' dir='ltr'>nullorum</span> <span class='ocrx_word' id='word_1_783' title='bbox 287 5405 412 5478; x_wconf 88' lang='lat' dir='ltr'>gratiam</span> <span class='ocrx_word' id='word_1_784' title='bbox 428 5407 491 5458; x_wconf 90' lang='lat' dir='ltr'>orat</span> <span class='ocrx_word' id='word_1_785' title='bbox 505 5407 592 5473; x_wconf 89' lang='lat' dir='ltr'>atque</span> <span class='ocrx_word' id='word_1_786' title='bbox 603 5402 758 5455; x_wconf 74' lang='lat' dir='ltr'>eliserunt:</span> <span class='ocrx_word' id='word_1_787' title='bbox 773 5400 858 5454; x_wconf 90' lang='lat' dir='ltr'>testis</span> <span class='ocrx_word' id='word_1_788' title='bbox 874 5401 960 5454; x_wconf 86' lang='lat' dir='ltr'>etiam</span> 
     </span>
     <span class='ocr_line' id='line_1_115' title="bbox 119 5471 960 5547; baseline -0.01 -13"><span class='ocrx_word' id='word_1_789' title='bbox 119 5476 266 5536; x_wconf 82' lang='lat' dir='ltr'>Paulinus</span> <span class='ocrx_word' id='word_1_790' title='bbox 281 5477 310 5531; x_wconf 92' lang='lat' dir='ltr'>ia</span> <span class='ocrx_word' id='word_1_791' title='bbox 326 5475 393 5547; x_wconf 80' lang='lat' dir='ltr'>ejus</span> <span class='ocrx_word' id='word_1_792' title='bbox 409 5475 479 5543; x_wconf 88' lang='lat' dir='ltr'>vita,</span> <span class='ocrx_word' id='word_1_793' title='bbox 495 5474 547 5529; x_wconf 90' lang='lat' dir='ltr'>ubi</span> <span class='ocrx_word' id='word_1_794' title='bbox 561 5473 705 5543; x_wconf 90' lang='lat' dir='ltr'>plurimos</span> <span class='ocrx_word' id='word_1_795' title='bbox 726 5471 874 5546; x_wconf 88' lang='lat' dir='ltr'>Ambrosii</span> <span class='ocrx_word' id='word_1_796' title='bbox 890 5485 960 5540; x_wconf 90' lang='lat' dir='ltr'>pre-</span> 
     </span>
     <span class='ocr_line' id='line_1_116' title="bbox 120 5541 959 5621; baseline -0.012 -14"><span class='ocrx_word' id='word_1_797' title='bbox 120 5552 210 5607; x_wconf 81' lang='lat' dir='ltr'>cibus</span> <span class='ocrx_word' id='word_1_798' title='bbox 224 5548 261 5603; x_wconf 87' lang='lat' dir='ltr'>eb</span> <span class='ocrx_word' id='word_1_799' title='bbox 276 5549 453 5621; x_wconf 85' lang='lat' dir='ltr'>imperatore</span> <span class='ocrx_word' id='word_1_800' title='bbox 468 5546 554 5600; x_wconf 88' lang='lat' dir='ltr'>venia</span> <span class='ocrx_word' id='word_1_801' title='bbox 570 5545 693 5598; x_wconf 91' lang='lat' dir='ltr'>donatos</span> <span class='ocrx_word' id='word_1_802' title='bbox 713 5542 810 5596; x_wconf 89' lang='lat' dir='ltr'>tradit.</span> <span class='ocrx_word' id='word_1_803' title='bbox 828 5541 886 5596; x_wconf 75' lang='lat' dir='ltr'>Sed</span> <span class='ocrx_word' id='word_1_804' title='bbox 902 5542 959 5597; x_wconf 87' lang='lat' dir='ltr'>boe</span> 
     </span>
     <span class='ocr_line' id='line_1_117' title="bbox 119 5613 960 5696; baseline -0.014 -17"><span class='ocrx_word' id='word_1_805' title='bbox 119 5623 162 5696; x_wconf 89' lang='lat' dir='ltr'>pii</span> <span class='ocrx_word' id='word_1_806' title='bbox 185 5619 326 5694; x_wconf 74' lang='lat' dir='ltr'>praealta</span> <span class='ocrx_word' id='word_1_807' title='bbox 351 5617 497 5676; x_wconf 84' lang='lat' dir='ltr'>modestia</span> <span class='ocrx_word' id='word_1_808' title='bbox 520 5615 638 5671; x_wconf 89' lang='lat' dir='ltr'>silentio</span> <span class='ocrx_word' id='word_1_809' title='bbox 663 5613 757 5669; x_wconf 91' lang='lat' dir='ltr'>votuit</span> <span class='ocrx_word' id='word_1_810' title='bbox 776 5613 960 5685; x_wconf 72' lang='lat' dir='ltr'>pretermis-</span> 
     </span>
     <span class='ocr_line' id='line_1_118' title="bbox 120 5704 201 5751; baseline -0.037 0"><span class='ocrx_word' id='word_1_811' title='bbox 120 5704 201 5751; x_wconf 70' lang='lat' dir='ltr'>bum.</span> 
     </span>
    </p>

    <p class='ocr_par' dir='ltr' id='par_1_32' title="bbox 122 5753 961 5911">
     <span class='ocr_line' id='line_1_119' title="bbox 158 5753 961 5834; baseline -0.011 -14"><span class='ocrx_word' id='word_1_812' title='bbox 158 5766 218 5834; x_wconf 78' lang='grc'><strong>(10)</strong></span> <span class='ocrx_word' id='word_1_813' title='bbox 232 5761 421 5818; x_wconf 82' lang='lat' dir='ltr'>Theodosius</span> <span class='ocrx_word' id='word_1_814' title='bbox 436 5760 594 5816; x_wconf 88' lang='lat' dir='ltr'>Arcadium</span> <span class='ocrx_word' id='word_1_815' title='bbox 606 5773 654 5812; x_wconf 81' lang='lat' dir='ltr'>mv</span> <span class='ocrx_word' id='word_1_816' title='bbox 665 5756 728 5812; x_wconf 82' lang='lat' dir='ltr'>Kal.</span> <span class='ocrx_word' id='word_1_817' title='bbox 741 5754 812 5811; x_wconf 88' lang='lat' dir='ltr'>Feb.</span> <span class='ocrx_word' id='word_1_818' title='bbox 828 5755 898 5810; x_wconf 89' lang='lat' dir='ltr'>anni</span> <span class='ocrx_word' id='word_1_819' title='bbox 908 5753 961 5811; x_wconf 79' lang='lat' dir='ltr'>aaa</span> 
     </span>
     <span class='ocr_line' id='line_1_120' title="bbox 122 5828 960 5911; baseline -0.018 -14"><span class='ocrx_word' id='word_1_820' title='bbox 122 5838 286 5911; x_wconf 82' lang='lat' dir='ltr'>augustum</span> <span class='ocrx_word' id='word_1_821' title='bbox 300 5834 422 5901; x_wconf 87' lang='lat' dir='ltr'>creavit,</span> <span class='ocrx_word' id='word_1_822' title='bbox 434 5838 465 5887; x_wconf 91' lang='lat' dir='ltr'>ut</span> <span class='ocrx_word' id='word_1_823' title='bbox 474 5836 612 5888; x_wconf 88' lang='lat' dir='ltr'>auctores</span> <span class='ocrx_word' id='word_1_824' title='bbox 628 5831 698 5886; x_wconf 90' lang='lat' dir='ltr'>sunt</span> <span class='ocrx_word' id='word_1_825' title='bbox 707 5829 857 5898; x_wconf 85' lang='lat' dir='ltr'>Socrates,</span> <span class='ocrx_word' id='word_1_826' title='bbox 872 5828 960 5884; x_wconf 84' lang='lat' dir='ltr'>Sozo-</span> 
     </span>
    </p>
   </div>
   <div class='ocr_carea' id='block_1_25' title="bbox 121 5901 961 6071">
    <p class='ocr_par' dir='ltr' id='par_1_33' title="bbox 121 5901 961 6071">
     <span class='ocr_line' id='line_1_121' title="bbox 121 5901 961 5993; baseline -0.037 -16"><span class='ocrx_word' id='word_1_827' title='bbox 121 5922 241 5993; x_wconf 73' lang='lat' dir='ltr'>tuenut,</span> <span class='ocrx_word' id='word_1_828' title='bbox 257 5908 287 5970; x_wconf 83' lang='lat' dir='ltr'>et</span> <span class='ocrx_word' id='word_1_829' title='bbox 301 5904 510 5967; x_wconf 79' lang='lat' dir='ltr'>Marcellinus:</span> <span class='ocrx_word' id='word_1_830' title='bbox 534 5901 700 5962; x_wconf 77' lang='lat' dir='ltr'>Honestum</span> <span class='ocrx_word' id='word_1_831' title='bbox 718 5915 789 5964; x_wconf 85' lang='lat' dir='ltr'>vero</span> <span class='ocrx_word' id='word_1_832' title='bbox 806 5902 876 5980; x_wconf 82' lang='lat' dir='ltr'>poet</span> <span class='ocrx_word' id='word_1_833' title='bbox 890 5915 961 5980; x_wconf 69' lang='lat' dir='ltr'>pro.</span> 
     </span>
     <span class='ocr_line' id='line_1_122' title="bbox 334 5998 558 6071; baseline -0.058 1"><span class='ocrx_word' id='word_1_834' title='bbox 334 6001 461 6071; x_wconf 74' lang='lat' dir='ltr'>Parare.</span> <span class='ocrx_word' id='word_1_835' title='bbox 481 5998 558 6068; x_wconf 74' lang='lat' dir='ltr'>XVI,</span> 
     </span>
    </p>
   </div>
   <div class='ocr_carea' id='block_1_26' title="bbox 1012 4691 1889 5975">
    <p class='ocr_par' dir='ltr' id='par_1_34' title="bbox 1012 4691 1849 5746">
     <span class='ocr_line' id='line_1_123' title="bbox 1012 4691 1845 4766; baseline 0.002 -19"><span class='ocrx_word' id='word_1_836' title='bbox 1012 4699 1132 4766; x_wconf 88' lang='lat' dir='ltr'>proptor</span> <span class='ocrx_word' id='word_1_837' title='bbox 1148 4694 1194 4745; x_wconf 87' lang='lat' dir='ltr'>illa</span> <span class='ocrx_word' id='word_1_838' title='bbox 1211 4691 1325 4746; x_wconf 91' lang='lat' dir='ltr'>scilicet</span> <span class='ocrx_word' id='word_1_839' title='bbox 1341 4692 1454 4745; x_wconf 84' lang='lat' dir='ltr'>l‘aulini</span> <span class='ocrx_word' id='word_1_840' title='bbox 1471 4691 1580 4746; x_wconf 83' lang='lat' dir='ltr'>verim:</span> <span class='ocrx_word' id='word_1_841' title='bbox 1602 4692 1748 4748; x_wconf 66' lang='lat' dir='ltr'>«Necdiu</span> <span class='ocrx_word' id='word_1_842' title='bbox 1760 4693 1845 4749; x_wconf 89' lang='lat' dir='ltr'>elem.</span> 
     </span>
     <span class='ocr_line' id='line_1_124' title="bbox 1012 4763 1845 4834; baseline -0.001 -15"><span class='ocrx_word' id='word_1_843' title='bbox 1012 4782 1099 4820; x_wconf 85' lang='lat' dir='ltr'>mera.</span> <span class='ocrx_word' id='word_1_844' title='bbox 1117 4763 1304 4817; x_wconf 84' lang='lat' dir='ltr'>Theodosius</span> <span class='ocrx_word' id='word_1_845' title='bbox 1322 4763 1390 4832; x_wconf 87' lang='lat' dir='ltr'>imp.</span> <span class='ocrx_word' id='word_1_846' title='bbox 1407 4765 1556 4831; x_wconf 84' lang='lat' dir='ltr'>susceptis</span> <span class='ocrx_word' id='word_1_847' title='bbox 1569 4764 1638 4818; x_wconf 82' lang='lat' dir='ltr'>filiis</span> <span class='ocrx_word' id='word_1_848' title='bbox 1655 4764 1683 4818; x_wconf 89' lang='lat' dir='ltr'>in</span> <span class='ocrx_word' id='word_1_849' title='bbox 1700 4764 1845 4834; x_wconf 79' lang='lat' dir='ltr'>Ecclesia,</span> 
     </span>
     <span class='ocr_line' id='line_1_125' title="bbox 1014 4833 1848 4907; baseline -0.002 -15"><span class='ocrx_word' id='word_1_850' title='bbox 1014 4841 1042 4891; x_wconf 88' lang='lat' dir='ltr'>ct</span> <span class='ocrx_word' id='word_1_851' title='bbox 1056 4835 1170 4891; x_wconf 84' lang='lat' dir='ltr'>traditis</span> <span class='ocrx_word' id='word_1_852' title='bbox 1187 4833 1347 4900; x_wconf 75' lang='lat' dir='ltr'>Sacerdoti,</span> <span class='ocrx_word' id='word_1_853' title='bbox 1366 4837 1394 4887; x_wconf 94' lang='lat' dir='ltr'>ia</span> <span class='ocrx_word' id='word_1_854' title='bbox 1411 4835 1463 4886; x_wconf 87' lang='lat' dir='ltr'>hac</span> <span class='ocrx_word' id='word_1_855' title='bbox 1480 4833 1545 4888; x_wconf 89' lang='lat' dir='ltr'>luce</span> <span class='ocrx_word' id='word_1_856' title='bbox 1562 4835 1625 4889; x_wconf 87' lang='grc'><strong>11111.</strong></span> <span class='ocrx_word' id='word_1_857' title='bbox 1644 4837 1755 4907; x_wconf 74' lang='lat' dir='ltr'>uAtqui</span> <span class='ocrx_word' id='word_1_858' title='bbox 1770 4838 1848 4891; x_wconf 78' lang='lat' dir='ltr'>rcri-</span> 
     </span>
     <span class='ocr_line' id='line_1_126' title="bbox 1014 4905 1847 4978; baseline 0.002 -18"><span class='ocrx_word' id='word_1_859' title='bbox 1014 4907 1140 4960; x_wconf 85' lang='lat' dir='ltr'>similius</span> <span class='ocrx_word' id='word_1_860' title='bbox 1158 4911 1202 4958; x_wconf 89' lang='lat' dir='ltr'>est</span> <span class='ocrx_word' id='word_1_861' title='bbox 1217 4905 1386 4959; x_wconf 73' lang='lat' dir='ltr'>Stilironem</span> <span class='ocrx_word' id='word_1_862' title='bbox 1398 4906 1455 4957; x_wconf 74' lang='lat' dir='ltr'>illic</span> <span class='ocrx_word' id='word_1_863' title='bbox 1468 4906 1629 4975; x_wconf 72' lang='lat' dir='ltr'>designari,</span> <span class='ocrx_word' id='word_1_864' title='bbox 1642 4908 1749 4978; x_wconf 83' lang='lat' dir='ltr'>quippe</span> <span class='ocrx_word' id='word_1_865' title='bbox 1761 4924 1847 4978; x_wconf 91' lang='lat' dir='ltr'>quem</span> 
     </span>
     <span class='ocr_line' id='line_1_127' title="bbox 1016 4976 1845 5046; baseline -0.002 -14"><span class='ocrx_word' id='word_1_866' title='bbox 1016 4978 1203 5032; x_wconf 81' lang='lat' dir='ltr'>Tiumdosius</span> <span class='ocrx_word' id='word_1_867' title='bbox 1220 4976 1341 5029; x_wconf 86' lang='lat' dir='ltr'>llonorii</span> <span class='ocrx_word' id='word_1_868' title='bbox 1359 4992 1415 5029; x_wconf 90' lang='lat' dir='ltr'>nan</span> <span class='ocrx_word' id='word_1_869' title='bbox 1437 4977 1521 5031; x_wconf 70' lang='lat' dir='ltr'>niorto</span> <span class='ocrx_word' id='word_1_870' title='bbox 1538 4981 1662 5031; x_wconf 88' lang='lat' dir='ltr'>tutorem</span> <span class='ocrx_word' id='word_1_871' title='bbox 1678 4979 1845 5046; x_wconf 89' lang='lat' dir='ltr'>instituerit,</span> 
     </span>
     <span class='ocr_line' id='line_1_128' title="bbox 1019 5047 1848 5117; baseline -0.006 -12"><span class='ocrx_word' id='word_1_872' title='bbox 1019 5056 1049 5105; x_wconf 91' lang='lat' dir='ltr'>ut</span> <span class='ocrx_word' id='word_1_873' title='bbox 1066 5048 1239 5102; x_wconf 74' lang='lat' dir='ltr'>testitiratur</span> <span class='ocrx_word' id='word_1_874' title='bbox 1257 5047 1392 5101; x_wconf 85' lang='lat' dir='ltr'>Zozimus</span> <span class='ocrx_word' id='word_1_875' title='bbox 1411 5048 1461 5101; x_wconf 88' lang='lat' dir='ltr'>lib.</span> <span class='ocrx_word' id='word_1_876' title='bbox 1480 5065 1508 5100; x_wconf 82' lang='grc' dir='ltr'>ιν</span> <span class='ocrx_word' id='word_1_877' title='bbox 1532 5048 1622 5117; x_wconf 72' lang='lat' dir='ltr'>ilisa,</span> <span class='ocrx_word' id='word_1_878' title='bbox 1639 5066 1741 5104; x_wconf 91' lang='lat' dir='ltr'>verum</span> <span class='ocrx_word' id='word_1_879' title='bbox 1761 5049 1848 5103; x_wconf 90' lang='lat' dir='ltr'>etiam</span> 
     </span>
     <span class='ocr_line' id='line_1_129' title="bbox 1014 5119 1848 5193; baseline -0.005 -17"><span class='ocrx_word' id='word_1_880' title='bbox 1014 5121 1149 5193; x_wconf 86' lang='lat' dir='ltr'>ejusdem</span> <span class='ocrx_word' id='word_1_881' title='bbox 1164 5119 1307 5187; x_wconf 89' lang='lat' dir='ltr'>principis</span> <span class='ocrx_word' id='word_1_882' title='bbox 1324 5135 1459 5172; x_wconf 87' lang='lat' dir='ltr'>socerum</span> <span class='ocrx_word' id='word_1_883' title='bbox 1476 5120 1677 5186; x_wconf 71' lang='lat' dir='ltr'>destillaverit,</span> <span class='ocrx_word' id='word_1_884' title='bbox 1690 5120 1780 5173; x_wconf 78' lang='lat' dir='ltr'>illaria</span> <span class='ocrx_word' id='word_1_885' title='bbox 1795 5121 1848 5172; x_wconf 69' lang='lat' dir='ltr'>su·-</span> 
     </span>
     <span class='ocr_line' id='line_1_130' title="bbox 1014 5188 1849 5260; baseline -0.005 -14"><span class='ocrx_word' id='word_1_886' title='bbox 1014 5191 1121 5246; x_wconf 90' lang='lat' dir='ltr'>licoais</span> <span class='ocrx_word' id='word_1_887' title='bbox 1136 5190 1194 5243; x_wconf 81' lang='lat' dir='ltr'>filia</span> <span class='ocrx_word' id='word_1_888' title='bbox 1210 5189 1277 5242; x_wconf 88' lang='lat' dir='ltr'>lmic</span> <span class='ocrx_word' id='word_1_889' title='bbox 1292 5189 1350 5258; x_wconf 89' lang='lat' dir='ltr'>ipsi</span> <span class='ocrx_word' id='word_1_890' title='bbox 1367 5190 1497 5244; x_wconf 80' lang='lat' dir='ltr'>lionoris</span> <span class='ocrx_word' id='word_1_891' title='bbox 1509 5191 1698 5260; x_wconf 85' lang='lat' dir='ltr'>desponsata,</span> <span class='ocrx_word' id='word_1_892' title='bbox 1712 5188 1849 5260; x_wconf 79' lang='lat' dir='ltr'>‹pretend-</span> 
     </span>
     <span class='ocr_line' id='line_1_131' title="bbox 1015 5261 1845 5331; baseline -0.007 -14"><span class='ocrx_word' id='word_1_893' title='bbox 1015 5264 1131 5317; x_wconf 88' lang='lat' dir='ltr'>modam</span> <span class='ocrx_word' id='word_1_894' title='bbox 1153 5263 1181 5313; x_wconf 93' lang='grc'>111</span> <span class='ocrx_word' id='word_1_895' title='bbox 1198 5262 1350 5331; x_wconf 86' lang='lat' dir='ltr'>utriusque</span> <span class='ocrx_word' id='word_1_896' title='bbox 1367 5263 1554 5331; x_wconf 86' lang='lat' dir='ltr'>epithalamio</span> <span class='ocrx_word' id='word_1_897' title='bbox 1571 5261 1845 5314; x_wconf 75' lang='lat' dir='ltr'>cauittllaudianus,</span> 
     </span>
     <span class='ocr_line' id='line_1_132' title="bbox 1014 5330 1847 5399; baseline -0.005 -11"><span class='ocrx_word' id='word_1_898' title='bbox 1014 5333 1154 5399; x_wconf 81' lang='lat' dir='ltr'>Quaarvis</span> <span class='ocrx_word' id='word_1_899' title='bbox 1170 5338 1265 5385; x_wconf 86' lang='lat' dir='ltr'>autern</span> <span class='ocrx_word' id='word_1_900' title='bbox 1288 5332 1424 5386; x_wconf 84' lang='lat' dir='ltr'>llatiuum</span> <span class='ocrx_word' id='word_1_901' title='bbox 1442 5334 1557 5386; x_wconf 84' lang='lat' dir='ltr'>Arcadii</span> <span class='ocrx_word' id='word_1_902' title='bbox 1578 5337 1703 5386; x_wconf 88' lang='lat' dir='ltr'>tutorem</span> <span class='ocrx_word' id='word_1_903' title='bbox 1718 5347 1733 5382; x_wconf 88' lang='lat' dir='ltr'>a</span> <span class='ocrx_word' id='word_1_904' title='bbox 1750 5330 1847 5384; x_wconf 87' lang='lat' dir='ltr'>Theo-</span> 
     </span>
     <span class='ocr_line' id='line_1_133' title="bbox 1014 5399 1847 5463; baseline -0.006 -4"><span class='ocrx_word' id='word_1_905' title='bbox 1014 5406 1099 5459; x_wconf 89' lang='lat' dir='ltr'>dosio</span> <span class='ocrx_word' id='word_1_906' title='bbox 1116 5403 1296 5457; x_wconf 83' lang='lat' dir='ltr'>declaratum</span> <span class='ocrx_word' id='word_1_907' title='bbox 1312 5403 1459 5457; x_wconf 78' lang='lat' dir='ltr'>affirment</span> <span class='ocrx_word' id='word_1_908' title='bbox 1484 5404 1635 5463; x_wconf 82' lang='lat' dir='ltr'>tristorici;</span> <span class='ocrx_word' id='word_1_909' title='bbox 1657 5399 1729 5455; x_wconf 88' lang='lat' dir='ltr'>nihil</span> <span class='ocrx_word' id='word_1_910' title='bbox 1750 5404 1847 5455; x_wconf 89' lang='lat' dir='ltr'>tamen</span> 
     </span>
     <span class='ocr_line' id='line_1_134' title="bbox 1013 5471 1847 5545; baseline -0.005 -16"><span class='ocrx_word' id='word_1_911' title='bbox 1013 5480 1102 5543; x_wconf 90' lang='lat' dir='ltr'>vetat,</span> <span class='ocrx_word' id='word_1_912' title='bbox 1119 5475 1189 5545; x_wconf 86' lang='lat' dir='ltr'>quin</span> <span class='ocrx_word' id='word_1_913' title='bbox 1205 5474 1393 5529; x_wconf 86' lang='lat' dir='ltr'>&#39;llteodosius</span> <span class='ocrx_word' id='word_1_914' title='bbox 1409 5479 1564 5544; x_wconf 83' lang='lat' dir='ltr'>utrumque</span> <span class='ocrx_word' id='word_1_915' title='bbox 1584 5472 1674 5525; x_wconf 83' lang='lat' dir='ltr'>tilium</span> <span class='ocrx_word' id='word_1_916' title='bbox 1696 5471 1847 5526; x_wconf 85' lang='lat' dir='ltr'>Stilieoais</span> 
     </span>
     <span class='ocr_line' id='line_1_135' title="bbox 1014 5541 1846 5615; baseline -0.006 -13"><span class='ocrx_word' id='word_1_917' title='bbox 1014 5547 1083 5602; x_wconf 87' lang='lat' dir='ltr'>tldei</span> <span class='ocrx_word' id='word_1_918' title='bbox 1102 5546 1330 5615; x_wconf 83' lang='lat' dir='ltr'>caramendarct,</span> <span class='ocrx_word' id='word_1_919' title='bbox 1349 5552 1378 5600; x_wconf 87' lang='lat' dir='ltr'>ut</span> <span class='ocrx_word' id='word_1_920' title='bbox 1398 5545 1574 5599; x_wconf 87' lang='lat' dir='ltr'>Ambrosius</span> <span class='ocrx_word' id='word_1_921' title='bbox 1596 5542 1651 5595; x_wconf 89' lang='lat' dir='ltr'>boe</span> <span class='ocrx_word' id='word_1_922' title='bbox 1676 5541 1741 5596; x_wconf 90' lang='lat' dir='ltr'>loco</span> <span class='ocrx_word' id='word_1_923' title='bbox 1766 5542 1846 5611; x_wconf 88' lang='lat' dir='ltr'>dicit,</span> 
     </span>
     <span class='ocr_line' id='line_1_136' title="bbox 1015 5613 1849 5745; baseline -0.005 -71"><span class='ocrx_word' id='word_1_924' title='bbox 1015 5620 1045 5674; x_wconf 92' lang='lat' dir='ltr'>in</span> <span class='ocrx_word' id='word_1_925' title='bbox 1060 5634 1119 5745; x_wconf 50' lang='lat' dir='ltr'>guo</span> <span class='ocrx_word' id='word_1_926' title='bbox 1135 5619 1220 5672; x_wconf 90' lang='lat' dir='ltr'>etiam</span> <span class='ocrx_word' id='word_1_927' title='bbox 1235 5617 1277 5670; x_wconf 91' lang='lat' dir='ltr'>illi</span> <span class='ocrx_word' id='word_1_928' title='bbox 1293 5616 1472 5688; x_wconf 75' lang='lat' dir='ltr'>suffragatur</span> <span class='ocrx_word' id='word_1_929' title='bbox 1490 5617 1574 5684; x_wconf 86' lang='lat' dir='ltr'>poeta</span> <span class='ocrx_word' id='word_1_930' title='bbox 1594 5614 1700 5669; x_wconf 90' lang='lat' dir='ltr'>citatus</span> <span class='ocrx_word' id='word_1_931' title='bbox 1717 5613 1766 5670; x_wconf 90' lang='lat' dir='ltr'>lib.</span> <span class='ocrx_word' id='word_1_932' title='bbox 1783 5631 1804 5670; x_wconf 91' lang='grc' dir='ltr'>ιι</span> <span class='ocrx_word' id='word_1_933' title='bbox 1818 5614 1849 5670; x_wconf 90' lang='lat' dir='ltr'>in</span> 
     </span>
     <span class='ocr_line' id='line_1_137' title="bbox 1018 5687 1429 5746; baseline -0.015 0"><span class='ocrx_word' id='word_1_934' title='bbox 1018 5691 1064 5746; x_wconf 86' lang='lat' dir='ltr'>au</span> <span class='ocrx_word' id='word_1_935' title='bbox 1088 5705 1156 5744; x_wconf 90' lang='lat' dir='ltr'>num</span> <span class='ocrx_word' id='word_1_936' title='bbox 1173 5688 1256 5742; x_wconf 87' lang='lat' dir='ltr'>hisee</span> <span class='ocrx_word' id='word_1_937' title='bbox 1271 5687 1429 5741; x_wconf 87' lang='lat' dir='ltr'>versibus:</span> 
     </span>
    </p>

    <p class='ocr_par' dir='ltr' id='par_1_35' title="bbox 1078 5774 1751 5847">
     <span class='ocr_line' id='line_1_138' title="bbox 1078 5774 1751 5847; baseline -0.01 -20"><span class='ocrx_word' id='word_1_938' title='bbox 1078 5778 1190 5840; x_wconf 80' lang='lat' dir='ltr'>lamque</span> <span class='ocrx_word' id='word_1_939' title='bbox 1203 5777 1264 5833; x_wconf 91' lang='lat' dir='ltr'>tuis,</span> <span class='ocrx_word' id='word_1_940' title='bbox 1278 5776 1378 5834; x_wconf 77' lang='lat' dir='ltr'>Saitica,</span> <span class='ocrx_word' id='word_1_941' title='bbox 1397 5776 1512 5824; x_wconf 83' lang='lat' dir='ltr'>ltomana</span> <span class='ocrx_word' id='word_1_942' title='bbox 1525 5774 1645 5847; x_wconf 80' lang='lat' dir='ltr'>potentia</span> <span class='ocrx_word' id='word_1_943' title='bbox 1659 5777 1751 5830; x_wconf 63' lang='lat' dir='ltr'>curis,</span> 
     </span>
    </p>

    <p class='ocr_par' dir='ltr' id='par_1_36' title="bbox 1079 5836 1889 5898">
     <span class='ocr_line' id='line_1_139' title="bbox 1079 5836 1889 5898; baseline -0.02 -7"><span class='ocrx_word' id='word_1_944' title='bbox 1079 5842 1111 5892; x_wconf 87' lang='lat' dir='ltr'>Et</span> <span class='ocrx_word' id='word_1_945' title='bbox 1124 5853 1213 5889; x_wconf 82' lang='lat' dir='ltr'>rerum</span> <span class='ocrx_word' id='word_1_946' title='bbox 1226 5838 1392 5887; x_wconf 74' lang='lat' dir='ltr'>commissus</span> <span class='ocrx_word' id='word_1_947' title='bbox 1400 5851 1487 5898; x_wconf 64' lang='lat' dir='ltr'>apes:</span> <span class='ocrx_word' id='word_1_948' title='bbox 1495 5837 1553 5887; x_wconf 73' lang='lat' dir='ltr'>tabu</span> <span class='ocrx_word' id='word_1_949' title='bbox 1561 5836 1672 5886; x_wconf 67' lang='lat' dir='ltr'>caedua</span> <span class='ocrx_word' id='word_1_950' title='bbox 1680 5837 1808 5880; x_wconf 60' lang='lat' dir='ltr'>scutrum</span> <span class='ocrx_word' id='word_1_951' title='bbox 1884 5840 1889 5855; x_wconf 70' lang='lat'>¹</span> 
     </span>
    </p>

    <p class='ocr_par' dir='ltr' id='par_1_37' title="bbox 1080 5901 1437 5975">
     <span class='ocr_line' id='line_1_140' title="bbox 1080 5901 1437 5975; baseline -0.022 -14"><span class='ocrx_word' id='word_1_952' title='bbox 1080 5904 1204 5975; x_wconf 71' lang='lat' dir='ltr'>Utraque</span> <span class='ocrx_word' id='word_1_953' title='bbox 1217 5901 1365 5972; x_wconf 67' lang='lat' dir='ltr'>maiestas,</span> <span class='ocrx_word' id='word_1_954' title='bbox 1380 5904 1437 5953; x_wconf 75' lang='lat' dir='ltr'>aa.</span> 
     </span>
    </p>
   </div>
   <div class='ocr_carea' id='block_1_27' title="bbox 0 0 1974 6128">
    <p class='ocr_par' dir='ltr' id='par_1_38' title="bbox 0 0 1974 6128">
     <span class='ocr_line' id='line_1_141' title="bbox 0 0 1974 6128; baseline 0 0"><span class='ocrx_word' id='word_1_955' title='bbox 0 0 1974 6128; x_wconf 95' lang='lat' dir='ltr'> </span> 
     </span>
    </p>
   </div>
   <div class='ocr_carea' id='block_1_28' title="bbox 1744 5971 1792 6035">
    <p class='ocr_par' dir='ltr' id='par_1_39' title="bbox 1744 5971 1792 6035">
     <span class='ocr_line' id='line_1_142' title="bbox 1744 5971 1792 6035; baseline 0.083 -4"><span class='ocrx_word' id='word_1_956' title='bbox 1744 5971 1792 6035; x_wconf 59' lang='lat' dir='ltr'>A&amp;</span> 
     </span>
    </p>
   </div>
   <div class='ocr_carea' id='block_1_29' title="bbox 1734 6078 1917 6114">
    <p class='ocr_par' dir='ltr' id='par_1_40' title="bbox 1734 6078 1917 6114">
     <span class='ocr_line' id='line_1_143' title="bbox 1734 6078 1917 6114; baseline 0.005 -1"><span class='ocrx_word' id='word_1_957' title='bbox 1734 6078 1917 6114; x_wconf 54' lang='lat' dir='ltr'>„A</span> 
     </span>
    </p>
   </div>
  </div>
 </body>
</html>
