3900 6128
95 252 170 318 lusi
568 243 672 318 QUAE
692 242 737 304 IN
759 240 847 305 HOC
867 239 990 304 TOMO
1013 232 1337 304 nutriremus.
1738 236 1814 309 1622

95 447 480 512 constitutionislargitatisque
491 447 690 497 unitatemtuou
700 445 930 496 timendumtamen
984 441 1040 491 ritu
1064 440 1160 492 dieitur
1177 441 1326 492 adorandus
1351 457 1358 493 ι
1385 442 1456 505 quod
1478 442 1610 492 similibus
1636 441 1814 492 locutionibus

94 530 126 563 ex
141 512 318 564 eocousortio
341 510 538 573 praeiudicium
566 509 702 557 cumillud
717 522 764 558 nee
780 509 805 555 in
820 509 931 555 humana
985 504 1162 553 couilrmatur.
1728 566 1734 579 ,
1768 503 1816 554 825

98 574 423 626 amicitialocumhabcat.
439 568 933 634 Deniquehaneesseapostolicasildei
1012 566 1076 615 Cir.
1092 567 1147 614 xil.
1162 593 1194 603 -
1209 568 1247 614 Ex
1269 581 1299 614 eo
1322 565 1391 629 quod
1414 566 1439 614 iu
1464 567 1589 616 Trinitate
1606 567 1750 617 divinitatis
1771 566 1815 615 lu·

100 638 274 688 hereditatem
290 636 350 684 hinc
364 635 544 691 eoullrniatur,
567 632 638 694 quod
653 633 766 696 apostoli
783 632 934 680 scribantur
980 642 1045 685 cem,
1057 641 1135 689 quum
1150 629 1176 676 in
1191 628 1296 678 Christo
1321 636 1374 677 tres
1398 629 1509 691 apostoli
1524 631 1710 687 adoraverunt,
1725 630 1815 677 inesse

101 699 207 762 Spiritui
223 704 314 746 sancto
330 696 533 759 obtemperasse.
886 689 933 742 805
981 690 1078 740 Paulus
1100 691 1295 753 significaverit,
1317 690 1467 740 adorandus
1490 693 1566 739 etiem
1586 691 1702 753 Spiritus
1729 690 1815 740 decia·

128 760 233 808 LlDER
244 758 404 809 TERTIUS.
980 759 1060 801 ratur.
1086 751 1236 800 Ostenditur
1263 767 1295 800 ex
1322 753 1330 800 i
1351 754 1389 800 sis
1412 753 1501 800 verbis
1527 753 1656 826 Spiritum
1677 752 1812 817 designa·

127 822 191 870 Cir.
220 822 240 869 l.
264 847 296 856 -
320 821 378 869 Nou
408 824 507 868 tantum
533 821 674 881 prophetas
702 822 728 867 et
754 816 889 879 apostolos
918 827 932 862 a
980 813 1234 875 tumabApostolo.
1256 767 1383 875 Ejusdem
1398 813 1513 876 Spiritus
1534 815 1656 863 diviuitas
1671 814 1731 863 inde
1747 828 1812 877 pro·

96 883 197 946 Spiritu
222 886 338 937 missos,
364 881 549 930 verumetiam
573 880 668 929 Filium
691 880 736 928 Dei
758 879 885 927 Probatur
906 877 931 925 id
980 876 1064 930 batur,
1090 876 1159 937 quod
1183 876 1307 937 templum
1330 877 1430 931 habeat,
1449 877 1475 925 iu
1496 889 1549 938 quo
1570 890 1622 925 uon
1639 883 1667 925 ut
1686 876 1813 950 sacerdos

95 959 127 994 cx
151 946 228 1001 lsaia,
252 950 277 992 et
302 959 367 994 evan
388 944 474 992 elisiis
521 956 633 1004 uanique
648 939 932 990 obcausameumdcm
980 939 1093 997 habitet,
1118 937 1163 986 sed
1185 944 1213 986 ut
1236 939 1307 987 Deus
1332 950 1337 985 :
1363 952 1410 987 nee
1431 952 1484 987 uon
1507 951 1567 988 cum
1591 938 1665 988 Patre
1691 951 1722 987 ac
1745 937 1812 987 Filio

96 1007 226 1069 Spiritum
246 1006 314 1055 sicut
334 959 483 1055 cofirmbani
502 956 671 1053 aescendisse
687 1016 717 1052 no
738 1016 771 1052 eu
790 1016 819 1050 er
839 1001 930 1051 Chris·
979 999 1123 1059 adoretur,
1149 999 1218 1048 uude
1245 1001 1271 1049 iu
1295 999 1387 1048 iisdem
1413 1005 1513 1050 naturae
1536 1001 1623 1050 unitae
1647 1000 1811 1063 intelligitur.

97 1075 151 1117 tum
177 1081 281 1118 manere
309 1068 396 1119 Lucas
420 1068 569 1129 scripserit,
592 1066 741 1128 exponitur.
765 1016 864 1114 igehiuc
886 1077 931 1112 ea-
1764 1061 1813 1112 880

96 1131 156 1179 dem
180 1129 277 1180 Christi
302 1130 428 1179 missione
449 1129 618 1185 confirmata,
644 1126 739 1200 Filium
753 1138 780 1199 ¹u
808 1125 883 1199 Deire
907 1130 932 1174 et
1011 1140 1076 1190 Cn,
1097 1142 1165 1191 xm,
1183 1167 1215 1177 ..
1238 1141 1429 1203 ogquigngbu,
1451 1142 1604 1197 catholicos,
1619 1142 1681 1192 dum
1702 1141 1813 1205 gpjmgi

96 1193 192 1255 spiritu
205 1207 257 1241 ⁰0¹¹
272 1205 351 1240 ⁸00¹ss
365 1205 395 1241 ²0
411 1191 541 1253 Spiritum
553 1204 570 1239 ³
584 1188 659 1239 P¹²i⁶
672 1194 697 1237 0²
710 1186 777 1239 F¹¹¹⁰
792 1192 859 1236 ¹¹¹¹i¹¹
874 1187 930 1236 0⁰¹·
980 1205 1126 1253 attribuunt
1140 1203 1309 1257 divinitatem.
1333 1210 1386 1252 tres
1405 1205 1469 1253 deos
1488 1205 1621 1262 inducere,
1644 1208 1814 1267 retorquetur

94 1254 195 1318 lissiiffl'·
349 1316 373 1327 ,,
493 1315 498 1326 ,
661 1313 691 1324 ,,
818 1312 824 1323 ,
885 1248 932 1298 im
979 1264 1012 1313 ab
1026 1266 1092 1327 ipsis
1107 1265 1141 1314 ob
1160 1265 1276 1315 eamdem
1289 1278 1395 1315 causam
1409 1267 1498 1314 induci
1511 1267 1579 1315 duos
1598 1267 1663 1316 deos
1675 1267 1727 1315 uisi
1742 1266 1812 1315 diiii·

127 1316 192 1367 Css'·
215 1317 245 1364 Π·
270 1342 302 1353 ··
326 1315 420 1364 F¹l¹¹¹m
444 1315 552 1377 P0¹⁸¹¹¹d⁰
569 1325 601 1363 ³⁰
622 1312 750 1374 Si>lilium
768 1311 825 1359 diii
840 1323 846 1359 ²
863 1309 931 1360 ⁰⁰⁶0
980 1329 1086 1375 nitatem
1101 1327 1167 1377 Filio
1183 1329 1342 1391 negaverint.
1360 1328 1457 1378 Deinde
1472 1329 1616 1377 orthodoxa
1631 1327 1751 1378 doctrine
1765 1340 1814 1376 ex-

97 1392 150 1426 uou
166 1377 304 1439 subjectio,
326 1376 371 1426 sed
387 1390 438 1426 uua
452 1376 575 1425 divinitas
594 1375 746 1438 operatione
769 1372 931 1485 demonstppi

98 1447 148 1488 itlt'.

128 1503 193 1552 Cir.
211 1502 255 1551 lll.
275 1529 307 1539 —
324 1500 446 1549 Eamdem
462 1512 567 1562 quoque
584 1499 709 1548 unitatem
722 1496 783 1547 iude
796 1497 931 1570 cognosci,

97 1564 167 1627 quod
183 1563 300 1625 Spiritus
313 1563 412 1626 digitus
425 1563 535 1617 dicitnr,
550 1568 576 1610 et
591 1560 674 1610 Filius
688 1560 811 1617 dexteru
826 1560 932 1607 humaui

96 1627 164 1674 enim
192 1627 321 1674 sermonis
342 1624 529 1673 consuetudine
550 1623 639 1682 juravi
660 1622 808 1670 divinorum
835 1620 930 1669 intelli·

96 1689 217 1750 gentiam.
238 1687 294 1735 Hoc
308 1686 390 1749 digito
407 1687 520 1747 scriptas
546 1686 629 1732 inisse
646 1683 713 1746 legis
730 1683 849 1738 tabulas,
872 1695 931 1744 quin

96 1755 187 1811 postea
211 1751 299 1797 tractes
323 1753 394 1801 sunt,
419 1754 443 1795 et
464 1746 568 1821 quade
590 1740 692 1795 causei
712 1744 823 1806 denique
837 1743 931 1793 Chris·

97 1817 151 1859 tum
167 1811 309 1872 scripsisse
322 1809 412 1859 eodem
428 1809 528 1871 digito;
550 1823 597 1857 nec
612 1807 691 1856 uliam
706 1812 790 1855 tamen
806 1820 819 1854 e
834 1819 930 1868 eorpo-

98 1886 140 1920 ree
156 1874 349 1933 comparatione
364 1873 390 1919 in
405 1870 504 1932 Spiritu
524 1869 708 1919 admittendam
724 1881 782 1918 esse
796 1868 931 1979 inieriopii3

96 1941 183 1983 tatem.
917 1963 931 1978 .

129 1996 193 2044 Cir.
210 1995 253 2043 lV.
270 2021 301 2031 -
315 1996 448 2056 Scriptum
464 2000 599 2057 propterea
613 1992 684 2055 quod
699 1992 798 2056 digitus
812 1997 931 2047 vocatur,

98 2060 225 2105 minorem
241 2071 300 2105 esse
317 2058 543 2112 contendentibus,
559 2058 655 2121 regerit
668 2056 718 2103 hoc
731 2067 836 2129 quoque
848 2055 874 2102 in
890 2053 932 2102 Fi·

97 2120 141 2175 lii,
164 2121 208 2180 qui
234 2119 324 2167 dextra
349 2119 458 2173 dicitur,
485 2119 609 2181 injuriam
632 2121 759 2165 converti.
784 2115 847 2162 Haee
869 2127 931 2176 ergo

97 2182 202 2229 nomina
217 2194 269 2228 non
291 2181 342 2229 uisi
356 2181 388 2229 ed
404 2182 529 2231 unitatem
544 2178 688 2228 divinitatis
702 2174 846 2230 reserenda,
862 2173 932 2224 unde

97 2245 204 2304 Moyses
215 2247 296 2291 totam
311 2240 461 2291 Trinitatem
479 2243 506 2290 in
519 2242 599 2289 maris
614 2239 695 2288 Rubri
711 2237 825 2284 transitu
839 2237 933 2285 cecinit

96 2311 241 2367 operatum.
258 2305 312 2353 Nec
328 2318 390 2353 sane
405 2306 500 2352 mirum
522 2301 559 2350 ibi
578 2301 694 2363 Spiritus
718 2299 852 2346 exstitisse
868 2311 930 2361 ope·

97 2368 233 2421 rationem,
250 2367 294 2414 iibi
311 2367 435 2428 baptismi
450 2367 533 2437 ligura
547 2363 612 2417 iuit;
630 2359 759 2422 siquidem
775 2360 801 2408 in
815 2361 865 2409 hoc
880 2365 932 2409 tres

95 2440 225 2490 personae
240 2442 271 2475 ex
286 2440 362 2488 reque
377 2439 487 2489 operari,
503 2424 717 2486 sanctificareque
730 2422 866 2484 Scriptura
881 2423 932 2534 {ps

95 2495 144 2537 cet.

129 2551 193 2599 Cir.
208 2550 240 2596 V.
255 2575 288 2586 -
305 2547 412 2613 Colligit
428 2552 543 2610 coeptum
558 2552 750 2611 argumentum.
766 2551 791 2595 et
807 2547 932 2595 unitatem

97 2627 144 2675 per
164 2612 276 2675 digitum
297 2617 375 2673 etque
398 2611 530 2659 dexterum
545 2610 689 2674 signitlcari
708 2609 767 2658 inde
785 2609 931 2664 confirmet,

96 2674 166 2736 quod
182 2674 297 2722 eamdem
312 2686 391 2736 opera
407 2674 453 2722 Dei
464 2673 525 2728 sint,
538 2686 596 2734 que
608 2676 669 2720 sunt
679 2683 819 2731 manuum;
835 2676 860 2719 et
873 2683 932 2733 quui

96 2749 230 2794 manuum,
248 2734 335 2783 cadem
351 2737 428 2783 etiam
442 2735 496 2784 sint
510 2732 653 2800 digitorum
672 2745 678 2781 :
698 2746 728 2783 ec
743 2733 845 2782 demum
861 2731 931 2794 quod

96 2812 189 2847 inaniis
207 2797 271 2846 Filio
287 2802 310 2845 et
326 2797 436 2860 Spiritui
456 2797 562 2860 perinde
576 2797 722 2853 conveniat,
737 2808 767 2845 ae
784 2795 901 2906 Spiritu}³
902 2801 932 2906 1ιὲ

96 2859 162 2909 Filio
178 2860 285 2968 digitus.

126 2922 192 2970 Cir.
232 2923 254 2970 l.
272 2947 304 2957 -
319 2921 445 2984 Spiritum
460 2921 568 2984 perinde
581 2933 613 2970 ac
628 2919 729 2969 Patrem
744 2924 768 2968 et
784 2919 878 2969 Filium
891 2932 932 2968 ar·

96 2997 176 3047 gnere
187 3000 193 3039 ;
210 2984 263 3031 imo
277 2997 341 3032 vero
354 2984 474 3045 judicare
488 2997 540 3032 non
551 2997 631 3045 posse
639 2982 743 3043 iudices
754 2982 853 3043 absque
863 2983 931 3043 ipso,

96 3052 125 3093 ut
139 3046 289 3094 Salomonis
304 3045 470 3108 Danielisque
480 3045 599 3106 iudiciis,
612 3057 671 3105 quio
685 3045 771 3092 obiter
785 3044 877 3106 paucis
889 3056 932 3092 ex-

96 3106 234 3169 plicantur,
258 3107 422 3166 ostenditur;
450 3119 533 3168 neque
554 3107 635 3154 elium
658 3104 760 3154 Danieli
781 3106 930 3168 aspirasse,

97 3181 176 3228 quam
192 3168 317 3275 Spiritum
334 3174 461 3218 sanctum,
885 3165 932 3217 sle

128 3230 193 3277 Cir.
227 3230 269 3277 'lt
295 3256 326 3265 -
351 3229 445 3278 Filium
469 3229 555 3292 ipsum
575 3243 628 3277 non
642 3228 762 3290 judicare
781 3234 827 3278 uui
840 3229 930 3278 vindi·

97 3304 156 3339 care
181 3292 236 3339 eine
260 3291 382 3353 Spiritu;
403 3291 474 3340 unde
498 3291 565 3340 idem
587 3291 703 3353 Spiritus
726 3291 806 3340 Verbi
816 3291 932 3394 qgladius

96 3368 111 3401 e
132 3351 252 3415 pellatur.
267 3352 317 3401 Sed
330 3365 389 3401 cum
412 3353 533 3402 vicissim
549 3354 665 3402 Verbum
691 3352 794 3402 dicatur
817 3382 831 3402 ι
855 3355 932 3403 tritus

97 3369 210 3487 giudice,
222 3428 351 3463 sumniam
361 3415 387 3462 iu
399 3420 511 3476 utroque
521 3417 645 3478 potentie
654 3416 780 3464 unitatem
795 3415 823 3464 in
843 3430 856 3464 e
871 3428 932 3528 eog-

99 3490 182 3523 nosci.

127 3538 193 3587 Cir.
216 3537 286 3586 t'lll.
311 3564 343 3574 -
367 3538 520 3588 Praedictum
543 3539 667 3588 unitatem
681 3552 712 3588 eo
729 3539 847 3602 probari,
862 3540 931 3650 guod

97 3601 165 3648 sicut
184 3600 267 3658 l’ater,
286 3601 320 3648 ita
340 3602 416 3648 etiam
441 3601 523 3649 Filius
544 3602 695 3651 contristari
712 3615 743 3650 ac
758 3604 851 3650 tentari
873 3616 887 3649 e
907 3601 931 3649 i·

96 3667 147 3709 tur.
165 3663 303 3709 Tentatum
318 3664 394 3711 etiam
411 3662 507 3711 Filium
524 3664 549 3711 in
570 3665 690 3719 deserto,
708 3663 752 3712 ubi
776 3668 860 3712 erecta
912 3663 932 3711 it

97 3725 122 3772 in
141 3737 208 3771 icrco
224 3731 344 3785 serpente
364 3728 448 3788 ligura
469 3726 582 3774 crucis:
606 3725 651 3773 sed
677 3725 695 3774 S
716 3726 803 3776 iritum
827 3738 932 3788 quoque

97 3785 191 3833 ibidem
207 3792 332 3834 tentatum
349 3786 401 3835 dici
414 3787 447 3835 eb
462 3786 599 3849 apostolo.
616 3788 682 3836 ilinc
697 3738 830 3836 israelitas
844 3787 877 3835 ab
890 3801 931 3837 eo·

96 3847 153 3894 dein
168 3847 267 3908 Spiritu
282 3848 395 3896 directos
408 3850 540 3897 interram
553 3851 720 3911 promissam,
736 3850 839 3911 ipsique
853 3862 932 3899 unam

96 3922 163 4018 pesp)
171 3923 230 3981 cuin
247 3908 321 3957 Patre
335 3916 361 3958 et
375 3909 441 3959 Filio
458 3910 618 3960 voluntatem
632 3925 662 3960 ac
676 3913 818 3974 potentiam
832 3910 932 3975 colligit

121 3985 145 4018 iii
165 3984 262 4019 rusius.

127 4032 192 4081 Cir.
215 4033 256 4080 lli.
272 4032 443 4095 —Spiritum
458 4041 577 4083 sanctum
596 4035 747 4085 exacerbari
760 4036 932 4085 conitrmatur

96 4109 127 4142 ex
145 4094 213 4143 Petri
227 4096 333 4154 verbis,
350 4097 394 4143 ubi
409 4110 490 4145 unum
512 4102 538 4145 et
558 4099 626 4146 idem
644 4112 703 4146 esse
725 4097 852 4159 Spiritum
871 4094 929 4155 Dei,

95 4170 125 4204 ac
140 4156 265 4218 Spiritum
283 4158 394 4212 Domini,
406 4172 465 4207 cnm
480 4174 510 4206 cx
526 4160 585 4208 aliis
600 4159 676 4216 ioris,
692 4166 746 4207 tum
761 4174 775 4207 e
789 4165 931 4208 memorato

96 4219 216 4277 ejusdcm
238 4219 352 4280 apostoli
374 4223 501 4269 sententia
528 4221 554 4270 iu
583 4223 710 4271 Ananiam
736 4235 766 4270 ac
794 4222 930 4284 Saphiram

98 4281 244 4327 ostenditur
259 4293 266 4327 :
281 4281 349 4329 unde
364 4280 479 4344 Spiritus
501 4285 587 4332 saneti
599 4283 641 4331 vel
655 4297 714 4332 cum
730 4283 805 4332 Patre
819 4297 849 4332 ac
865 4282 930 4332 Filio

96 4341 318 4448 popjnuetioncm,
333 4342 375 4392 vel
389 4346 523 4406 propriam
539 4346 699 4394 divinitatem
718 4346 803 4395 evinci
819 4351 930 4457 contgpi

117 4415 177 4449 ιιι.

127 4462 193 4512 Cir.
209 4465 238 4512 li.
253 4491 285 4501 -—
299 4467 413 4530 Spiritus
428 4470 511 4517 sancti
530 4469 690 4519 divinitatem
703 4470 787 4521 astrui
801 4483 833 4518 ex
847 4470 929 4518 ioan-

96 4526 138 4572 nis
152 4525 218 4572 leco.
236 4527 311 4576 Hunc
326 4530 430 4590 quidem
444 4530 573 4580 delectum
596 4533 679 4581 inisse
692 4535 725 4582 ab
748 4533 887 4588 hereticis,
905 4537 931 4580 ιι

97 4587 168 4634 inani
189 4595 283 4636 conatu
304 4603 363 4638 cuin
384 4592 444 4639 inde
465 4594 566 4641 iacilius
581 4607 671 4642 eorum
685 4595 794 4657 pertidia
808 4594 931 4643 convinci

96 4650 189 4709 possit.
212 4649 244 4698 Ut
266 4653 419 4701 ostendatur
435 4654 476 4701 hic
499 4655 566 4703 idem
590 4654 664 4704 locus
685 4670 745 4705 csse
767 4656 799 4704 do
820 4656 929 4718 Spiritu,

95 4717 233 4759 contextus
261 4715 344 4762 series
371 4717 536 4777 expenditur.
566 4718 630 4765 Eum
656 4718 688 4766 de
717 4718 819 4781 Spiritu
838 4722 929 4767 sancto

96 4775 177 4829 nasci,
193 4775 237 4834 qui
253 4777 402 4825 renascitur
422 4778 453 4825 de
475 4779 564 4826 eodem
586 4778 697 4841 Spiritu,
713 4781 745 4828 dc
759 4792 812 4841 quo
836 4778 929 4828 Chris-

96 4840 138 4882 tus
159 4837 215 4896 ipse
236 4843 313 4885 uatus
331 4852 362 4887 ac
379 4844 485 4888 renatus
509 4840 633 4889 creditur.
660 4844 755 4891 lterum
775 4855 805 4889 ex
826 4841 930 4896 duobus

94 4896 205 4943 ioannis
222 4901 377 4948 testimoniis
396 4900 527 4965 colligitur
544 4902 659 4963 Spiritus
683 4904 817 4957 divinitas.
838 4916 868 4951 ac
882 4904 929 4951 de·

95 4969 165 5003 mum
181 4960 311 5018 quomodo
326 4961 451 5023 Spiritus,
466 4977 533 5025 equa
543 4970 567 5012 et
581 4966 691 5030 sanguis
705 4972 786 5015 testes
800 4966 929 5076 ιιίιιιιιιιίιξἑ

141 5093 191 5149 ιιι.
214 5081 256 5129 ill.
280 5109 311 5118 -
334 5084 512 5146 objiciebatur
533 5089 644 5138 ioannis
668 5090 763 5147 verba,
786 5089 928 5148 nimirum,

95 5140 219 5203 Spiritus
241 5149 283 5192 est
306 5143 389 5203 Deus,
411 5149 443 5197 ad
468 5150 550 5199 Deum
573 5151 675 5201 Patrem
696 5153 830 5201 reserenda
852 5164 928 5212 esse3

95 5202 198 5274 qnando
214 5211 304 5265 postea
320 5207 402 5256 Deum
414 5211 575 5261 adoraudum
596 5213 625 5261 in
645 5213 752 5277 Spiritu
774 5219 799 5263 et
818 5213 929 5264 veritate

95 5264 212 5326 prieslicit
226 5266 356 5317 Christus.
376 5271 558 5333 Respondetur
573 5277 656 5347 primo
672 5277 728 5324 vice
745 5275 765 5325 S
786 5275 869 5325 iritus
886 5277 928 5324 iu·

93 5327 194 5373 terdum
208 5329 318 5399 gratiam
335 5331 496 5392 spiritualem
510 5336 654 5399 signiticari
669 5350 675 5385 :
691 5339 750 5386 dein
770 5339 819 5387 esi
834 5351 928 5401 perso·

93 5401 152 5461 nani
168 5388 284 5450 Spiritus
303 5393 387 5440 sancti
402 5407 448 5467 per
470 5409 550 5445 voces
567 5397 595 5446 iu
611 5398 719 5462 Spiritu
735 5400 930 5463 intelligendam

93 5450 175 5522 velint
191 5456 380 5515 proptereaque
403 5457 454 5518 ipsi
470 5457 560 5507 deberi
579 5468 674 5524 negent
688 5463 866 5512 adorationem
882 5476 929 5511 os-

94 5512 210 5561 tenditur
232 5521 415 5578 argumentum
437 5532 511 5580 seque
527 5533 645 5585 pugnare
666 5523 693 5573 in
716 5524 834 5573 Filium:
852 5536 929 5587 quein

94 5577 255 5647 tamencum
273 5577 436 5628 adoraudum
456 5582 591 5632 innumera
611 5586 723 5648 probent
736 5585 854 5648 exempla
869 5586 929 5635 hine

94 5633 126 5681 de
148 5633 245 5708 Spiritu
271 5651 375 5712 qnoque
399 5641 467 5691 idem
490 5647 660 5697 statuendum
677 5648 839 5714 intelligitur.
862 5646 929 5706 Quid

94 5694 198 5767 adortri
222 5703 374 5764 precipitur
403 5705 546 5756 scabellum
566 5710 684 5771 pedum?
713 5710 770 5760 lloc
797 5708 930 5775 designari

95 5755 200 5807 Domini
213 5772 310 5824 corpus
321 5764 401 5827 cuius
416 5779 476 5816 cum
486 5774 579 5819 auctor
594 5772 628 5820 sit
642 5770 768 5847 Spiritus,
783 5772 871 5847 ipsum
884 5784 930 5823 ss·

95 5817 184 5880 quitur
197 5817 357 5875 adeundum
370 5840 437 5890 esse,
457 5843 507 5900 usq
517 5836 603 5882 tamen
617 5834 727 5899 proinde
741 5834 849 5886 itariam
862 5833 930 5885 ado·

95 5879 214 5931 rendam.
233 5881 292 5934 Nou
315 5901 379 5954 ergo
398 5892 521 5959 abrogari
540 5893 656 5959 Spiritus
671 5896 867 5957 adorationem,
882 5894 930 5948 sed

95 5941 155 6010 iii·
166 5955 227 5999 Μ
242 5942 318 6008 ΡΜ
330 5951 542 6022 estimationem
551 5958 661 6032 exprimi
671 5972 732 6017 tuni
744 5961 820 6019 Pater
828 5960 859 6019 iu
867 5956 932 6038 Spi-

95 5019 242 5126 exponitur.

902 3974 932 4023 19
980 4000 1073 4035 nomeu
1089 4000 1217 4050 usurpare
1234 3987 1452 4046 Christianorum,
1466 3990 1489 4037 si

1011 1451 1075 1499 Cir.
1092 1451 1160 1500 xlv.
1176 1478 1208 1488 -
1224 1451 1321 1500 Preter
1335 1452 1472 1514 superiore
1486 1453 1643 1511 testimonie,
1661 1453 1727 1502 alios
1741 1451 1816 1501 locos

979 1512 1011 1561 ed
1026 1513 1190 1575 probandum
1206 1514 1283 1562 trium
1294 1526 1469 1576 personarum
1479 1515 1616 1577 imperium
1625 1515 1713 1564 aiterri
1723 1526 1814 1577 posse.

980 1575 1133 1623 Alteruntur
1146 1575 1198 1624 duo
1210 1590 1242 1624 cx
1258 1575 1376 1636 epistolis
1389 1577 1420 1625 ad
1436 1577 1591 1633 Thessalou,
1607 1581 1632 1624 et
1646 1576 1738 1625 iisdem
1753 1574 1815 1638 Spi-

979 1637 1040 1684 ritui
1053 1636 1214 1685 dominatum
1230 1639 1298 1685 sicut
1313 1642 1337 1685 et
1350 1638 1408 1686 aliis
1422 1641 1544 1701 personis
1564 1639 1692 1703 arrogari,
1706 1639 1818 1688 aliorum

980 1698 1124 1759 Scripturas
1145 1704 1262 1747 textuum
1281 1699 1418 1748 collatione
1437 1701 1591 1748 ostenditur.
1610 1701 1719 1748 Demum
1739 1701 1817 1749 citato

979 1759 1029 1808 alio
1045 1773 1075 1806 ex
1090 1759 1170 1809 altera
1183 1761 1215 1808 ad
1231 1761 1352 1817 Corinth,
1365 1762 1449 1809 adhuc
1462 1763 1630 1823 expressiore
1643 1761 1710 1819 loco,
1724 1768 1748 1809 et
1762 1762 1817 1810 Do·

979 1822 1077 1869 minum
1094 1822 1223 1883 Spiritum
1239 1836 1307 1879 esse,
1321 1828 1345 1870 et
1360 1824 1404 1871 ubi
1419 1825 1454 1871 sit
1468 1823 1606 1880 Dominus,
1618 1822 1744 1884 Spiritum
1759 1837 1818 1934 ⁰533

1010 1945 1074 1994 Cir.
1083 1945 1366 2008 1V.··EtsiSpiritus
1375 1946 1502 1994 Dominus
1513 1945 1818 2009 appelletur,trestamcu

979 2007 1108 2055 Doniinos
1119 2008 1180 2054 hinc
1195 2021 1247 2055 uon
1264 2007 1361 2063 induci,
1377 2021 1436 2056 cum
1448 2022 1479 2055 cx
1494 2023 1524 2056 eo
1538 2007 1607 2069 quod
1621 2007 1705 2056 Filius
1716 2022 1768 2056 nou
1780 2023 1818 2057 se·

979 2082 1027 2116 cus
1038 2081 1069 2116 ac
1080 2068 1156 2115 Pater
1164 2070 1189 2114 iu
1203 2070 1284 2115 variis
1295 2069 1439 2130 Scripturas
1449 2070 1514 2117 locis
1524 2069 1653 2117 Dominus
1664 2070 1817 2132 appellatur,

980 2141 1032 2176 nou
1047 2128 1207 2176 iuducuntur
1221 2129 1273 2177 duo
1285 2129 1404 2187 hominm
1418 2129 1621 2177 dominationem
1636 2131 1740 2179 enimin
1752 2130 1817 2180 divi-

980 2191 1059 2237 nitate
1081 2202 1149 2244 esse,
1167 2194 1192 2235 et
1215 2189 1240 2236 iu
1264 2189 1439 2238 dominatione
1458 2191 1628 2247 divinitatem,
1650 2205 1709 2253 qniu
1731 2191 1817 2243 tribus

980 2250 1102 2314 personis
1116 2250 1250 2298 indivisim
1269 2256 1423 2315 congruant.

1011 2312 1076 2362 Cir.
1093 2313 1161 2361 XVI.
1176 2338 1208 2348 -
1222 2312 1323 2361 Patrem
1340 2320 1459 2362 sanctum
1472 2327 1540 2372 esee.
1552 2329 1581 2366 ac
1591 2315 1710 2366 similiter
1720 2314 1816 2364 Filium

979 2380 1004 2423 et
1027 2374 1166 2438 Spiritum,
1183 2382 1260 2434 atque
1281 2376 1341 2424 binc
1359 2377 1469 2438 trisagio
1493 2377 1582 2426 eodem
1604 2377 1749 2429 celebrari:
1767 2388 1816 2427 uec

980 2450 1060 2499 posse
1074 2450 1088 2485 ι
1104 2437 1180 2484 nohis
1193 2437 1275 2485 Deum
1293 2438 1429 2500 predicari
1444 2439 1549 2502 dignius
1566 2452 1644 2502 quam
1658 2440 1684 2488 sl
1698 2438 1817 2489 eumdem

980 2504 1100 2547 sanctum
1124 2500 1262 2559 dicamus;
1285 2500 1353 2548 uude
1368 2500 1465 2548 clarum
1481 2501 1512 2549 ui
1526 2500 1635 2565 Spiritui
1654 2508 1746 2550 sancto
1763 2512 1817 2550 nou

979 2560 1168 2624 derogandum.
1190 2561 1279 2610 Eidem
1301 2563 1390 2609 inesse
1411 2564 1497 2611 omnia
1518 2577 1576 2625 quie
1598 2565 1646 2614 Dei
1662 2569 1733 2622 sunt,
1756 2576 1817 2613 cum

980 2623 1007 2671 iu
1026 2623 1180 2685 baptismate
1199 2636 1249 2672 uua
1268 2637 1327 2672 cum
1345 2624 1419 2672 Patre
1436 2630 1460 2672 et
1478 2624 1543 2674 Filio
1568 2628 1725 2683 nominetur,
1741 2626 1816 2688 eique

981 2685 1055 2733 Pater
1069 2685 1168 2734 dederit
1182 2685 1251 2746 quod
1263 2685 1349 2748 majus
1359 2685 1480 2735 omnibus
1491 2693 1543 2745 est,
1557 2701 1603 2736 nec
1614 2688 1754 2750 quisquam
1765 2688 1817 2751 ipsi

979 2747 1064 2796 valeat
1080 2749 1186 2809 eripere.
1204 2749 1286 2810 igilur
1296 2764 1310 2796 e
1320 2747 1378 2796 loco
1388 2749 1499 2797 ioannis
1509 2750 1579 2798 unde
1589 2750 1743 2799 calumniam
1754 2762 1818 2799 eou-

979 2809 1075 2857 llabaut
1095 2809 1218 2864 hieretici,
1234 2809 1368 2858 Trinitatis
1382 2810 1553 2873 equalitatem
1572 2813 1749 2874 unitatemque
1767 2825 1814 2862 as-

980 2872 1031 2919 trui
1045 2872 1158 2920 deitatis.
1175 2871 1290 2919 Tandem
1303 2873 1348 2921 ubi
1362 2874 1509 2934 expositum
1523 2879 1563 2922 est
1592 2888 1625 2923 uo
1640 2880 1716 2937 pacto
1730 2873 1814 2923 Filius

979 2946 993 2981 u
1013 2934 1089 2981 Patre
1109 2933 1228 2995 accipiat,
1246 2934 1463 2995 quemadmodum
1484 2937 1563 2986 citato
1574 2890 1642 2986 tioco
1660 2937 1817 3001 jugulentur

979 2995 1047 3043 varii
1058 2996 1184 3054 heretici,
1199 2998 1323 3057 aperitur.
1769 2996 1818 3049 ΘΜ

1010 3056 1076 3105 Cir.
1093 3057 1172 3107 XVII.
1188 3082 1219 3093 -
1234 3057 1283 3106 Ubi
1298 3058 1330 3106 ad
1348 3057 1543 3122 intelligentiam
1557 3060 1699 3109 verborum
1713 3059 1817 3109 Domini

978 3118 1045 3175 loce,
1060 3120 1086 3167 iu
1101 3119 1197 3181 quibus
1211 3120 1291 3168 verba
1307 3119 1349 3168 illa
1363 3120 1432 3169 dicta
1449 3122 1557 3178 inerint,
1575 3122 1670 3183 juvare
1691 3118 1816 3184 exemplis

980 3181 1093 3230 ostendit
1109 3181 1276 3231 Ambrosius.
1292 3182 1423 3231 Christum
1441 3184 1596 3232 seutentiam
1611 3197 1643 3231 ex
1660 3184 1762 3233 ieanue
1776 3184 1817 3232 ci·

978 3247 1057 3291 tutam
1072 3243 1189 3292 locutum
1204 3257 1263 3292 esse
1280 3244 1306 3291 iu
1321 3245 1424 3307 porticu
1442 3244 1601 3304 Salomonis,
1617 3260 1663 3308 per
1680 3259 1756 3308 quam
1769 3258 1816 3295 su·

979 3306 1074 3367 pieutis
1088 3307 1174 3353 anima
1188 3305 1359 3368 significatur,
1376 3306 1460 3361 docet,
1473 3320 1532 3355 euni
1547 3308 1615 3356 euim
1627 3309 1682 3357 heic
1696 3309 1722 3356 in
1737 3305 1816 3357 eorde

979 3367 1053 3415 stulti
1067 3373 1111 3415 aut
1125 3367 1268 3416 turbulenti
1282 3381 1313 3416 ue
1333 3376 1359 3416 at
1369 3369 1632 3431 iuisseprolalurum,
1643 3375 1668 3418 ct
1681 3370 1815 3432 quamob-

979 3442 1042 3477 rem.
1060 3429 1140 3478 Audit
1154 3431 1187 3478 ab
1199 3430 1234 3478 iis
1248 3430 1293 3491 qui
1326 3430 1384 3478 deni
1404 3444 1455 3479 nou
1476 3431 1588 3479 habeant
1606 3431 1697 3480 iisdem
1716 3431 1814 3481 verbis.

979 1390 1093 1451 ponitur.

979 1884 1119 1945 colligitur.

915 3477 931 3526 9
979 3490 1114 3540 Christum
1134 3491 1261 3554 lapidari:
1281 3499 1306 3541 et
1326 3493 1544 3553 quemadmodum
1565 3494 1657 3551 Petro,
1679 3494 1749 3555 quod
1773 3492 1816 3542 ilii

980 3554 1015 3602 sit
1031 3555 1183 3612 couiessus,
1202 3553 1289 3602 claves
1305 3553 1364 3602 coeli
1381 3554 1446 3603 datm
1463 3557 1583 3612 luerunt,
1605 3557 1638 3603 ita
1656 3557 1815 3614 iscariotem,

979 3616 1050 3676 quod
1069 3617 1124 3664 hec
1146 3616 1203 3688 ipsa
1225 3629 1277 3664 non
1298 3616 1438 3665 crediderit
1457 3617 1523 3665 male
1543 3618 1664 3679 periisse.
1683 3617 1732 3666 Per
1749 3619 1817 3667 huuc

980 3678 1144 3727 occasionem
1159 3691 1185 3725 in
1199 3677 1309 3726 iudaeos
1323 3680 1367 3740 qui
1383 3678 1429 3727 Dei
1445 3678 1539 3727 Filium
1550 3684 1673 3736 emerant,
1684 3693 1715 3728 ac
1726 3679 1816 3728 vendi·

979 3739 1071 3787 demut
1097 3740 1241 3802 iosepbum
1267 3739 1408 3788 invehitur.
1436 3739 1545 3803 Mystice
1570 3743 1709 3803 utriusque
1733 3742 1817 3804 pretia

980 3802 1110 3857 edisserit,
1124 3815 1154 3849 ac
1169 3813 1303 3850 murmure
1313 3802 1457 3865 proditoris
1471 3802 1502 3851 de
1512 3810 1645 3867 unguento
1658 3802 1816 3867 Magdaleuas

980 3863 1067 3911 eadem
1085 3865 1183 3911 ratione
1197 3865 1327 3925 exposito,
1344 3865 1452 3937 subjicit
1466 3863 1515 3912 alio
1532 3866 1609 3914 modo
1621 3866 1749 3915 Christum
1765 3866 1816 3915 emi

979 3925 1011 3973 ab
1027 3926 1164 3981 hereticis,
1182 3925 1231 3974 alio
1248 3938 1263 3973 a
1282 3925 1425 3984 catholicis,
1444 3925 1554 4038 ἰΙΙοιὲιιι
1573 3929 1665 3989 nequic
1685 3941 1745 3977 uum
1764 3928 1816 3977 eibi

999 4050 1004 4060 .
1525 3990 1663 4053 piritume
1701 3996 1756 4039 stre
1773 3990 1816 4039 di-

979 4050 1099 4097 viserint.
1767 4051 1817 4103 888

1011 4120 1075 4169 Cir.
1092 4120 1184 4171 xviii.
1199 4146 1231 4157 -
1244 4120 1362 4185 Spiritus
1381 4123 1466 4171 sancti
1484 4122 1643 4172 divinitatem
1661 4137 1692 4171 ex
1710 4123 1743 4171 iis
1758 4134 1818 4185 quus

978 4183 1106 4231 hactenus
1128 4183 1232 4247 disputa
1252 4190 1322 4237 sunt,
1341 4185 1555 4243 confirmaturus,
1577 4184 1702 4233 nonnulla
1723 4186 1818 4234 iterum

979 4245 1113 4293 tractanda
1129 4246 1217 4303 sumit,
1235 4246 1360 4295 nimirum
1379 4252 1482 4309 peccata
1499 4260 1557 4295 eum
1577 4259 1629 4295 non
1646 4246 1750 4303 habere,
1769 4246 1832 4311 sed¹

979 4307 1144 4354 condonare:
1164 4312 1309 4357 creaturam
1325 4321 1377 4358 uon
1392 4321 1461 4368 esse,
1476 4308 1522 4357 sed
1543 4314 1706 4358 creatorem:
1723 4321 1754 4358 ac
1767 4307 1816 4356 de-

979 4381 1049 4416 mum
1064 4381 1115 4416 nou
1130 4369 1239 4417 adorare
1255 4369 1302 4417 sed
1320 4369 1432 4418 adorari.
1768 4369 1815 4420 Sit

1010 4431 1074 4479 Cir.
1090 4431 1154 4479 xlx.
1169 4456 1201 4465 -
1216 4432 1253 4479 Ex
1267 4443 1297 4479 eo
1313 4432 1384 4492 quod
1399 4444 1479 4494 supra
1513 4430 1632 4481 robatum
1649 4435 1674 4480 ei
1691 4430 1817 4495 Spiritum

978 4506 1082 4540 manere
1103 4499 1129 4540 et
1150 4491 1221 4554 loqui
1246 4493 1271 4541 in
1293 4494 1441 4555 prophetis,
1464 4446 1564 4557 eoiiigit
1585 4495 1617 4543 ab
1639 4507 1669 4542 eo
1690 4494 1818 4558 cognosci

979 4556 1073 4615 omnia,
1091 4567 1149 4617 quio
1163 4554 1210 4602 Dei
1225 4559 1302 4612 suut;
1320 4561 1397 4665 aigne
1413 4555 1478 4604 adeo
1494 4568 1575 4604 uuum
1591 4569 1650 4604 esse
1667 4568 1726 4605 eum
1742 4555 1818 4604 Patre

979 4623 1004 4665 et
1020 4617 1095 4667 Filio.
1113 4617 1169 4666 Hoc
1184 4617 1271 4680 ipsum
1286 4619 1345 4664 exin
1366 4618 1483 4665 eiterum
1497 4618 1632 4665 ronilrmat
1644 4618 1715 4679 quod
1731 4618 1817 4668 omnia

978 4680 1054 4728 babet
1070 4693 1128 4741 quio
1145 4680 1221 4727 habet
1238 4679 1317 4736 Deus,
1339 4693 1429 4742 nempe
1449 4679 1618 4736 divinitatem,
1636 4679 1726 4729 cordis
1748 4692 1815 4745 cog·

979 4742 1114 4799 uitionem,
1129 4741 1273 4799 veritatem,
1290 4754 1384 4790 nomen
1400 4755 1480 4804 super
1494 4755 1570 4790 omne
1584 4754 1687 4799 nomeu,
1721 4746 1817 4793 etesia·

979 4811 1029 4851 tem
1044 4810 1163 4852 mortuos
1182 4803 1336 4863 suscitandi,
1353 4804 1422 4865 qnod
1442 4803 1563 4852 ultimum
1581 4803 1663 4852 eidem
1683 4818 1698 4853 ι
1721 4804 1817 4854 ’udicat

978 4880 1010 4914 ex
1034 4865 1167 4915 Ezechiele
1189 4866 1215 4915 in
1239 4879 1290 4928 quo
1312 4873 1337 4914 et
1360 4868 1447 4929 ipsum
1471 4864 1537 4914 Filio
1562 4865 1686 4928 aequalem
1714 4866 1816 4979 9ιοιᾶιὶ

1009 5007 1074 5058 Cir.
1091 5007 1142 5056 xi.
1157 5033 1189 5044 -
1204 5009 1233 5057 ln
1247 5007 1353 5057 numine
1366 5007 1396 5056 dc
1411 5006 1472 5056 sede
1491 5007 1537 5057 Dei
1558 5014 1727 5070 promanante
1744 5007 1815 5071 tigu-

978 5084 1033 5119 ram
1049 5071 1131 5118 inisse
1142 5070 1360 5133 Spiritussancti;
1391 5084 1419 5117 er
1428 5083 1511 5132 aquus
1523 5083 1585 5119 vero
1596 5085 1663 5133 quas
1671 5067 1754 5119 David
1763 5082 1816 5118 me·

978 5138 1070 5192 morat,
1093 5132 1213 5181 coelestes
1232 5133 1343 5181 uirtutes
1367 5084 1508 5196 Xesiguari,
1535 5133 1653 5196 Regnum
1676 5130 1723 5180 Dei
1748 5143 1816 5193 opus

978 5208 1037 5243 esse
1060 5195 1194 5256 Spiritus3
1220 5209 1267 5243 uec
1283 5195 1387 5249 mirum,
1407 5197 1429 5243 si
1450 5195 1491 5243 hic
1511 5195 1577 5243 idem
1597 5198 1739 5256 conregnet
1753 5205 1814 5241 cum

979 5258 1055 5347 Fplio,
1073 5257 1177 5319 quondo
1201 5271 1250 5306 uos
1270 5257 1346 5304 etium
1369 5255 1435 5306 Filio
1456 5260 1664 5319 conregnaturos
1681 5255 1815 5366 promiptpp

979 5319 1157 5431 leffium
1170 5407 1202 5418 —
1216 5380 1327 5430 Missum
1340 5379 1551 5443 aSpirituihiese
1565 5376 1669 5449 isaiam,
1684 5377 1814 5439 proinde-

978 5458 1028 5508 que
1045 5444 1164 5492 eumdem
1181 5443 1200 5493 S
1220 5444 1308 5492 iritum
1320 5444 1353 5491 ab
1370 5456 1400 5491 eo
1418 5442 1513 5489 visum.
1530 5437 1596 5497 Quid
1613 5452 1660 5502 per
1676 5443 1813 5489 curreutes

978 5514 1058 5563 rotas,
1074 5507 1180 5567 alaeque
1211 5499 1527 5565 iversaeiutelligendum,
1540 5506 1566 5549 et
1595 5500 1737 5550 ueratioue
1752 5514 1813 5551 eum

979 5568 1092 5631 Spiritus
1111 5581 1127 5618 a
1145 5566 1290 5641 Seraphim,
1307 5564 1465 5640 predicetur
1484 5563 1555 5613 Deus
1577 5596 1591 5612 ι
1612 5562 1699 5621 baoth,
1718 5565 1768 5613 hoc
1787 5562 1814 5613 el

979 5644 1072 5743 ”tt
1087 5632 1177 5743 ltili
1190 5624 1734 5742 ¹¹¹⁵itulliitubilustrium.
1764 5622 1813 5727 ⁸¹3

980 5710 1171 5814 senissimus·
1184 5755 1259 5805 isaias
1279 5705 1355 5800 logne
1369 5763 1452 5860 espen
1472 5754 1540 5798 itur:
1556 5754 1582 5798 et
1598 5748 1625 5799 in
1638 5749 1673 5799 iis
1684 5761 1700 5799 a
1713 5762 1749 5813 qu
1777 5762 1813 5801 ns

979 5817 1020 5868 vel
1033 5818 1065 5868 de
1083 5816 1161 5867 Patre
1176 5816 1217 5866 vel
1233 5815 1265 5863 de
1284 5812 1351 5864 Filio
1369 5826 1401 5861 ve
1434 5810 1466 5861 de
1484 5810 1584 5876 Spiritu
1605 5811 1742 5876 expositus
1765 5810 1813 5873 sit,

979 5880 1077 5931 nullam
1095 5892 1192 5931 musas
1214 5876 1395 5927 diversitatem
1409 5873 1498 5925 misse
1518 5873 1685 5923 uestinum.
1705 5872 1839 5918 enm

979 5943 1121 6017 maissiam
1133 5939 1252 6013 spiritui
1258 5938 1327 5994 uiis
1341 5939 1465 5996 ιιιιιιι,
1474 5932 1556 6000 quun
1566 5930 1723 5983 urceum
1739 5925 1866 5989 urm

1767 2252 1814 2304 88⁴
1903 2284 1906 2289 .
