3900 6128
132 325 211 408 1419

854 323 1125 403 ennsaosu'.

1779 340 1856 405 tm

129 545 232 610 torem,
263 557 408 596 annorum
431 541 624 596 immaturitas
647 541 696 610 (6),
723 544 752 595 et
772 536 1004 599 consiliorumll
1022 538 1167 609 Ecclesia,
1183 539 1213 594 in
1225 539 1344 595 maxilla
1359 542 1493 608 tua,cum
1504 538 1855 608 amitteresGretiaaum;

130 634 281 686 senectus.
299 631 331 683 ln
353 630 400 684 his
421 645 478 703 ego
500 631 568 700 tleo,
592 630 671 685 sicut
695 629 770 685 dixit
798 630 962 703 prophete:

131 743 142 768 α
160 720 243 774 Oculi
260 719 318 773 mei
333 720 537 791 caligaverunt
552 733 568 774 a
586 717 668 790 fletu,
693 720 762 791 quia
783 718 961 791 elongavita

129 825 187 878 mc,
207 809 304 871 1175
320 809 369 879 qai
390 807 599 863 consolabatur
622 823 668 862 me
690 806 814 877 (Thren.
830 823 851 877 ι,
876 804 956 876 ta).-

127 897 211 952 Oculi
227 897 283 952 mei
298 914 355 951 non
380 897 476 952 solum
501 899 646 967 corporiS,
673 897 726 951 sed
747 896 833 952 otiam
853 894 961 950 mentis

127 986 254 1041 hebetati
280 989 359 1053 sunt,
386 989 415 1040 et
438 985 564 1057 quadum
590 985 720 1040 caecitate
737 987 835 1040 omnis
850 998 961 1040 sensas

127 1075 273 1130 obductus
288 1079 343 1144 est,
360 1075 500 1146 quoniam
514 1078 634 1145 ereptus
649 1077 695 1129 est
718 1073 800 1144 mihi,
825 1074 876 1144 qui
892 1088 960 1127 con·

125 1166 215 1219 vri-tit
228 1165 355 1219 animam
369 1178 475 1233 meam,
488 1167 516 1218 et
525 1163 562 1218 ad
574 1179 657 1235 spem
668 1164 825 1218 maximam
836 1162 873 1217 de
884 1177 962 1216 sum·
980 1196 987 1209 ·

126 1271 172 1308 ma
187 1270 285 1308 rerum
302 1252 508 1323 desperatione
522 1253 682 1307 revocavit.

160 1343 218 1396 t..
243 1342 359 1411 Audite,
387 1356 490 1396 omnes
512 1339 628 1411 populi,
652 1346 680 1396 ct
703 1341 800 1395 videte
829 1337 960 1394 dolorem

125 1448 233 1487 meum.
251 1430 391 1502 Virgines
406 1447 480 1485 meae
504 1434 532 1484 et
552 1430 681 1501 juvenes
706 1430 763 1484 mei
781 1429 916 1484 abierunt
931 1428 961 1484 in

124 1522 321 1591 captivitatem
337 1520 425 1589 (thid.
443 1518 487 1588 18)
502 1538 509 1583 ;
530 1543 540 1565 n
559 1520 612 1574 sed
625 1519 744 1590 cognito
758 1517 836 1589 quod
852 1516 890 1572 de
904 1516 961 1571 Va-

1021 627 1176 698 prachuisti
1199 633 1228 685 et
1251 628 1385 700 alteram,
1411 629 1529 700 quando
1554 629 1607 682 tihi
1633 627 1855 682 Valentinianus

1021 704 1143 787 crepitus
1159 721 1214 773 est.
1232 717 1339 773 Merito
1352 716 1406 773 tihi
1421 734 1478 773 nou
1492 718 1524 774 in
1536 733 1598 773 una
1612 716 1743 781 maxilla,
1762 716 1815 771 sed
1830 716 1855 771 in

1022 809 1148 878 atraque
1164 810 1235 862 sunt
1249 806 1410 878 lacrpmm3
1427 807 1493 878 quia
1503 808 1550 877 pie
1561 821 1742 880 germanum
1754 810 1857 860 ulrum·

1022 909 1078 966 que
1094 894 1244 965 deploras.
1260 896 1368 950 Ploras
1384 896 1484 968 igitur,
1497 895 1644 965 Ecclesia,
1657 898 1686 950 et
1696 895 1767 950 ttetu
1776 910 1854 966 gena

1020 986 1079 1038 tuae
1095 984 1177 1039 velut
1192 984 1353 1039 liuentibus
1368 985 1546 1055 quibusdam
1563 983 1730 1039 stillicidiis
1746 983 1856 1055 pietatis

1020 1071 1179 1128 exundant.
1195 1073 1265 1138 Quae
1275 1074 1418 1128 suntistae
1428 1089 1513 1145 genae
1523 1073 1739 1129 Ecclesieetlle
1754 1072 1855 1144 quibua

1020 1160 1090 1217 alibi
1104 1163 1143 1217 ait
1158 1161 1313 1233 Scriptura
1329 1177 1337 1219 ε
1356 1186 1367 1211 ι
1386 1162 1423 1221 Ut
1447 1164 1560 1218 carium
1576 1163 1727 1219 malorum
1752 1177 1854 1234 grana·

1018 1252 1115 1305 torum
1133 1266 1218 1323 genae
1234 1256 1292 1307 tuae
1308 1249 1406 1321 (Cant.
1422 1266 1462 1320 vr,
1478 1250 1516 1322 b).
1536 1275 1547 1300 ι
1566 1251 1636 1307 letae
1651 1253 1726 1306 sunt
1737 1251 1854 1322 gaucia

1019 1339 1129 1409 quibus
1137 1340 1313 1396 soletnitere
1319 1326 1510 1409 verecundia,
1522 1340 1717 1410 plucbritudo
1726 1338 1836 1412 fulgere
1847 1356 1854 1410 ;

1017 1427 1047 1483 in
1062 1429 1172 1501 quibus
1188 1433 1238 1485 aut
1253 1430 1308 1484 llos
1322 1429 1466 1501 juvente,
1485 1432 1534 1484 aut
1551 1428 1697 1500 perfectae
1709 1429 1806 1484 aetatis
1816 1430 1852 1482 in-

1017 1517 1105 1589 signe
1119 1520 1165 1573 est
1180 1517 1232 1587 (9).
1249 1518 1280 1574 ln
1295 1518 1376 1573 obitu
1391 1518 1481 1590 igitur
1496 1517 1627 1573 fidelium
1643 1519 1853 1588 imperatorum

123 1610 275 1665 lentiniani
290 1612 393 1664 essent
410 1610 561 1678 partibus,
580 1609 667 1663 liberi
682 1606 960 1662 reverteruntltlili·
1016 1606 1134 1676 quidam
1150 1607 1217 1662 tldei
1233 1607 1339 1678 pudor,
1359 1607 1494 1678 quaedam
1509 1606 1656 1662 Ecclesiae
1677 1608 1853 1662 verecundia

124 1699 195 1754 tavit
207 1699 303 1753 bostis
314 1698 460 1752 barbarus
471 1697 639 1768 imperatori
653 1695 843 1763 adolescenti,
856 1698 884 1748 et
896 1710 959 1749 sirae
1015 1698 1061 1749 est
1077 1712 1082 1750 :
1101 1697 1129 1750 el
1140 1695 1169 1750 in
1184 1698 1243 1750 tam
1259 1696 1415 1751 immatura
1430 1696 1526 1759 1176
1542 1698 1636 1758 morte
1648 1697 1769 1766 piorum
1779 1697 1852 1767 prin-

124 1788 233 1843 obiitus
249 1787 393 1854 victoriae,
410 1800 524 1840 memor
534 1785 588 1840 init
599 1785 761 1856 imperialis
772 1785 958 1840 reverentiae.
1015 1783 1113 1855 cipum
1128 1785 1225 1839 omnis
1240 1783 1385 1840 Ecclesiae
1400 1783 1535 1840 moestior
1552 1784 1752 1856 pulchritudo
1768 1790 1821 1840 est.

123 1876 247 1930 Laxavit
261 1877 367 1946 sponte
382 1889 458 1945 quos
475 1879 604 1944 ceperat,
621 1889 773 1930 excusans
784 1872 863 1944 quod
879 1873 959 1944 iguo·
1048 1870 1075 1926 7.
1095 1871 1192 1927 Plorat
1206 1872 1341 1929 Ecclesia
1357 1873 1387 1929 in
1398 1872 1583 1944 sapientibus
1607 1874 1688 1943 suis,
1714 1873 1767 1946 qui
1781 1874 1852 1930 velut

39 2027 46 2032 ,
123 1967 222 2019 resset
239 1963 338 2018 ttalos.
360 1963 423 2016 Nos
447 1963 543 2017 adhuc
567 1978 683 2018 murum
703 1961 830 2029 Alpibus
850 1960 959 2016 addere
1015 1964 1102 2031 caput
1117 1960 1261 2019 Ecclesiae
1278 1964 1347 2017 sunt
1363 1977 1370 2017 ε
1389 1961 1493 2018 «oculi
1509 1962 1587 2019 enim
1598 1963 1752 2034 sapientis
1767 1963 1795 2018 iu
1809 1979 1851 2018 ca·

121 2054 302 2124 parabamus
326 2067 332 2106 :
360 2051 554 2106 Valentiniani
578 2052 672 2122 gratia
697 2066 756 2106 nou
777 2050 960 2121 exspectavit
1012 2049 1072 2121 pite
1087 2048 1154 2121 ejus
1170 2050 1283 2119 (Eccle.
1300 2067 1332 2121 u,
1344 2050 1399 2122 tt).
1417 2072 1429 2101 ι
1445 2051 1546 2106 Plorat
1559 2051 1590 2107 in
1606 2051 1720 2121 oeulis,
1737 2051 1850 2121 honest,

121 2142 239 2212 Alpium
255 2140 375 2209 vallum,
392 2141 500 2194 llircnta
525 2139 666 2207 amnium,
689 2154 820 2210 aggeras
835 2137 957 2210 nivium,
1013 2138 1044 2193 in
1059 2140 1124 2195 suis
1141 2139 1291 2212 fidelibus,
1307 2140 1376 2212 quia
1391 2140 1593 2210 scriptumest
1609 2156 1616 2195 ε
1636 2139 1752 2197 «Oculi
1765 2141 1850 2197 tuisi-

122 2232 177 2286 sed
192 2229 284 2300 Alpes
300 2234 329 2284 ot
353 2229 461 2284 tluvios
485 2242 699 2300 supergressa,
725 2243 809 2283 muro
835 2243 890 2283 nos
911 2226 960 2282 sui
1014 2231 1063 2283 cut
1078 2227 1236 2298 columbae,
1252 2232 1336 2283 extra
1350 2228 1577 2284 taciturnitatem
1601 2231 1686 2285 tuam
1706 2229 1849 2300 (Cantor,

120 2319 379 2390 imperiiprotexit.
390 2318 474 2373 Unda
490 2317 655 2388 prophetici
666 2316 777 2372 Threni
793 2318 865 2371 mibi
879 2318 965 2379 uten·v
1014 2315 1061 2387 l),
1079 2337 1090 2366 r
1108 2316 1238 2389 eoquod
1254 2316 1373 2373 videant
1402 2318 1584 2389 spiritaliter,
1602 2321 1631 2374 et
1655 2320 1797 2375 noverint
1807 2335 1845 2387 ee,

121 2408 192 2464 dum
208 2406 457 2462 videturexordio
475 2422 481 2463 :
499 2405 651 2471 Quomodo
662 2410 766 2461 moeret
782 2405 874 2470 ltalia,
891 2422 958 2476 quae
1014 2421 1080 2477 qum
1096 2405 1233 2478 viderint,
1249 2408 1347 2462 tacere
1363 2407 1512 2478 mysteria.
1531 2406 1636 2462 Plorat
1644 2407 1679 2464 in
1693 2409 1847 2465 sacerdoti·

120 2497 289 2554 abundabat
300 2496 443 2569 gaadiis‘?
460 2518 471 2543 α
487 2495 613 2550 Ploraus
628 2495 756 2566 ploravit
771 2494 801 2549 in
816 2498 913 2564 nocte,
930 2496 959 2549 et
1012 2493 1070 2550 bus
1086 2495 1162 2565 suis,
1179 2496 1229 2567 qui
1244 2498 1314 2551 suut
1329 2495 1407 2551 sicut
1422 2511 1508 2568 genae
1523 2495 1686 2567 Ecclesiae,
1703 2497 1734 2553 in
1749 2497 1848 2570 quibus

119 2585 258 2657 lacrymae
273 2585 354 2640 iltius
369 2586 398 2639 in
424 2583 552 2638 maxillis
576 2584 655 2656 ejus.
680 2584 747 2639 Non
763 2587 810 2639 est
825 2583 876 2655 qui
891 2599 959 2639 eam
1013 2585 1060 2638 est
1073 2582 1166 2639 barba
1181 2585 1281 2640 Aaron
1303 2581 1399 2656 (Psal.
1425 2599 1537 2655 cxxxu,
1560 2585 1600 2656 2),
1622 2584 1685 2642 boc
1698 2588 1746 2641 est
1766 2585 1848 2641 barba

120 2675 293 2729 consoletur
306 2673 343 2728 ab
359 2672 497 2727 omnibus
522 2672 571 2743 qui
596 2671 722 2744 diliguat
748 2688 823 2727 eam.
847 2670 957 2726 Omnes
1010 2673 1218 2742 sacerdotalis,
1234 2672 1366 2745 inquam
1385 2672 1421 2728 da
1436 2674 1531 2746 capita
1546 2673 1710 2731 descendit
1723 2690 1848 2747 unguen·

119 2762 171 2834 qai
185 2765 283 2817 amant
299 2762 389 2830 illam,
405 2761 606 2832 despexerant
621 2778 695 2816 eam.
711 2762 813 2817 Omnis
829 2761 957 2833 populus
1011 2763 1082 2816 tum.
1101 2761 1150 2817 tsti
1167 2764 1237 2817 suut
1252 2763 1281 2817 in
1296 2760 1406 2833 quibus
1420 2766 1467 2819 est
1488 2762 1683 2834 pulchritudo
1700 2763 1846 2833 Ecclesia,

120 2851 187 2922 ejas
203 2851 434 2923 ingemiscentes
449 2850 537 2920 (thid.
556 2850 594 2921 ⁶3).
613 2875 623 2899 n
1011 2850 1041 2904 in
1056 2850 1167 2922 quibus
1181 2850 1237 2906 tlos
1251 2850 1320 2924 ejas
1336 2851 1461 2925 gratior,
1478 2851 1638 2924 inquibus
1655 2853 1846 2926 actasperlec·

155 2941 182 2995 5.
199 2940 235 2995 Et
249 2941 317 3012 quia
333 2940 369 2995 de
394 2939 563 2996 Jerusalem
586 2940 781 2996 dictumest:
801 2962 812 2987 v
832 2938 956 2995 Plorans
1012 2940 1072 2994 tior
1088 2957 1094 2995 ι
1112 2941 1162 3012 qui
1179 2940 1258 2996 velut
1273 2939 1401 2997 cortice
1411 2940 1556 2997 malorum
1565 2941 1749 3012 punicorum
1764 2943 1844 2999 deeo-

119 3029 246 3100 plornvit
262 3029 291 3084 in
308 3032 413 3099 nocta;
433 3051 443 3078 r
460 3032 489 3083 et
504 3033 608 3084 nostra
623 3030 663 3099 (Ἰ)
675 3028 854 3098 Jerusalem,
866 3028 895 3084 id
910 3031 956 3083 est
1011 3044 1074 3084 ram
1103 3027 1178 3085 ioris
1202 3029 1364 3101 praeierant
1387 3029 1566 3086 abstinentia
1587 3030 1753 3102 corporati,
1775 3032 1844 3086 intus

119 3117 264 3174 Ecclesia.
281 3119 408 3189 ploravit
423 3118 555 3188 innecte,
567 3118 706 3189 quoniam
717 3118 768 3188 qui
780 3133 844 3173 eam
860 3116 957 3187 splen·
1011 3121 1109 3173 autem
1124 3119 1315 3174 commissam
1336 3118 1394 3174 sibi
1418 3118 1535 3189 plebem
1559 3118 1696 3176 diversa)
1715 3121 1811 3177 aetutis
1822 3124 1847 3175 et

118 3208 263 3263 didiorem
278 3208 336 3263 lide
351 3223 407 3262 saa
424 3213 452 3263 ct
475 3207 633 3262 devotione
653 3207 789 3275 faciebat,
806 3206 953 3261 occubuit.
1010 3222 1104 3262 sexus
1113 3207 1231 3263 foveant
1243 3207 1388 3278 sapientia
1399 3207 1659 3280 spiritali,objecti
1670 3207 1789 3280 quidem
1803 3223 1846 3265 ste

116 3296 224 3353 Merito
248 3313 322 3370 ergo
342 3296 464 3367 plorans
482 3297 617 3367 ploravit,
641 3299 670 3351 ct
694 3296 790 3350 adhuc
815 3296 955 3366 lacrymae
971 3273 1077 3351 Geato
1085 3296 1122 3350 ad
1133 3295 1270 3368 injurias,
1278 3296 1332 3351 sed
1340 3297 1841 3369 internamysteriadividentestldt.

116 3385 184 3458 ejus
201 3385 230 3442 in
246 3386 375 3441 maxillis
400 3383 477 3457 ejus}
496 3386 668 3441 Ubertatem
691 3384 810 3456 quidem
834 3384 955 3440 tleluum
1009 3384 1109 3440 Plorat
1123 3385 1154 3439 in
1169 3385 1339 3458 virginibus
1361 3385 1438 3457 suis,
1459 3402 1526 3457 quae
1546 3390 1618 3442 sunt
1639 3387 1721 3443 sicut
1738 3388 1806 3453 lilia,
1819 3389 1841 3441 el

116 3477 192 3531 solet
208 3474 309 3531 vultus
335 3474 537 3530 humescentis
562 3473 715 3529 declarare
739 3472 861 3542 inlusio,
887 3489 954 3528 cum
1007 3471 1069 3527 lilia
1084 3475 1202 3545 myrrha
1219 3475 1315 3545 plena,
1332 3475 1492 3530 candorem
1508 3475 1701 3547 integritatis,
1729 3480 1758 3531 et
1773 3492 1840 3530 mor·

114 3564 256 3636 lacrymis
277 3574 363 3636 genae
388 3568 509 3629 rorant;
535 3563 589 3619 sed
613 3563 683 3635 quia
713 3562 952 3632 scriptumest:
1006 3561 1125 3618 titlcataa
1154 3563 1317 3634 corporalis
1350 3563 1501 3620 illecebra
1533 3563 1663 3636 gloriam
1687 3565 1838 3636 preterea·

117 3674 128 3700 ι
146 3653 236 3710 Genea
251 3654 320 3724 ejus
340 3649 418 3709 sicut
436 3652 544 3724 phialae
559 3638 701 3707 aromatis
721 3651 880 3725 gignentes
897 3668 953 3708 un·
1007 3653 1063 3706 tes.

115 3744 281 3814 guentaria,
297 3743 374 3798 labia
391 3743 458 3815 ejus
474 3741 872 3812 litiadistillantinmprrham
889 3741 952 3811 pla·
1043 3740 1071 3796 8.
1098 3740 1131 3795 ln
1146 3739 1195 3796 his
1219 3756 1293 3814 ergo
1317 3741 1377 3812 liet,
1399 3741 1478 3799 sicut
1500 3741 1649 3814 scriptum
1670 3746 1742 3802 est:
1761 3765 1772 3795 ι
1789 3742 1840 3798 Via

114 3845 182 3884 nam
193 3831 291 3902 (Cant.
309 3848 343 3901 v,
361 3830 423 3900 td);
449 3854 460 3878 a
485 3831 610 3903 mystica
634 3830 778 3885 Eoclesiae
803 3830 899 3903 gratia
913 3830 952 3900 (8)
1007 3830 1078 3886 Sion
1095 3830 1209 3903 lugent,
1227 3831 1401 3886 sacerdotes
1413 3831 1837 3905 ejusingemiseuut,virgiaee

114 3916 251 3975 dollentis
260 3920 414 3990 accipitur,
428 3935 495 3991 quaa
504 3919 533 3974 in
545 3920 626 3975 obitu
633 3918 827 3974 Valentiniani
841 3919 952 3976 benum
1007 3918 1076 3991 ejus
1091 3918 1236 3990 abductae,
1252 3919 1357 3990 etipsa
1372 3919 1544 3993 indignatur
1556 3921 1635 3976 intre
1645 3936 1681 3977 se
1696 3921 1816 3987 (Three.
1823 3935 1838 3987 1,

115 4007 229 4063 doloris
242 4002 292 4063 sui
308 4007 411 4063 ettudit
425 4011 618 4080 unguentum,
635 4014 663 4063 et
679 4009 769 4063 vitam
789 4006 856 4078 ejus
870 4023 952 4078 prae-
1006 4006 1044 4079 4).
1063 4029 1074 4056 ι
1088 4007 1124 4063 Et
1139 4007 1216 4062 intra
1231 4023 1265 4063 sa
1280 4009 1400 4081 quidam
1414 4008 1597 4083 indignatur,
1613 4008 1653 4065 ad
1668 4008 1838 4067 Valentinia-

115 4097 239 4152 dicendo
256 4096 453 4152 concelebrat.
471 4098 524 4152 ttui
539 4113 622 4152 mors
637 4098 748 4152 obesse
773 4112 832 4151 non
846 4096 948 4167 potuit,
1006 4112 1077 4152 uum
1094 4096 1278 4153 autemdicit
1297 4112 1303 4152 :
1324 4119 1335 4149 ι
1363 4098 1524 4155 Assumam
1546 4101 1586 4167 te,
1606 4103 1637 4155 et
1658 4098 1795 4157 inducam
1814 4098 1838 4152 ia

114 4201 149 4241 eo
165 4187 243 4260 quod
259 4186 333 4241 odor
349 4186 569 4256 praedicationis
585 4186 795 4242 universorum
810 4201 862 4240 ore
878 4187 951 4240 cete·
1006 4185 1126 4241 domum
1141 4187 1244 4241 matris
1260 4201 1334 4241 meae
1352 4190 1381 4241 et
1395 4187 1426 4242 in
1440 4190 1588 4242 secretum
1605 4188 1677 4259 ejus
1695 4204 1765 4262 quan
1778 4203 1837 4243 cau·

112 4274 239 4331 brabitis
256 4276 382 4330 lotorem
393 4291 508 4330 omnam
525 4277 629 4330 mortis
650 4275 788 4332 abolevit.
1006 4274 1083 4353 cepit
1099 4290 1155 4329 me.
1171 4275 1277 4329 Potum
1293 4275 1345 4331 tibi
1361 4275 1439 4330 dabo
1453 4275 1548 4331 avino
1564 4277 1690 4347 operosi
1706 4275 1835 4351 unguenti

149 4363 175 4420 ti.
188 4364 253 4420 Flet
267 4366 359 4437 igitur
370 4364 625 4437 Ecclesiupignus
637 4364 950 4435 suum,«etlacrpmaa
1004 4362 1103 4433 (Cant.
1133 4364 1228 4435 vu,⁶2)
1259 4365 1424 4435 inconst,
1445 4363 1659 4435 multioperie,
1680 4358 1835 4421 maltiodo-

113 4455 179 4527 ejus
196 4454 225 4508 in
237 4454 366 4508 maxillis
379 4453 580 4525 ejustThren.
592 4471 610 4523 t,
623 4453 950 4522 2).=·Quaesitmaxillu
1004 4450 1048 4507 ris
1078 4456 1229 4522 unguento
1253 4452 1311 4524 (11)
1334 4469 1351 4508 a
1375 4453 1459 4509 lluxu
1489 4451 1638 4509 malorum
1658 4460 1834 4527 granatorum

113 4543 180 4597 audi
198 4560 203 4596 z
224 4563 235 4592 ι
252 4543 306 4608 Qui
322 4548 350 4597 te
366 4543 551 4614 percusserit
565 4543 596 4596 in
620 4541 778 4611 maxillam,
804 4541 906 4612 praebe
922 4543 949 4598 ei
1004 4555 1159 4610 meorum3
1176 4547 1207 4596 ut
1220 4541 1303 4597 bibat
1317 4543 1419 4598 vinum
1433 4542 1516 4614 quod
1532 4540 1669 4597 laetificat
1687 4541 1832 4600 corboni·

112 4633 374 4703 etalteram(an.
402 4631 522 4702 v1‚29);
551 4656 561 4678 r
592 4647 627 4686 oo
651 4631 728 4702 quod
748 4628 1162 4700 indotoresitnnisffsal.
1179 4646 1241 4701 cru,
1258 4628 1313 4702 15),
1331 4631 1831 4704 attenuetineummatoramgra·

111 4722 237 4792 patiens,
253 4724 284 4775 ut
298 4721 437 4791 poeniteat
453 4721 671 4776 verberantem.
697 4720 851 4775 Percussa
862 4735 945 4790 erus,

147 4862 186 4931 (6)
212 4862 243 4915 ln
266 4863 331 4932 ipso
360 4863 432 4918 flore
457 4863 668 4918 adolescentiae
692 4867 827 4917 necatum
852 4862 947 4919 tuisse

111 4933 347 4988 Valentinianum
363 4935 476 5005 passim
492 4934 816 5000 testaturtlmbrosius,
827 4940 854 4988 et
870 4934 947 4988 idem

111 5020 228 5075 qaoque
244 5005 280 5059 de
303 5005 442 5059 Gratiano
472 5007 621 5078 signiticat
645 5021 703 5060 nou
729 5023 785 5060 uno
808 5006 883 5060 loeo.
909 5005 945 5060 Et

111 5081 192 5132 ceute
208 5077 338 5146 priorem
354 5077 436 5130 illum
451 5093 527 5131 anno
543 5078 638 5131 aetatis
655 5077 797 5131 vicesimo
813 5077 945 5131 exstinc-

109 5154 171 5202 tum
186 5163 256 5202 esso
272 5151 411 5202 auctores
428 5150 607 5203 conveniunt
629 5164 635 5203 :
656 5147 751 5219 hujus
776 5152 873 5203 autem
888 5149 944 5202 etsi

109 5218 197 5291 Fulg.
214 5219 315 5274 Victor
330 5220 605 5275 interitumrclcrat
620 5220 655 5273 ad
672 5236 781 5274 annum
792 5221 888 5275 aetatis
898 5219 943 5288 38,

109 5290 151 5344 ibi
166 5296 262 5345 tamen
288 5291 446 5362 tegendum
468 5290 502 5346 98
523 5291 671 5346 contendit
699 5292 860 5355 Bar·onius;
887 5293 944 5345 imo

108 5363 196 5416 etiam
211 5378 269 5416 non
286 5362 404 5430 desunt,
416 5364 465 5432 qui
479 5363 614 5416 eumdem
626 5379 693 5417 cum
704 5363 854 5431 occubuit,
868 5379 943 5417 antro

107 5433 142 5489 st
158 5433 302 5505 majorem
317 5433 415 5487 tuisse
436 5437 555 5504 negent.
582 5433 655 5488 Vide
677 5435 831 5488 Socratem
845 5434 895 5488 lib.
914 5451 941 5503 v,

107 5520 171 5575 cap.
189 5504 242 5573 113
258 5505 454 5560 Sozcmenum
468 5505 510 5558 lib
527 5520 577 5571 vn,
593 5520 658 5572 cap.
677 5502 721 5571 ta,
738 5509 765 5558 et
781 5504 868 5559 elios.

143 5577 182 5645 (Ἰ)
199 5576 272 5631 Mss.
289 5576 410 5646 aliquot,
431 5600 442 5625 ι
459 5576 630 5630 dictumest
648 5589 653 5628 :
673 5574 811 5629 Ploravit.
838 5575 873 5631 Et
887 5593 943 5633 no·

106 5649 180 5715 alra,
198 5651 282 5702 etc.»

141 5717 181 5793 (8)
195 5716 238 5772 tta
252 5735 327 5775 mss.
344 5717 447 5790 plures
458 5734 493 5775 ac
508 5717 639 5795 potiores
656 5733 662 5774 :
685 5716 755 5779 edit.
770 5720 867 5775 eutem
881 5724 940 5777 vat.

1005 4720 1141 4773 natorum
1157 4719 1266 4790 fluxus,
1284 4720 1313 4775 in
1330 4720 1439 4792 quibus
1455 4720 1566 4776 multus
1589 4724 1620 4777 et
1634 4719 1776 4778 diversus
1794 4719 1829 4773 est

1004 4861 1033 4914 et
1042 4875 1118 4914 mss.
1137 4861 1280 4931 nonnulli,
1295 4885 1305 4908 u
1319 4861 1443 4933 mystice
1453 4859 1600 4918 Ecclesiae
1611 4864 1725 4936 gratia;
1737 4887 1749 4911 υ
1761 4863 1826 4918 Rom.

1004 4930 1085 4999 edit,
1105 4952 1116 4981 ι
1135 4933 1253 5002 myrrha
1270 4935 1404 5003 mystica,
1423 4957 1433 4981 a
1451 4935 1507 4987 etc.

1041 5001 1080 5069 (9)
1096 5001 1220 5056 Barbam
1236 5005 1330 5074 ipsam
1347 5003 1493 5076 intelligit,
1511 5004 1551 5058 ait
1567 5003 1823 5078 Nannius,quaest

1005 5072 1147 5140 perlectae
1162 5075 1257 5129 aetatis
1273 5076 1411 5148 insigne3
1427 5076 1505 5131 unde
1519 5079 1627 5147 postea
1637 5076 1821 5133 barbatam·

1005 5144 1053 5197 nis
1069 5145 1247 5199 mentionem
1263 5146 1342 5201 lacit.

1041 5213 1098 5284 (10)
1116 5215 1200 5271 Rom.
1218 5216 1286 5272 citit.
1303 5218 1377 5286 sola,
1396 5238 1408 5269 ι
1426 5217 1479 5274 sed
1495 5218 1576 5274 intus
1602 5219 1743 5291 mysteria
1763 5214 1819 5273 divi·

1005 5283 1119 5340 dentes
1139 5311 1149 5336 n
1167 5287 1313 5343 Observat
1329 5294 1425 5344 autem
1447 5291 1480 5345 Ρ.
1505 5289 1643 5345 Nunnius
1669 5290 1817 5346 allusionem

1003 5356 1068 5411 tleri
1085 5357 1120 5411 ad
1137 5360 1277 5414 corticem
1290 5377 1344 5416 sau
1359 5363 1455 5417 cicum
1470 5361 1618 5418 malorum
1640 5366 1816 5435 granatorum,

1003 5442 1061 5499 quo
1097 5444 1166 5485 rana
1181 5433 1262 5485 intus
1276 5432 1457 5488 dividuntur.

1037 5443 1095 5569 (1ss
1110 5501 1159 5556 Sic
1175 5517 1280 5558 omnes
1291 5519 1392 5559 mssa
1404 5503 1584 5576 quibusvet.
1600 5502 1671 5559 adit
1686 5502 1815 5581 acuatum

1000 5567 1156 5644 recedunt,
1171 5575 1250 5645 qued
1265 5589 1320 5645 pro
1336 5580 1483 5648 nnpuento
1506 5575 1613 5650 legunt
1693 5579 1766 5631 uenti
1776 5590 1783 5622 :
1793 5567 1814 5619 tt

1001 5645 1089 5712 Rom.
1105 5645 1165 5701 adit
1183 5650 1340 5720 utrumque
1356 5660 1460 5704 vocem
1482 5647 1602 5708 censuit
1615 5660 1671 5705 exe
1682 5642 1811 5706 naman.
