3900 6128
121 257 198 325 1389

488 304 493 313 .
552 257 608 321 DE
622 256 816 321 EXCESSU
832 254 1014 321 FRATRIS
1029 258 1098 322 SUl
1114 259 1267 321 SATYRI
1283 260 1363 322 LlB.
1381 256 1423 322 11.

1758 255 1836 326 1390

105 458 292 526 connectere,
308 455 451 527 dissipatu
467 456 600 527 sociare3
618 457 666 512 cui
682 458 811 513 muudus
825 458 942 514 obtem·
957 440 986 505 Α
1000 458 1109 514 dicere.
1136 458 1220 515 Unde
1243 460 1299 515 hoc
1315 463 1411 531 caput,
1429 463 1458 515 et
1473 460 1572 516 vultus
1596 460 1653 516 iste
1677 459 1835 531 mirabilis,

106 549 198 617 perat,
217 549 297 599 muta
311 545 518 617 obsequuntur
532 546 685 615 elementa,
703 548 793 604 servit
815 551 941 603 nutura:

102 635 192 707 quasi
216 649 276 689 non
299 633 424 705 majoris
453 634 587 689 miraculi
616 635 655 690 sit
677 635 779 689 limum
808 636 941 691 animare

105 739 195 795 quam
208 722 363 794 jungere?

139 813 183 867 59.
200 812 274 866 Avis
289 811 321 866 iu
333 810 455 882 regione
466 811 595 880 Arabia,
613 812 660 867 eui
677 828 784 867 nemen
796 817 842 867 est-
856 813 943 882 phoe-

103 903 164 971 nix,
181 900 315 956 redivivo
331 914 395 954 suae
411 899 510 954 carnis
527 900 650 956 humore
670 901 856 973 reparabilis,
875 917 942 956 cum

104 994 220 1046 mortua
235 989 333 1058 luerit,
349 987 503 1042 reviviscit
519 1003 526 1043 :
545 989 629 1044 solus
645 1004 704 1044 nou
720 990 871 1045 credimus
886 990 942 1045 ho·

105 1081 201 1156 mines
216 1077 415 1133 resuscitari?
431 1077 520 1148 Atqui
542 1077 600 1133 hoe
623 1077 767 1134 relatione
783 1078 897 1147 crebra,
914 1083 943 1135 et

106 1168 323 1240 scripturarum
337 1166 511 1221 auctoritate
526 1166 584 1236 (16)
609 1168 806 1240 eognovimus
830 1182 944 1224 memo·

105 1259 197 1312 ratem
222 1270 307 1310 avem
321 1254 553 1326 quingentorum
572 1270 719 1311 annorum
734 1257 830 1326 spatia
845 1255 943 1310 vitalis

106 1360 182 1402 usus
198 1343 310 1400 habere
333 1344 520 1414 praescripta,
545 1358 669 1414 eamque
694 1359 761 1399 cum
782 1345 840 1401 sibi
855 1344 943 1399 tinem

107 1436 175 1490 vite
190 1433 298 1488 adesse
313 1447 450 1504 praesaga
465 1431 593 1503 quadam
607 1436 721 1488 naturae
736 1449 800 1489 suae
816 1434 942 1489 aestima·

102 1524 164 1579 tion
191 1521 375 1596 cognoverit,
402 1520 518 1576 thecam
543 1519 602 1575 sibi
618 1520 751 1576 dethure
775 1525 805 1577 et
818 1522 938 1594 myrrha

106 1614 135 1668 et
149 1612 267 1668 caeteris
286 1610 429 1666 odoribus
453 1609 608 1678 adornare,
633 1609 838 1681 completoque
852 1625 942 1681 opera

1000 549 1088 620 eujus
1103 549 1245 603 artificem
1268 566 1325 603 non
1351 550 1506 619 videmus,
1533 566 1609 620 opus
1633 549 1789 619 videmus,
1807 551 1836 605 1η

999 639 1080 692 varia
1095 638 1193 692 officia
1209 654 1342 708 ususque
1358 638 1525 693 formum?
1541 639 1625 693 Unde
1647 639 1744 694 forma
1759 654 1838 695 eree·

998 728 1065 793 tior,
1082 730 1178 781 status
1194 727 1352 794 excelsior,
1369 727 1495 782 faciendi
1511 727 1568 797 vis,
1586 728 1737 783 sentiendi
1753 728 1837 782 viva-

998 817 1083 882 citaS,
1100 815 1254 888 gradiendi
1271 815 1420 870 facultas?
1444 816 1547 887 Ignota
1572 819 1653 871 certe
1669 817 1757 872 uobis
1769 820 1839 873 sunt

998 907 1110 958 naturae
1139 919 1266 976 organa,
1294 904 1348 959 sed
1372 909 1440 960 nota
1468 905 1632 959 ministeria
1656 904 1725 976 (18).
1751 904 1788 960 lit
1806 908 1838 962 tu

998 1008 1100 1047 semen
1114 992 1207 1061 suisti,
1226 996 1254 1047 et
1268 995 1350 1047 tuum
1368 1009 1477 1064 corpus
1497 1008 1600 1049 semen
1626 996 1673 1048 cst
1688 1008 1841 1049 resurrec-

998 1080 1065 1136 turi.
1082 1081 1160 1135 Audi
1175 1081 1308 1150 Paulum,
1327 1085 1355 1136 ct
1369 1082 1454 1137 disee
1476 1082 1544 1154 quia
1561 1097 1665 1137 semen
1681 1098 1715 1138 es
1731 1098 1738 1138 ε
1757 1102 1768 1132 ι
1785 1081 1839 1139 Se·

997 1170 1126 1225 minatur
1139 1170 1170 1224 in
1191 1171 1389 1241 corruptione,
1407 1176 1512 1244 surget
1534 1172 1563 1226 in
1588 1171 1812 1243 incorruptione
1828 1187 1838 1226 t·

997 1259 1159 1313 seminatur
1175 1259 1205 1313 iu
1228 1259 1422 1331 ignobilitate,
1450 1266 1557 1333 surget
1570 1261 1600 1315 in
1612 1260 1709 1333 gloria
1725 1275 1731 1316 :
1749 1260 1838 1315 semi·

998 1350 1085 1401 natur
1100 1348 1128 1400 in
1144 1346 1325 1419 infirmitate,
1351 1352 1458 1421 surget
1471 1349 1503 1403 in
1525 1348 1633 1405 virtuts
1650 1365 1656 1402 :
1675 1348 1838 1403 seminatur

999 1451 1109 1506 eorpus
1124 1436 1259 1505 animale,
1277 1442 1382 1510 surget
1395 1452 1508 1507 eorpus
1517 1437 1651 1508 spiritale
1666 1437 1693 1505 (1
1709 1436 1777 1492 Cor.
1787 1452 1837 1503 xv,

997 1522 1108 1593 ta-la).
1137 1548 1147 1573 ι
1176 1524 1210 1579 Et
1231 1529 1261 1580 tu
1287 1542 1359 1598 argo
1387 1526 1545 1581 seminaris
1566 1528 1599 1581 ut
1624 1527 1741 1596 caetera,
1768 1525 1839 1597 quid

998 1612 1117 1667 miraris
1142 1613 1168 1666 si
1192 1629 1338 1685 resurges
1359 1617 1390 1670 ut
1413 1619 1521 1670 caetera
1536 1616 1551 1668 1
1569 1614 1628 1669 Sed
1653 1614 1703 1668 illa
1728 1613 1837 1683 credis,

106 1700 264 1773 pariterue
283 1702 425 1769 tempore,
448 1698 558 1753 intrare
573 1697 643 1766 illis,
669 1699 864 1770 atquecmori
882 1714 888 1754 ε
905 1698 1068 1773 equuiu
1096 1701 1182 1755 vides
1207 1718 1212 1755 :
1239 1702 1294 1756 istu
1316 1702 1510 1771 noncredis,
1541 1703 1610 1772 quia
1640 1717 1699 1757 non
1728 1701 1837 1757 vides:

106 1788 195 1861 eujus
213 1788 338 1844 humore
353 1786 425 1843 oriri
447 1801 590 1857 vermem,
607 1786 806 1859 paulatimque
830 1803 898 1843 eum
913 1788 943 1843 iu

106 1878 171 1934 uvis
187 1876 324 1950 eiusdem
338 1875 465 1949 figuram
480 1891 687 1946 concrescere,
713 1891 860 1948 usumque
880 1877 942 1931 ier-

108 1967 193 2038 mari,
206 1965 365 2023 subnixum
390 1979 508 2036 quoque
523 1964 648 2037 remigio
662 1978 838 2036 pennarum,
855 1980 942 2021 reno-

107 2060 183 2112 vatae
198 2055 266 2111 vitas
282 2053 381 2110 cilicia
396 2068 518 2108 munere
532 2053 649 2123 pietatis
665 2054 767 2110 ordiri.
788 2053 864 2108 Nam
879 2054 944 2110 tha-

107 2160 174 2200 eam
188 2143 278 2215 illam,
294 2142 342 2197 val
352 2141 497 2197 tumulum
512 2143 657 2213 eorporis,
674 2142 721 2197 vel
732 2142 944 2198 incunabulum

107 2232 305 2306 resurgentis,
325 2232 356 2286 in
378 2246 436 2302 qua
457 2229 601 2287 deficiens
624 2231 742 2299 oceidit,
759 2235 788 2287 et
802 2231 943 2287 occidens

105 2321 248 2394 resurgit,
266 2336 303 2376 ex
318 2318 471 2389 AEthiopia
485 2319 515 2393 1η
535 2319 714 2390 Lycaoniam
735 2319 838 2375 vehit:
855 2324 943 2391 atqua

105 2411 147 2466 ita
161 2408 380 2466 resurrectione
394 2407 458 2462 avis
474 2406 576 2479 hujus,
592 2407 726 2464 locorum
742 2408 849 2464 incolae
865 2425 944 2464 com·

106 2499 217 2571 pletum
232 2497 462 2571 quingentorum
475 2511 620 2551 annorum
636 2499 752 2566 tempus
764 2497 942 2570 intelligunt.

108 2588 189 2661 Ergo
204 2587 253 2641 isti
264 2588 312 2641 avi
326 2585 586 2658 quingentesimus
600 2585 833 2641 resurrectionis
848 2602 944 2642 annus

108 2683 165 2748 est,
181 2676 269 2731 nobis
285 2674 462 2730 millesimus
477 2673 534 2744 (16)
550 2690 556 2728 :
574 2673 616 2729 illi
632 2674 661 2728 1η
678 2673 734 2729 hoc
749 2675 873 2744 saeculo,
889 2691 944 2730 no·

108 2765 158 2822 bie
173 2763 468 2821 inconsummationc
492 2762 604 2818 muudi.
627 2762 766 2834 Plerique
780 2763 867 2819 etiam
883 2764 945 2834 opi·

108 2857 217 2912 uantur
231 2853 310 2925 qnod
327 2853 391 2908 avis
405 2851 470 2907 haec
489 2866 596 2923 rogum
617 2850 676 2907 sibi
691 2851 756 2923 ipsa
771 2851 943 2924 succendat,

1001 1789 1116 1844 «Beati
1136 1789 1265 1860 quinon
1285 1790 1442 1859 viderunt,
1474 1793 1502 1845 at
1531 1790 1723 1847 crediderunt
1742 1789 1837 1855 (dean.

999 1894 1055 1946 xx,
1071 1875 1127 1947 99).
1148 1899 1159 1926 ι

1034 1965 1079 2020 61.
1110 1965 1221 2022 Tamen
1245 1971 1402 2038 autequam
1426 1970 1545 2038 tempus
1568 1968 1676 2037 veniat,
1702 1982 1759 2024 uec
1786 1965 1838 2023 illa

1000 2053 1178 2125 creduntur3
1194 2056 1347 2111 nonenim
1363 2071 1449 2111 omne
1469 2059 1587 2127 tempus
1613 2056 1837 2112 accommodum

1000 2142 1035 2197 ud
1045 2143 1250 2198 resuscitanda
1273 2144 1397 2199 semina.
1423 2143 1490 2199 atie
1515 2145 1645 2199 triticum
1662 2144 1837 2215 seminatur,

999 2231 1057 2287 alio
1073 2232 1208 2287 nuscitur
1223 2248 1229 2288 :
1246 2232 1303 2287 alio
1328 2233 1397 2288 vitis
1412 2233 1565 2303 inseritur,
1585 2233 1644 2288 ulio
1661 2234 1838 2306 gemmantia

1000 2323 1150 2375 sarmenta
1164 2320 1342 2390 pubescunt,
1366 2320 1496 2375 luxuriat
1519 2322 1687 2392 pampinus,
1704 2336 1762 2377 uva
1777 2320 1836 2378 tor·

1000 2412 1118 2463 matur:
1134 2407 1191 2463 alio
1207 2408 1353 2479 plantatur
1374 2409 1448 2479 olea,
1471 2408 1527 2465 ulie
1547 2408 1629 2465 velut
1651 2409 1718 2465 alvo
1734 2404 1837 2482 gravis

1000 2499 1029 2552 et
1053 2500 1160 2551 onusta
1182 2497 1266 2567 prole
1289 2497 1467 2567 baccarum,
1494 2497 1609 2553 fructus
1634 2498 1683 2554 sui
1701 2497 1836 2554 ubertate

1000 2586 1150 2640 curvescit
1165 2586 1231 2655 (19).
1248 2587 1323 2641 Ante
1339 2602 1410 2642 vero
1426 2602 1514 2658 quam
1533 2602 1621 2642 suum
1642 2587 1750 2660 cuique
1766 2589 1835 2642 tem·

998 2691 1055 2747 pus
1069 2674 1215 2744 adveniat,
1233 2674 1328 2730 lotura
1352 2675 1526 2732 restrictior.
1544 2678 1613 2732 est:
1631 2690 1686 2732 nec
1710 2690 1835 2749 genera·

999 2763 1088 2818 tionis
1104 2765 1219 2818 aetatem
1242 2763 1331 2820 habet
1351 2765 1382 2819 in
1404 2767 1549 2836 potestate
1568 2765 1732 2837 generandi
1755 2765 1831 2836 ipsa,

999 2867 1066 2924 quae
1082 2856 1213 2924 generat.
1232 2852 1319 2908 Nune
1343 2853 1499 2909 intormem
1515 2854 1585 2925 situ,
1598 2869 1677 2910 nuuc
1699 2854 1761 2909 retu
1775 2869 1833 2910 nn·

107 2949 137 3001 et
151 2958 258 2999 rursus
279 2941 375 3007 1150
391 2940 427 2996 de
442 2939 552 2996 favillis
573 2939 638 2996 suis
654 2944 683 2996 et
699 2941 850 2997 cineribus
865 2941 945 2996 revi-
960 2950 986 3014 0
999 2940 1076 3010 dam,
1093 2956 1172 2995 nunc
1196 2941 1340 2997 virentem
1360 2942 1495 3012 floribus,
1516 2958 1595 2999 nuuc
1619 2945 1754 2999 arautem
1779 2942 1837 3013 (so)

110 3049 159 3087 vs
211 3074 217 3087 .

130 3036 264 3178 ι638.ῄὸθά
286 3119 416 3176 sonasse
431 3123 535 3174 natura
550 3118 720 3189 discretior,
743 3119 811 3175 fidei
824 3134 943 3191 quoque

109 3210 321 3267 discretionem
335 3208 471 3264 videatur
484 3206 590 3264 afferre
607 3225 613 3263 :
630 3209 661 3263 in
675 3207 822 3280 originem
837 3209 945 3279 prinei·

108 3299 249 3372 piumque
263 3298 393 3355 hominis
408 3296 584 3369 procreandi
605 3311 691 3352 mens
712 3300 816 3352 nostre
833 3298 944 3353 redeat.

999 3028 1095 3100 ipsam
1111 3029 1240 3084 omnium
1250 3046 1358 3085 cernas
1374 3033 1536 3101 parentem.
1549 3030 1621 3096 Quae
1631 3031 1734 3104 utique
1748 3031 1838 3087 vallet

999 3117 1138 3174 omnibus
1154 3134 1188 3173 se
1203 3119 1313 3174 vestire
1330 3119 1526 3190 temporibus,
1537 3133 1730 3191 necunquam
1745 3135 1837 3175 aurea

1000 3210 1137 3278 segetum
1152 3211 1201 3262 aut
1215 3207 1370 3262 viridantia
1385 3211 1536 3279 pratorum
1556 3207 1726 3263 indumenta
1740 3207 1835 3279 depo-

999 3310 1070 3351 nere
1087 3311 1093 3350 :
1110 3296 1176 3366 ipsa
1192 3297 1240 3352 sui
1256 3312 1361 3370 egens,
1378 3300 1407 3352 et
1418 3301 1613 3368 proventuum
1624 3311 1757 3366 suorum,
1769 3312 1837 3368 quae

97 3388 172 3444 11111
188 3388 274 3458 estis,
291 3386 409 3442 laminae
434 3386 520 3456 estis,
543 3401 610 3457 quae
635 3387 762 3441 humana
783 3391 862 3455 sunt,
886 3403 946 3442 non
997 3383 1027 3439 in
1042 3383 1117 3440 alios
1134 3384 1340 3454 transfuderit,
1358 3386 1488 3440 indotata
1501 3385 1696 3455 compendiis.

110 3477 257 3550 ignoratis
273 3493 280 3531 :
298 3480 328 3532 et
341 3477 369 3531 si
391 3475 441 3546 qui
464 3475 621 3547 ignoratis,
652 3490 689 3530 cx
716 3476 809 3532 nihilo
837 3477 946 3548 putatis
1033 3472 1077 3528 61.
1103 3472 1184 3546 Ergo
1213 3477 1242 3529 et
1265 3478 1397 3529 nostram
1422 3475 1674 3530 resurrectionem
1697 3475 1754 3530 etsi
1775 3489 1835 3530 uon

108 3581 202 3637 essa,
237 3565 316 3638 quod
344 3565 505 3620 nascimur.
535 3562 627 3630 Quam
657 3579 695 3619 ex
722 3580 816 3636 parvo
846 3565 947 3636 quanti
998 3562 1098 3617 credis
1114 3562 1182 3631 side,
1200 3578 1259 3618 uon
1270 3563 1368 3617 credis
1381 3563 1526 3633 exemplo,
1540 3579 1598 3617 usu
1608 3578 1642 3618 es
1653 3562 1834 3619 crediturus.

110 3655 303 3727 exsurgimus
318 3650 391 3724 (t‘l)l
405 3652 441 3708 Et
451 3654 478 3707 si
489 3668 548 3708 non
558 3652 767 3724 exprimimus,
782 3653 947 3727 intelligitis
999 3649 1035 3705 El
1045 3650 1112 3704 aliis
1128 3650 1246 3720 quidem
1262 3650 1418 3721 fructibus,
1441 3653 1472 3706 ut
1487 3651 1548 3719 viti,
1572 3651 1656 3721 eleas,
1677 3652 1835 3724 pomisque

110 3744 210 3799 umen
239 3743 310 3816 quid
338 3741 484 3811 velimus,
513 3741 562 3798 vcl
591 3742 690 3813 potius
718 3742 789 3814 quid
818 3743 947 3799 nolimus
999 3737 1132 3793 diversis
1157 3739 1225 3794 anui
1250 3743 1323 3795 aetas
1346 3744 1477 3796 extrema
1499 3739 1608 3796 habilis
1628 3741 1832 3796 maturandis:

147 3886 204 3955 (15)
221 3886 305 3941 Rom,
322 3884 403 3954 edit„
422 3906 434 3936 1
461 3886 489 3939 et
512 3885 691 3955 scriptorum
713 3885 886 3940 auctoritate
903 3902 910 3950 ;
934 3908 945 3932 ιι
1000 3881 1119 3952 signato
1135 3885 1267 3952 tempore
1283 3886 1311 3938 et
1328 3881 1393 3937 loeo
1408 3898 1478 3938 esse
1488 3883 1586 3938 testati
1602 3886 1692 3952 sunt;
1708 3884 1835 3956 prudeu-

112 3960 241 4025 0oetoroe,
258 3972 293 4011 ae
307 3972 382 4011 mss,
396 3969 510 4024 omnes,
534 3977 545 4002 a
567 3958 596 4010 et
615 3955 829 4026 seripturarum
844 3960 946 4011 aueto—
999 3956 1045 4006 ter
1060 3967 1131 4005 sarie
1146 3953 1187 4022 pii
1198 3953 1238 4006 illi
1255 3954 1309 4007 viri
1321 3954 1355 4008 ad
1369 3955 1571 4024 explicandam
1583 3955 1836 4027 asserendamque

111 4030 208 4083 ritate,
227 4047 239 4077 ι
256 4028 323 4082 Nou
338 4030 435 4082 tamen
450 4026 679 4081 existimandum
695 4031 741 4081 est
754 4027 946 4082 Ambrosium
1000 4025 1262 4093 resurrectionem,
1289 4041 1350 4080 rem
1373 4029 1458 4095 capitu
1487 4027 1516 4079 1η
1544 4027 1647 4097 primis
1672 4027 1834 4093 diflicilem,

115 4122 127 4147 ι
144 4114 212 4171 quae
226 4099 304 4168 apud
317 4103 456 4154 auctores
471 4097 519 4152 vel
538 4096 674 4153 ethnicos
690 4098 736 4152 val
752 4101 832 4153 certe
852 4100 946 4154 eccle·
1000 4095 1149 4149 commuui
1164 4097 1360 4164 persuasione
1373 4097 1416 4152 uti
1431 4097 1596 4152 voluerunt.
1612 4097 1760 4154 Caeterum
1773 4098 1836 4169 jam

112 4171 254 4226 siastieos
269 4170 306 4224 de
321 4169 458 4241 phoeuiee
472 4168 597 4241 legerat,
614 4183 648 4223 ea
670 4168 832 4239 Scripturis
848 4171 945 4223 saeris
1001 4165 1029 4218 1η
1046 4163 1211 4219 tabularum
1235 4183 1389 4224 numerum
1414 4168 1535 4238 plroenix
1559 4170 1722 4239 reponitur,
1742 4171 1773 4223 ut
1789 4168 1834 4221 vi-

110 4242 265 4310 imputara,
284 4260 296 4290 ι
313 4239 559 4312 quemadmodum
575 4239 729 4294 cavillatur
747 4239 877 4295 Dallaeus
893 4240 944 4295 lib.
959 4218 986 4281 D
1001 4236 1132 4316 dere-est
1148 4237 1225 4307 apud
1241 4239 1424 4293 recentiores
1435 4238 1833 4310 scriptoresOrnitholegiae.

112 4328 133 4366 11
149 4313 187 4366 de
205 4310 266 4366 Usu
280 4309 405 4366 Petrum
420 4326 484 4380 cap.
499 4311 526 4364 a.
539 4310 614 4364 Nam
628 4311 754 4366 cumlib.
770 4327 788 4365 v
802 4311 944 4366 Hexeem.
1001 4306 1060 4361 Sed
1077 4306 1148 4361 illud
1163 4308 1240 4377 apud
1255 4324 1308 4363 eos
1324 4325 1340 4363 a
1356 4310 1453 4364 debita
1466 4311 1578 4364 sanctis
1590 4309 1731 4364 Patribus
1747 4323 1835 4364 vene·

113 4398 178 4453 cap.
196 4382 240 4451 23,
250 4397 332 4439 uum.
341 4382 387 4451 19,
396 4380 565 4451 phoenicem
574 4382 945 4454 declaranstlguramassc
1000 4376 1115 4433 ratione
1130 4379 1216 4448 plane
1231 4379 1368 4447 alienum,
1386 4380 1465 4450 quod
1481 4396 1534 4434 eos
1550 4381 1600 4450 qui
1616 4379 1738 4435 credant
1753 4378 1836 4448 phoe·

112 4454 356 4522 resurrectionis,
372 4455 409 4507 de
423 4453 575 4522 Scriptura
586 4453 659 4508 nihil
668 4453 948 4525 planedica23quod
1003 4448 1100 4503 nicom
1128 4451 1288 4518 exsistere,
1319 4454 1421 4504 contra
1449 4451 1610 4520 Scripturas
1634 4450 1837 4506 auctoritatem

112 4528 211 4579 tamen
227 4523 304 4594 apud
326 4524 516 4593 christianos,
543 4523 652 4594 quibus
676 4524 835 4591 scribebat,
853 4523 947 4578 maxi-

113 4611 194 4650 mum
210 4595 366 4651 habuisset
380 4598 559 4650 momentum
576 4610 582 4649 :
600 4595 648 4650 hic
665 4596 713 4649 ubi
724 4597 786 4667 agit
800 4596 948 4651 adversus

114 4667 262 4734 ethnicos,
279 4682 332 4721 eur
346 4666 507 4737 Scripturas
523 4666 632 4720 divinae
645 4667 824 4721 mentionem
839 4666 949 4722 iaceret

113 4737 192 4807 apud
207 4736 387 4819 eoslnullam
397 4737 601 4818 auctoritatem
626 4737 796 4791 habiturae?
811 4737 944 4809 Scriptu-

113 4808 949 4950 ididittltttlslllltll”llllbtlllst

113 4966 208 5022 eaque
224 4966 291 5004 curn
305 4950 454 5005 relatione
464 4948 583 5005 crebra.
597 4950 627 5004 id
643 4952 698 5018 est,
707 4949 801 5004 vocali
813 4951 953 5005 sermoci-

115 5022 236 5076 natione
248 5024 413 5092 eomponat.
426 5021 529 5092 Neque
542 5037 611 5076 vero
621 5021 728 5075 mirum
740 5020 833 5095 videri
852 5022 950 5090 debet,

115 5094 142 5147 si
158 5092 305 5162 phoenicis
320 5092 456 5162 exemplo
471 5092 508 5145 ud
529 5092 712 5163 probandam
731 5108 887 5164 corporum
905 5109 951 5147 rc-

115 5166 333 5219 sur1·ectionem
350 5164 396 5217 usi
411 5163 520 5218 suerint
536 5167 652 5218 veteres
667 5164 782 5230 l‘atrcs,
798 5163 952 5219 Tertullia-

114 5250 174 5292 nus
189 5235 241 5289 lib.
259 5234 296 5289 de
311 5235 437 5290 Resurr.
454 5250 517 5303 cup.
535 5234 578 5302 la,
595 5235 722 5305 Cprillus
738 5234 819 5289 Hier.
838 5235 950 5289 catech.

118 5305 162 5371 18,
181 5305 319 5361 Clemens
346 5306 430 5360 Rom.
453 5305 545 5375 Epist.
570 5306 581 5359 l
605 5306 641 5359 ud
663 5306 807 5374 Corinth„
824 5306 953 5361 llasilius

115 5377 197 5432 hom.
214 5376 231 5429 8
247 5377 276 5430 1η
287 5377 442 5446 Heraens,
453 5376 636 5447 Epiphanius
647 5376 676 5430 in
691 5378 911 5433 [lucernarium
921 5377 955 5430 85

115 5450 145 5502 et
161 5448 189 5502 in
205 5447 371 5520 Phisiolog.
391 5465 454 5518 cap.
482 5448 526 5517 11,
548 5448 708 5518 pluresque
724 5448 773 5502 alii
787 5465 794 5517 3
810 5465 877 5502 uam
888 5463 955 5502 cum

115 5519 153 5575 de
170 5519 273 5573 endem
288 5535 353 5589 uve,
366 5517 398 5574 ui
411 5522 513 5589 poetas
524 5519 704 5586 emittamus,
717 5519 850 5574 historici
863 5524 956 5574 cater-

115 5590 208 5644 vatim
223 5590 410 5673 scripserint,
426 5593 458 5645 ut
477 5593 545 5661 puta
569 5589 738 5645 Herodotus
762 5591 793 5645 in
811 5590 908 5646 Eutcr
929 5607 954 5657 c,

116 5662 206 5718 Corn.
231 5662 352 5717 Tacitus
368 5662 478 5717 Annol.
503 5662 554 5717 lib.
572 5679 611 5731 vr,
639 5660 753 5717 Plinius
775 5661 826 5718 lib.
847 5679 865 5716 u
916 5667 955 5717 et.

1002 4521 1113 4573 sentire
1124 4522 1326 4606 pronuntiant.

1038 4590 1096 4662 (16)
1111 4591 1221 4648 bodam
1238 4608 1330 4647 sensu
1347 4592 1394 4646 bic
1416 4591 1497 4662 loqui
1522 4590 1638 4645 videtur
1659 4592 1837 4647 Ambrosius

1002 4667 1114 4728 noster,
1131 4678 1189 4734 quo
1206 4664 1327 4732 scripsit
1344 4663 1541 4734 Augustinus
1567 4662 1616 4716 lih.
1634 4680 1674 4718 xx
1688 4664 1727 4719 dc
1744 4663 1836 4731 civit,

1002 4732 1069 4800 Dei,
1087 4749 1151 4803 cap,
1167 4735 1193 4802 'l,
1215 4757 1224 4780 ιι
1241 4737 1290 4787 aut
1305 4737 1384 4789 certa
1405 4733 1485 4787 mille
1501 4749 1595 4786 uanos
1610 4748 1664 4803 pro
1680 4736 1765 4789 aunis
1780 4751 1840 4789 om·

1003 4803 1092 4857 nibus
1109 4803 1200 4873 hujus
1218 4805 1321 4858 saeculi
1337 4805 1446 4885 posuit,
1464 4808 1494 4856 ut
1506 4804 1637 4873 perducto
1653 4821 1776 4862 numero
1791 4822 1841 4860 no-

1003 4876 1115 4927 taretur
1140 4875 1204 4944 ipsu
1221 4879 1363 4945 temporis
1387 4875 1548 4945 plenitudo.
1568 4899 1578 4921 ιι
1605 4873 1696 4948 Favet
1720 4876 1839 4959 quidem

1004 4943 1071 4997 huie
1087 4947 1279 5014 expositioni,
1295 4946 1375 5017 quod
1398 4945 1474 4999 infru
1499 4963 1578 4999 nuru.
1603 4945 1637 5001 63
1668 4948 1838 5019 subjicitur,

1006 5015 1134 5070 obtundi
1151 5023 1282 5088 tempora
1302 5033 1398 5071 aunirs
1415 5033 1493 5070 unus
1517 5023 1573 5086 est,
1600 5041 1610 5065 ιι
1639 5022 1694 5074 etc.
1712 5018 1743 5074 Si
1772 5019 1841 5100 quis

1004 5091 1102 5140 tumen
1117 5089 1198 5142 uralit
1211 5089 1240 5142 1η
1265 5088 1402 5158 opinione
1427 5087 1653 5144 Chiliastrarum
1674 5090 1739 5145 lraec
1761 5089 1840 5144 dieta

1005 5172 1085 5225 esse,
1102 5159 1186 5213 adeat
1202 5175 1268 5229 quae
1285 5176 1341 5213 nos
1358 5159 1455 5229 priore
1476 5164 1553 5215 tomo
1570 5160 1599 5215 in
1614 5159 1748 5230 Exposit.
1759 5158 1840 5213 Psal.

1006 5245 1025 5297 1,
1044 5244 1123 5284 η111η.
1139 5231 1183 5298 bt,
1202 5232 1419 5284 murotuvimus.

1048 5299 1105 5368 (11)
1122 5302 1206 5355 llum.
1224 5301 1292 5356 edit.
1310 5307 1337 5356 ct
1352 5317 1426 5356 mss.
1444 5301 1564 5373 aliquot,
1588 5324 1598 5347 ιι
1619 5315 1734 5355 eumex
1749 5313 1841 5369 parve

1007 5372 1078 5433 tanti
1095 5387 1306 5444 exsurgamus.
1328 5395 1338 5421 ι
1590 5416 1593 5421 .

1043 5444 1099 5517 (18)
1115 5444 1180 5498 Non
1197 5446 1283 5514 pauci
1298 5462 1384 5514 mss,
1404 5469 1413 5490 ιι
1433 5443 1485 5498 sed
1503 5446 1570 5496 notu
1586 5441 1738 5511 mysteria.
1758 5465 1768 5490 ιι

1056 5514 1101 5582 aa)
1118 5514 1257 5571 Nonnulli
1274 5533 1360 5583 mss,
1380 5538 1390 5564 ι
1413 5517 1548 5568 onustute
1564 5513 1723 5566 curvescit.
1742 5536 1752 5561 ι

1044 5523 1101 5656 (501
1127 5586 1216 5642 lidcm
1245 5603 1331 5654 mss,
1362 5610 1372 5634 ιι
1399 5601 1477 5640 ηηηο
1500 5583 1656 5636 intormem
1681 5585 1752 5655 situ,
1768 5599 1847 5640 nuuc

1010 5657 1190 5729 fecundam·
1210 5675 1289 5717 aune
1308 5659 1454 5716 virentem
1473 5652 1617 5733 ttoribus,
1643 5670 1721 5714 nuuc
1741 5670 1850 5724 careus

118 5732 200 5802 11111.
217 5748 281 5815 cap.
297 5733 325 5810 1,
337 5736 365 5795 et
381 5733 440 5809 atii,
459 5750 585 5815 querum
600 5732 734 5798 uouuussi
756 5733 852 5793 visam
872 5734 958 5803 etiem
1011 5736 1083 5800 tem.
1102 5752 1113 5780 ι
