3900 6128
168 336 246 404 1383
892 333 925 396 S.
948 327 1170 400 auaaosu.
1819 334 1882 402 1³84

171 540 220 596 bis
231 538 360 596 fructum
370 537 438 610 ejus
449 537 587 592 omnibus
599 536 706 592 diebus
726 537 794 592 vitm
814 516 1046 607 chaspiniaci
1060 534 1385 607 medicum,sequamur
1395 534 1568 591 remedium.
1578 533 1881 590 Remediumnostrun

171 630 200 684 et
214 627 342 683 tribulos
358 626 536 700 germinabit
551 625 613 694 tibi,
631 629 659 680 et
680 626 752 680 edes
768 624 908 696 pabulum
926 623 1002 695 agri.
1060 623 1169 679 Christi
1181 624 1340 697 gratiaest,
1352 628 1501 695 etcerpus
1517 624 1622 678 mertis
1633 638 1748 694 corpus
1766 627 1881 678 estnos·

170 715 243 772 Cum
259 717 368 772 sudore
394 716 494 772 vultus
509 715 550 771 tui
575 715 768 770 manducabis
788 729 893 785 panem
909 717 1001 783 tuum,
1060 717 1147 769 trum.
1158 713 1238 786 Ergo
1251 714 1502 785 peregrinemura
1516 727 1654 784 corpore,
1672 729 1710 768 ne
1726 713 1882 784 peregrine·

169 804 263 861 denec
278 805 439 861 revertaris
455 805 620 875 interram,
645 804 683 859 de
698 820 756 876 qua
778 805 953 874 assumptus
967 816 1002 857 es
1060 817 1127 857 mur
1140 818 1157 856 a
1171 802 1311 872 Christo,
1328 803 1385 857 etsi
1407 804 1437 856 in
1447 818 1572 873 corpere
1587 817 1707 870 sumus,
1722 804 1882 873 tamenqoe

169 894 257 968 (Gen.
269 912 311 962 ιιι,
328 892 436 963 ιι-19).
455 917 466 942 ιι
1061 894 1130 947 ειιιιι
1141 892 1277 963 corperis
1286 906 1341 946 nec
1352 906 1521 963 sequamur,
1534 906 1589 946 nec
1607 881 1709 946 1145
1723 890 1883 946 deseremus

204 981 636 1054 38.Habespoenarumlerias,
659 983 728 1055 qnia
739 982 886 1036 adversus
898 980 1002 1051 spinas
1056 979 1127 1052 jura
1151 984 1263 1036 naturae
1288 980 1344 1050 (ιι,
1371 980 1425 1035 sed
1448 980 1524 1035 dena
1546 980 1656 1052 gratiae
1680 983 1883 1050 praeeptemus:

168 1072 273 1129 saeculi
284 1071 376 1144 hujus
386 1076 415 1127 et
425 1071 642 1127 sollicitudines
653 1070 764 1139 muudi,
777 1068 1004 1140 voluptatesque
1063 1092 1074 1118 ι
1089 1069 1220 1125 Dissolvi
1230 1069 1320 1139 enim,
1332 1071 1361 1124 et
1371 1085 1439 1125 cum
1449 1068 1569 1124 Christe
1576 1083 1650 1124 esse
1663 1069 1761 1123 multe
1776 1068 1883 1124 melius:

167 1160 346 1232 divitiarum,
358 1176 425 1233 quae
436 1159 567 1216 Verbum
585 1158 757 1228 excludunt,
770 1173 887 1228 poenam
907 1155 1003 1211 inclu-
1059 1173 1235 1230 permanere
1245 1161 1342 1213 autam
1352 1158 1383 1213 in
1397 1173 1487 1214 carna
1503 1157 1600 1231 magis
1615 1157 1885 1228 necessarinmpre

165 1249 238 1306 dunt
252 1250 333 1321 (Luc.
350 1266 412 1320 mu,
429 1249 492 1320 ta);
517 1264 598 1304 mers
623 1263 677 1320 pro
698 1246 830 1302 remedie
854 1246 921 1301 data
945 1248 1002 1315 est,
1061 1249 1125 1319 pter
1139 1263 1195 1303 ves
1209 1246 1352 1321 (Philipp.
1365 1264 1385 1318 ι,
1399 1247 1445 1317 88,
1460 1246 1516 1316 tl).
1536 1271 1548 1295 ι

166 1339 253 1413 quasi
263 1339 332 1394 finis
341 1338 494 1394 malorum.
508 1338 573 1394 Non
584 1337 663 1393 enim
683 1336 775 1391 dixit:
791 1332 933 1400 Quoniam
950 1350 1004 1389 au·
1095 1335 1141 1392 ta
1151 1335 1210 1392 Sed
1221 1351 1281 1393 non
1291 1335 1433 1392 omnibus
1442 1338 1662 1406 necessarium,
1671 1336 1801 1393 ὓοιιιιιιε
1811 1335 1884 1391 lesu:

164 1429 236 1485 disti
250 1444 354 1484 vocem
377 1427 522 1497 mulieris,
549 1426 710 1483 reverteris
739 1425 771 1481 in
795 1428 923 1494 terram,
939 1423 1004 1479 haec
1061 1441 1121 1481 ιιοιι
1141 1425 1223 1493 ιιιιιιι,
1241 1425 1292 1498 qui
1316 1425 1389 1481 nulli
1403 1425 1484 1480 utilis
1499 1441 1586 1496 sum;
1610 1441 1684 1480 nam
1700 1424 1886 1481 mihilaemn

165 1517 244 1573 enim
259 1520 340 1574 esset
354 1515 481 1589 poenalis
504 1516 660 1585 sententia,
687 1512 940 1587 quemadmodum
956 1515 1003 1567 est
1062 1515 1204 1584 estmeri,
1217 1515 1347 1586 neplura
1356 1529 1490 1586 peccem.
1508 1513 1642 1570 Lucrum
1659 1513 1741 1569 mihi
1759 1515 1887 1582 εειιιειι,

166 1606 234 1662 illa:
253 1604 433 1661 «Maledicta
444 1607 540 1661 terra:
558 1605 662 1675 spinas
673 1607 702 1660 et
711 1601 837 1658 tribules
852 1601 1004 1674 germina·
1062 1604 1113 1677 qui
1127 1605 1193 1675 ipso
1208 1604 1285 1660 libre
1300 1618 1359 1676 que
1374 1603 1449 1659 alies
1464 1593 1616 1673 consolor,
1635 1604 1731 1675 qnasi
1746 1603 1886 1659 vehemen-

166 1695 290 1762 hittibi;
309 1693 387 1749 -sca
403 1694 494 1750 dixit:
516 1715 527 1743 ι
546 1692 741 1748 Manducabis
756 1705 862 1764 panem
878 1693 960 1746 tuum
974 1689 1005 1745 in
1062 1695 1136 1750 tiore
1151 1693 1297 1749 monitore
1311 1692 1348 1748 ad
1363 1692 1547 1749 desideriam
1564 1692 1675 1747 amissi
1687 1691 1887 1762 iratrisimpel·

167 1783 288 1855 sudore,
300 1784 393 1840 denec
405 1782 565 1838 revertaris
577 1782 608 1837 in
619 1784 739 1838 terram.
753 1802 764 1827 ι
778 1779 870 1834 Vides
879 1781 1004 1834 mortam
1062 1782 1108 1838 lor
1121 1781 1261 1855 queniam
1275 1797 1323 1837 me
1339 1781 1407 1856 ejus
1422 1797 1481 1838 noa
1495 1782 1565 1837 sinit
1575 1781 1736 1837 oblivisci.
1746 1780 1828 1836 Nunc
1841 1796 1887 1835 na·

168 1873 265 1946 magis
280 1876 388 1929 metam
403 1886 473 1927 esse
489 1875 657 1926 nostrarum
677 1884 844 1941 poenarum,
860 1884 919 1941 qua
933 1884 1003 1923 cur·
1061 1871 1110 1943 gis
1124 1886 1202 1941 amo,
1219 1874 1248 1927 et
1263 1871 1470 1926 vehementius
1493 1870 1646 1926 desidero.
1674 1869 1824 1926 Desidere
1834 1886 1886 1925 cnn

170 1978 225 2018 sus
239 1961 332 2034 hujus
347 1961 415 2017 vitae
429 1960 593 2016 inciditur?
1061 1961 1177 2033 loquer,
1194 1960 1333 2016 desidero
1359 1976 1427 2015 cum
1451 1959 1553 2033 relege
1562 1978 1570 2026 ;
1596 1963 1627 2015 et
1642 1960 1715 2015 ideo
1731 1959 1789 2015 hoe
1802 1960 1883 2031 petius

203 2051 248 2107 39.
271 2049 352 2123 Ergo
373 2065 455 2106 ιιιοιε
470 2064 529 2105 ιιοιι
549 2047 646 2105 solum
663 2046 779 2118 {malum
803 2062 862 2102 non
877 2049 933 2114 est,
949 2044 1004 2100 sed
1020 2033 1046 2096 Β
1061 2049 1254 2105 scribendum
1269 2049 1406 2120 arbitror,
1423 2065 1460 2105 ne
1478 2049 1598 2122 quando
1613 2049 1652 2104 ab
1678 2047 1753 2120 ojus
1768 2049 1885 2104 recome-

170 2142 258 2198 etiam
269 2138 380 2195 benum
391 2142 448 2194 est.
461 2137 594 2210 Denique
605 2152 659 2208 pre
671 2136 748 2192 bone
762 2136 914 2208 quaeritur,
927 2136 1005 2190 sicut
1062 2140 1140 2195 tiene
1154 2138 1287 2195 divellar.
1303 2137 1387 2203 Quod
1411 2154 1470 2193 nen
1490 2140 1594 2193 contra
1615 2136 1794 2209 Scripturas
1811 2136 1880 2204 lario,

104 2236 107 2241 '
169 2229 390 2302 scriptumest:
410 2250 421 2273 ι
438 2225 577 2292 Quaerant
591 2225 728 2281 hemines
743 2229 877 2280 mertem.
902 2227 1004 2279 etnen
1062 2229 1116 2284 sed
1132 2244 1199 2283 curn
1221 2227 1384 2297 Scripturis
1400 2228 1516 2298 sentio:
1541 2230 1574 2282 ut
1596 2226 1767 2299 patientius
1780 2226 1883 2292 delean,

170 2319 321 2375 invenient
345 2332 409 2371 eam
433 2315 537 2387 (Apeo.
561 2330 602 2384 rx,
620 2313 658 2384 6).
677 2338 688 2361 ι
706 2313 846 2379 Quaerant
867 2312 945 2369 euim
959 2312 1004 2367 illi
1041 2317 1262 2390 impatientius
1277 2317 1455 2373 desiderem.

169 2408 219 2482 qui
234 2406 341 2462 dicturi
356 2409 426 2460 suut
441 2403 609 2460 montibus:
637 2425 649 2454 ι
667 2401 768 2458 Gadita
784 2416 957 2473 supernos,
974 2403 1003 2455 et

170 2497 318 2554 collibus:
347 2494 465 2566 Operite
490 2509 545 2548 nes
568 2492 650 2562 (Lae.
668 2508 752 2561 axin,
772 2490 860 2562 ut).-
885 2489 1005 2556 Quaeret

169 2587 257 2644 etiam
268 2582 432 2652 animailla,
445 2598 512 2654 quae
529 2585 641 2653 peccat.
659 2580 770 2646 Quaerit
785 2580 870 2635 dives
886 2580 934 2635 ille
948 2595 1003 2650 po·

170 2678 247 2732 situs
262 2676 291 2729 in
306 2673 433 2742 interne,
449 2672 500 2744 qui
515 2671 577 2726 vult
597 2669 690 2743 digito
715 2669 818 2725 Lazari
832 2667 1003 2741 refrigerari

168 2765 302 2837 linguam
317 2777 402 2818 suam
417 2761 498 2830 (Luc.
515 2776 576 2830 xvi,
593 2759 651 2827 ιι).

205 2853 249 2909 lo.
259 2852 401 2909 Videmus
411 2851 507 2920 itaque
519 2849 597 2920 qued
612 2850 641 2902 et
652 2863 734 2903 mers
743 2847 808 2904 hese
820 2847 937 2902 lucrum
946 2849 1002 2917 est,

172 2946 200 3001 et
210 2943 270 2997 vita
280 2955 365 3013 poena
374 2942 430 2994 est.
450 2937 535 2994 Unde
552 2940 581 2992 et
599 2937 710 2992 Paulus
722 2938 779 2993 ait:
806 2959 817 2985 ι
834 2935 906 2991 Mihi
920 2935 1004 2990 vive-

171 3049 204 3091 re
219 3032 358 3088 Christus
374 3033 430 3098 est,
446 3031 475 3083 et
489 3027 565 3083 meri
580 3026 700 3082 lucrum
723 3026 864 3099 (Philipp.
880 3043 899 3095 1,
916 3023 972 3095 st).
990 3047 1002 3072 ι

170 3123 246 3191 Quid
256 3123 303 3177 est
312 3118 462 3188 Christus,
475 3117 532 3173 nisi
544 3132 627 3172 mers
637 3117 782 3188 corperis,
791 3116 915 3187 spiritus
922 3114 1006 3169 vitae?

170 3212 208 3268 Et
217 3212 283 3267 ideo
295 3209 524 3266 commoriamur
534 3223 601 3262 curn
612 3222 659 3277 eo,
681 3209 712 3261 ut
727 3207 863 3261 vivamus
875 3219 942 3261 cum
956 3218 1003 3259 ee.

171 3303 214 3358 Sit
229 3299 349 3374 quidam
365 3297 555 3370 quotidianus
573 3312 647 3352 usus
663 3296 692 3351 in
708 3295 806 3363 nobis,
821 3297 1005 3364 arrectasque

1097 2407 1143 2463 le.
1159 2406 1312 2462 Praetitisti
1327 2406 1410 2476 mihi,
1427 2405 1528 2476 trater,
1543 2421 1582 2462 ne
1608 2408 1742 2461 mortem
1763 2406 1881 2473 timerem,

1063 2498 1150 2568 atque
1166 2496 1276 2564 utinam
1292 2496 1434 2550 meriatur
1457 2495 1553 2550 anima
1575 2510 1644 2550 mea
1665 2495 1700 2550 in
1726 2492 1880 2550 animatae!

1063 2587 1119 2641 hoc
1130 2585 1210 2641 enim
1228 2584 1288 2640 sihi
1307 2583 1425 2639 Βιιιιειιι
1440 2600 1494 2653 pre
1504 2584 1635 2639 maxime
1651 2583 1740 2639 bone
1753 2587 1832 2655 optat,
1844 2583 1880 2637 de

1063 2680 1151 2732 natus
1165 2673 1277 2745 Spiritu
1291 2673 1504 2745 prophetandi:
1523 2694 1534 2724 ι
1552 2673 1715 2742 Moriatur,
1733 2673 1828 2745 inquit,
1836 2672 1878 2725 ani

1063 2782 1110 2821 ma
1124 2780 1190 2821 mea
1215 2764 1246 2819 in
1259 2764 1367 2818 animis
1379 2762 1540 2834 justornm,
1567 2764 1598 2817 et
1620 2762 1674 2816 frat
1691 2777 1794 2817 semen
1806 2775 1876 2815 mauu
1911 2758 1913 2781 ¹

1063 2856 1253 2912 sioutsemen
1262 2853 1387 2908 istorum
1397 2853 1454 2921 (28)
1474 2851 1573 2913 (Num.
1586 2868 1676 2921 xxrrr,
1693 2849 1774 2922 w).-
1786 2849 1875 2905 Slvere

1064 2946 1120 3001 hec
1130 2943 1294 3000 secundum
1304 2941 1488 3012 prophetiam
1509 2943 1608 3011 optat:
1623 2942 1680 3012 qni
1697 2941 1775 2996 enim
1789 2938 1875 2992 rideret

1064 3037 1161 3090 ertum
1169 3032 1291 3102 Christi,
1303 3031 1376 3086 vidit
1386 3030 1454 3103 ejus
1466 3029 1660 3100 triumphale,
1680 3029 1755 3084 vidit
1770 3031 1871 3089 merten.

1064 3124 1136 3179 vidit
1150 3124 1181 3178 in
1195 3138 1229 3178 ee
1245 3135 1406 3192 perennem
1420 3119 1573 3174 hominurn
1584 3119 1831 3174 resurrectionen
1839 3118 1872 3180 ;rt

1064 3214 1129 3269 ideo
1147 3212 1222 3268 meri
1237 3226 1295 3267 noa
1310 3209 1401 3282 timet}
1413 3211 1654 3264 resurrecturus.
1683 3207 1751 3263 Non
1765 3207 1872 3262 mer-latu

1063 3316 1137 3375 ergo
1151 3301 1246 3356 anima
1265 3315 1330 3355 mea
1344 3299 1373 3353 in
1388 3300 1520 3370 peccato,
1536 3311 1637 3368 neque
1652 3301 1806 3368 peccatum
1818 3295 1840 3348 ιι
1850 3306 1870 3345 ει

171 3389 332 3455 moriendi:
348 3392 381 3443 ut
394 3402 448 3459 per
462 3386 552 3456 illam,
564 3401 654 3458 quarn
665 3384 807 3454 diximus,
820 3383 1004 3455 segregatio·
1022 3396 1048 3459 (2
1063 3392 1185 3462 recipiat
1200 3389 1276 3459 (99);
1293 3388 1347 3444 sed
1362 3387 1505 3442 moriatur
1518 3387 1548 3440 in
1562 3386 1666 3440 anima
1678 3385 1774 3457 justi:
1789 3386 1816 3439 ut
1826 3382 1870 3453 rjus

171 3497 238 3537 nem
254 3477 436 3549 acorpereis
457 3474 669 3546 cupiditatibus
684 3473 781 3528 anima
796 3475 897 3528 nestra
912 3487 946 3526 se
961 3471 1004 3526 di·

171 3573 246 3642 scat,
256 3567 423 3636 extrahere,
440 3570 470 3621 et
483 3569 622 3638 tanquam
646 3564 676 3619 in
691 3562 810 3618 sublimi
825 3561 929 3630 locata,
944 3575 1003 3633 que

171 3669 299 3720 terrena
314 3657 395 3713 adire
410 3653 560 3725 libidines,
577 3657 605 3709 et
619 3669 685 3708 eam
710 3651 768 3707 sibi
783 3648 931 3724 glutinare
945 3665 1004 3705 aen

174 3750 302 3827 possint,
323 3745 467 3816 suscipiat
488 3748 613 3799 mertem
638 3741 806 3813 imaginem,
828 3755 866 3794 ne
887 3754 1005 3810 poenam

172 3839 277 3896 mortis
288 3837 430 3891 incurrat.
441 3833 598 3905 Repugnat
608 3829 849 3887 enimlexcarnis
861 3829 1005 3900 tegimen·

81 3952 92 3975 ο
173 3930 213 3983 ιιε
223 3926 291 3998 (26),
303 3928 330 3981 ει
341 3938 406 3980 eam
416 3922 475 3994 legi
485 3920 600 3976 erroris
611 3920 729 3990 addicit,
749 3920 828 3974 sicut
843 3918 1004 3988 Apostolus

171 4016 322 4085 revelavit,
335 4013 457 4068 dicens:
481 4011 593 4065 ·t'ide0
609 4009 687 4064 euim
703 4008 801 4080 legem
815 4006 915 4062 carnis
931 4021 1004 4061 meae

132 4122 152 4149 ⁰
171 4106 385 4179 repugnantem
394 4102 479 4174 leges
490 4099 597 4155 mentis
606 4112 690 4167 mem,
706 4100 735 4152 et
751 4097 946 4168 captivantem
958 4109 1004 4150 me

170 4198 202 4254 in
216 4197 283 4269 lege
306 4190 420 4265 peccati
434 4188 528 4261 (Ιιοιιι.
541 4204 592 4257 vn,
608 4186 665 4257 ιι).
684 4207 695 4234 ι
722 4184 831 4240 Omnes
846 4185 1004 4257 impugna-

170 4285 247 4352 mur,
260 4297 364 4339 ornnes
375 4278 539 4335 sentimus:
564 4275 618 4333 sed
633 4290 692 4330 nen
713 4291 817 4331 omnes
832 4274 1002 4329 liberamur.

171 4377 208 4433 Et
218 4376 285 4431 ideo
296 4370 399 4428 infelix
413 4383 470 4441 ege
486 4367 584 4438 hemo,
608 4365 666 4420 nisi
682 4363 846 4420 remedium
861 4378 1002 4436 quaeram.

205 4466 251 4522 u.
267 4463 326 4520 Sed
336 4460 415 4534 qued
435 4456 620 4513 remedium?
636 4477 648 4507 ι
665 4454 738 4521 Quis
753 4468 800 4508 me
816 4452 953 4507 liberavit
967 4451 1003 4507 de

171 4569 297 4628 corpore
306 4550 410 4608 mortis
421 4547 513 4621 hujus
524 4547 538 4601 ι
551 4545 650 4603 Gratia
661 4544 713 4599 Dei
723 4558 777 4615 per
787 4542 891 4597 lesum
901 4541 1004 4596 (thris-

169 4651 231 4705 tum
247 4642 403 4700 ὓοιιιίιιιιιιι
418 4633 656 4709 nestrum(1bid.
679 4633 724 4703 ιι,
744 4631 800 4701 25).
820 4653 831 4681 ι
851 4630 1004 4685 Habemus

207 4785 264 4857 (ιιι)
278 4781 420 4841 Nonnulli
434 4797 521 4851 mss,
539 4801 550 4829 ι
567 4777 628 4850 legi
640 4777 704 4832 Dei.
723 4799 734 4825 ι
843 4845 849 4856 ·

207 4860 263 4930 (ιι)
280 4858 354 4912 hlss.
371 4855 491 4927 aliquot,
510 4875 521 4900 ι
540 4867 599 4906 nen
617 4849 824 4906 desideremus
836 4861 906 4917 pure
921 4846 1005 4899 natu·

172 4947 227 4986 rae.
245 4951 257 4978 ι

208 5000 266 5070 (28)
277 4998 341 5053 Vct.
357 4997 426 5052 edit.
442 5012 477 5050 ac
491 4992 593 5064 plures
608 5007 698 5060 mss,
716 5014 727 5039 ι
745 4990 822 5046 sieut
838 5003 941 5044 semen
954 4985 1005 5059 ju-

175 5076 309 5137 storum,
327 5067 461 5122 »rectius
472 5065 646 5120 tamenedit.
664 5066 749 5118 llum.
765 5065 794 5117 et
809 5061 857 5116 alii
872 5076 958 5127 mss,
974 5062 1006 5113 ut

173 5146 205 5200 in
225 5143 373 5197 contextu.
392 5137 505 5190 Etenim
526 5137 576 5190 ubi
596 5136 689 5190 llebr.
708 5140 736 5190 ει
747 5132 846 5205 t'ulg,
865 5152 877 5183 ι
893 5135 922 5186 et
937 5131 1006 5185 siant

173 5213 338 5274 novissime
354 5224 416 5264 mee
432 5223 534 5261 eorum
550 5207 676 5271 similia;
696 5231 707 5254 u
725 5205 804 5260 Lxx
826 5206 948 5273 interpr.
960 5201 1005 5256 el-

174 5297 284 5364 terunt,
316 5291 360 5343 aeti
390 5282 487 5359 γένοιτι
511 5281 540 5336 τὸ
561 5282 661 5357 σπέρμα
691 5304 739 5357 μου
760 5284 793 5345 ὡς
818 5279 919 5357 crrt'pper
942 5279 1005 5335 τού-

172 5394 233 5434 των.

209 5448 266 5518 (29)
279 5444 353 5499 llss.
369 5438 491 5511 aliquot,
511 5460 522 5483 ι
539 5450 636 5506 neque
651 5435 764 5506 peccati
788 5436 819 5489 in
835 5448 868 5489 se
885 5433 1007 5506 recipiat

174 5520 368 5591 iniquitatem.
388 5538 398 5562 ι

166 5648 169 5655 ,
210 5590 268 5660 (39)
287 5589 396 5642 Omnes
414 5580 483 5638 edit.
501 5595 536 5634 ac
555 5592 630 5633 mss.
649 5592 710 5633 nen
725 5576 822 5647 pauci,
841 5599 852 5623 α
870 5592 924 5632 nee
939 5591 1007 5648 grn-

171 5661 249 5717 tiosa
259 5657 412 5725 divitibus,
430 5677 442 5702 ι
460 5651 540 5726 quod
555 5648 675 5723 quidem
689 5648 757 5703 licat
780 5662 883 5718 perse
899 5663 1007 5704 verum

167 5732 222 5807 ιιι,
237 5731 275 5791 ab
291 5729 348 5791 hoe
372 5731 471 5787 tamen
494 5724 562 5784 lece
585 5735 713 5800 prorsus
737 5719 876 5779 edanum.
891 5717 1007 5798 Optime

1063 3482 1185 3553 recipiet
1199 3478 1376 3551 equitatem.
1389 3475 1520 3548 Denique
1531 3474 1581 3528 eui
1597 3474 1729 3531 moritur
1742 3475 1771 3529 in
1783 3471 1871 3529 Christe

1063 3571 1096 3627 tit
1109 3568 1177 3641 eius
1193 3567 1297 3640 gratim
1312 3565 1461 3636 particeps
1476 3564 1506 3619 ιιι
1520 3562 1656 3618 lavacro.

1098 3659 1144 3715 rt.
1154 3657 1220 3713 Nou
1231 3671 1304 3728 erge
1315 3651 1512 3710 lormidabilis
1524 3666 1619 3721 mors,
1632 3667 1692 3707 acc
1707 3663 1871 3722 amanegu·

1064 3749 1158 3818 tibus,
1167 3762 1222 3802 nec
1234 3744 1355 3818 gravier
1364 3741 1509 3797 divitibus
1518 3740 1588 3811 (80),
1598 3756 1658 3796 nec
1673 3740 1785 3812 injusta
1798 3738 1870 3794 sanie·

1064 3839 1158 3901 ribus,
1175 3851 1232 3892 nec
1246 3835 1355 3907 ignava
1372 3830 1509 3899 iortibus,
1521 3844 1579 3885 nec
1593 3832 1743 3901 perpetua
1756 3827 1869 3885 fidelibu.

1064 3943 1119 3984 nec
1140 3924 1302 3996 improvisa
1322 3919 1510 3992 sapientibus
1529 3918 1599 3989 (et).
1615 3917 1714 3985 Quam
1729 3915 1869 3973 maltieaiu

1063 4018 1153 4072 vitam
1165 4013 1231 4070 selo
1241 4012 1347 4068 mertis
1369 4008 1453 4065 titulo
1466 4011 1701 4063 consecrarant.
1716 4002 1868 4072 Οιιιιιιεειι

1063 4122 1135 4163 vere
1146 4103 1258 4175 puduit,
1274 4100 1350 4156 mori
1364 4094 1491 4171 profuiti
1508 4096 1602 4153 hlorte
1618 4097 1713 4153 unius
1728 4097 1868 4168 plerunque

1063 4190 1388 4266 accepimusmaximes
1403 4187 1528 4259 populus
1543 4185 1709 4242 liberates:
1731 4188 1818 4241 morte
1834 4183 1866 4236 in

1062 4281 1340 4358 peratorisiugates
1350 4277 1499 4334 exercitus
1509 4269 1867 4348 hostium,quesvirnsria

1063 4389 1132 4430 cere
1146 4370 1343 4443 nequivisset.

1097 4464 1143 4519 ιδ.
1168 4462 1261 4516 blerte
1285 4459 1446 4528 martyrum
1468 4452 1575 4526 religio
1598 4452 1742 4522 defensa,
1757 4448 1866 4508 cumaei!

1063 4554 1148 4623 fides,
1161 4547 1296 4606 Ecclesia
1306 4546 1443 4603 roborata
1457 4545 1519 4599 est:
1538 4543 1679 4597 vicerunt
1695 4540 1810 4609 mertui,
1822 4531 1866 4589 rici

1061 4643 1271 4716 persecutores
1283 4637 1362 4692 sunt.
1375 4634 1475 4706 ltaque
1490 4647 1619 4705 querum
1632 4632 1727 4688 vilem
1737 4629 1864 4687 amenas,

1018 4790 1046 4852 D
1063 4781 1300 4859 igiturBenign.,
1311 4773 1865 4849 Remig.etaliieodices,quaaquamau

1063 4857 1157 4924 multi,
1176 4878 1187 4902 ·
1204 4868 1259 4907 nec
1275 4849 1396 4923 gravior
1411 4846 1562 4902 divitibus
1580 4869 1592 4892 ι

1099 4929 1157 4997 (el)
1172 4923 1307 4979 Nannius
1322 4922 1352 4975 in
1375 4933 1477 4974 eorum
1499 4930 1669 4986 numerum,
1685 4917 1737 4989 qui
1752 4914 1815 4968 vita
1826 4919 1864 4964 sut

1064 4997 1274 5071 turpitudinem
1292 4993 1417 5047 honesta
1431 4992 1524 5045 morte
1535 4987 1722 5055 velaverunt,
1733 4983 1837 5043 Catenis
1846 4976 1865 5030 ι·

1064 5072 1136 5128 lium
1152 5071 1180 5124 et
1200 5066 1344 5122 Othonem
1362 5062 1568 5133 imperatorem
1584 5059 1695 5114 refert:
1721 5058 1759 5113 de
1773 5061 1865 5128 quantu

1065 5145 1153 5200 etiam
1164 5137 1329 5211 posteriore
1340 5132 1463 5188 Ausonii
1479 5146 1598 5198 versus,
1617 5146 1654 5186 ac
1671 5127 1801 5184 Suetonii
1812 5123 1865 5178 esa

1066 5213 1196 5269 menium
1220 5208 1336 5281 promit.
1361 5205 1419 5260 Sed
1433 5203 1510 5257 alies
1536 5201 1647 5257 addere
1661 5187 1865 5272 potuissetlnd

1065 5299 1188 5357 patarea,
1200 5282 1251 5364 qui
1265 5278 1335 5347 sibi,
1346 5280 1377 5331 ut
1391 5274 1569 5330 Ambrosius
1592 5273 1715 5341 indicat,
1732 5271 1827 5351 samam
1838 5261 1866 5316 ιι·

1066 5359 1104 5412 cti
1116 5368 1262 5426 sanguine
1277 5350 1474 5413 redemerunt,
1491 5359 1630 5416 quosque
1644 5343 1758 5415 passim
1773 5338 1866 5420 inlitte-

1066 5443 1165 5483 rarum
1176 5421 1364 5479 monimentis
1373 5418 1516 5475 effendas.
1532 5415 1617 5482 Quod
1632 5420 1730 5470 sutem
1741 5412 1795 5468 suh
1807 5410 1867 5462 retur

1066 5500 1102 5554 de
1114 5497 1230 5569 populis
1242 5494 1331 5549 unius
1342 5494 1434 5546 morte
1443 5489 1590 5556 liberatis,
1601 5486 1685 5542 adire
1696 5486 1773 5549 lieet,
1792 5427 1866 5548 &xpo

1066 5573 1117 5626 sit.
1139 5570 1170 5623 in
1190 5567 1261 5623 an.
1281 5563 1333 5618 lib.
1352 5578 1391 5632 rr,
1406 5576 1488 5618 num.
1504 5558 1569 5632 tos,
1585 5563 1616 5615 et
1630 5560 1763 5615 nestram
1776 5551 1866 5609 edem

1066 5641 1164 5701 locum
1180 5637 1369 5696 notationem.
