3900 6128
107 306 167 374 475

864 295 896 360 S.
921 292 1131 358 aussuosu

107 508 164 564 hoc
188 510 243 575 est,
261 521 379 561 carnem
401 505 430 559 in
453 503 541 558 terris
566 499 729 569 assumpsit
753 514 790 552 ex
805 477 979 567 virginali
997 494 1135 566 Spiritum
1152 496 1213 566 Dei,
1230 496 1327 567 ipsum
1343 495 1482 567 Spiritum
1497 495 1616 567 Christi,
1642 495 1720 567 ipstu

106 596 257 662 Quomodo
273 611 345 667 ergo
361 592 515 649 descondit
529 591 614 661 panis
631 605 647 643 o
663 589 748 655 coelo,
763 590 790 641 et
801 586 886 657 panis
904 584 944 637 vi-

106 687 189 740 vus‘?
212 685 285 750 Quia
311 684 387 737 idem
407 683 550 737 Dominus
566 683 668 733 noster
692 678 784 732 lesus
804 675 941 730 Christus

107 790 233 830 consors
245 777 291 828 est
299 772 497 828 etdivinitatis
508 773 537 824 et
548 768 682 838 corporis
696 783 701 820 z
716 770 743 820 ct
752 768 783 819 tu
801 765 852 835 qui
862 763 942 817 acci-

107 864 295 934 piscanum,
309 861 416 915 divinae
435 859 502 930 ejus
521 857 696 914 substantia
713 855 741 907 in
762 852 942 923 illcpartici-

106 953 187 1022 paris
198 951 337 1005 alimento
347 950 402 1019 (De
415 950 568 1016 Carsania,
583 947 651 1000 dist.
664 946 689 1014 ⁶2,
703 961 728 998 c.
739 943 821 996 Sicut
833 947 878 996 est
890 956 943 994 ve-

106 1038 364 1114 rungliposum).

435 1178 560 1232 CAPUT
577 1177 611 1231 ll.

109 1306 142 1364 lu
154 1303 494 1362 sacramentisomnilius
510 1300 669 1356 Trinitatis
683 1299 891 1372 operationem,
904 1295 945 1350 di-

148 1379 338 1458 vinearumque
344 1391 538 1455 personarum
547 1371 745 1451 ieqiialitatem
754 1369 874 1424 adverti
878 1382 944 1438 pes-

143 1443 871 1518 sembiobitorpcrstrmpiturerrorttriauormu.

143 1593 169 1646 5.
181 1590 261 1662 Ergo
274 1589 414 1660 accepisti
426 1588 461 1643 de
481 1585 689 1654 sacramentis,
709 1582 882 1654 plenissime
894 1596 946 1635 ca-

110 1679 245 1753 gnovisti
262 1679 368 1746 omnia,
385 1677 463 1748 quod
478 1677 642 1746 baptizatus
658 1690 691 1728 es
706 1673 736 1727 in
752 1669 945 1727 uomineTri-

114 1769 224 1822 nitatis.
255 1769 286 1821 ln
312 1767 449 1821 omnibus
472 1781 538 1836 qum
568 1763 694 1835 egimuS,
724 1766 873 1815 seruatum
902 1760 947 1812 cst

998 587 1085 639 ritum
1099 587 1281 656 paraclitum.

1038 666 1111 729 382
1126 674 1168 728 to.
1185 675 1285 732 Ariani
1303 679 1402 746 putant
1421 692 1454 731 se
1469 677 1613 748 derogare
1635 676 1720 731 sanct

999 765 1076 834 ritui,
1102 766 1128 818 si
1153 765 1250 818 dicant
1274 766 1353 819 illum
1377 766 1518 835 Spiritum
1543 764 1719 835 paraclitum

999 857 1044 907 est
1059 854 1228 923 paraclitus
1252 855 1309 908 nisi
1334 854 1523 908 consolator?
1546 853 1635 918 Quasi
1660 868 1720 910 neu

999 943 1084 998 Patre
1100 943 1206 996 lectum
1223 944 1271 1012 sit,
1288 943 1355 1013 quia
1371 944 1434 1013 ipse
1458 948 1503 997 est
1519 944 1598 997 Deus
1614 940 1720 997 consol

998 1030 1042 1097 (II
1055 1032 1121 1085 Cor.
1139 1049 1157 1089 1.
1174 1032 1211 1100 3).
1229 1032 1319 1085 Vides
1335 1048 1406 1103 ergo
1428 1033 1496 1102 quia
1519 1033 1549 1086 in
1572 1047 1607 1086 eo
1626 1031 1720 1103 derog

998 1123 1099 1189 putant
1118 1119 1239 1190 Spiritui
1254 1124 1365 1189 sancto,
1383 1121 1412 1174 in
1428 1137 1487 1191 quo
1511 1121 1603 1175 t’atris
1628 1123 1720 1176 retem

999 1211 1061 1263 stas
1077 1210 1125 1279 pio
1142 1209 1319 1279 praedicatur
1332 1208 1448 1265 allecta.

1318 1370 1443 1424 curui
1466 1371 1512 1424 lll.

1003 1513 1116 1568 Oraudi
1126 1515 1270 1568 rationem
1283 1514 1458 1581 traditurus
1473 1513 1589 1567 cui-isit
1600 1510 1720 1584 atpiieit

1040 1584 1130 1640 rerba
1143 1586 1264 1639 interse
1276 1585 1422 1652 conciliat,
1431 1584 1594 1638 cubiculum
1602 1601 1656 1656 quo
1663 1581 1720 1640 det

1038 1657 1186 1723 Christus
1204 1656 1369 1710 desacrata
1383 1656 1484 1710 cordis
1500 1672 1533 1709 ac
1544 1655 1666 1710 silentio
1680 1656 1720 1709 int

1038 1728 1155 1780 laridum
1172 1744 1240 1782 esse
1256 1727 1423 1781 declarans,

112 1856 284 1927 mysterium
308 1855 473 1909 Trinitatis.
495 1853 610 1923 Ubique
635 1852 722 1905 Pater
747 1852 774 1904 et
800 1847 893 1902 Filius
919 1849 989 1919 etB
1038 1852 1081 1907 11,
1109 1852 1194 1906 Nunc
1222 1852 1369 1922 quamdo
1398 1867 1481 1906 orare
1510 1851 1672 1905 debeamus
1700 1864 1720 1904 a,

110 1944 238 2016 Spiritus
259 1947 390 2007 sanctus,
412 1958 469 1996 una
490 1942 630 2010 operatio,
658 1956 715 1992 uua
737 1935 947 2005 sanctificati03

113 2033 168 2088 etsi
184 2033 318 2104 qumdum
335 2031 423 2086 veluti
440 2030 581 2099 specialia
598 2028 839 2081 esscuidcantur.

145 2122 171 2175 u.
184 2120 357 2185 Quomodo?
383 2120 461 2172 Dcus
486 2118 579 2188 quite
600 2115 748 2185 dimittit),
776 2118 804 2168 ct
820 2112 949 2185 signavit

112 2213 139 2265 te
156 2209 310 2277 DominuS,
327 2213 355 2262 et
375 2207 473 2276 posuit
492 2206 631 2276 Spiritum
653 2208 786 2258 sanctum
809 2202 840 2256 ia
859 2200 948 2255 corde

113 2303 163 2352 tuo
179 2296 222 2367 (u
237 2297 304 2351 Cor.
321 2314 339 2364 1,
357 2297 401 2365 et,
418 2296 472 2365 2-2).
487 2294 636 2363 Accepisti
648 2309 719 2362 ergo
730 2291 869 2362 Spiritum
881 2306 949 2343 san-

120 2391 198 2441 etum
214 2387 243 2439 in
259 2385 347 2439 corde
362 2387 422 2438 tuo.
441 2384 549 2453 decipe
564 2381 652 2450 aliud,
670 2381 737 2452 quia
758 2379 949 2450 quemadmo-

114 2476 183 2529 dum
198 2474 325 2544 Spiritus
341 2476 463 2526 sanctus
484 2472 512 2524 iu
539 2471 637 2538 cordo,
656 2472 693 2523 ita
711 2470 796 2524 etiam
811 2467 949 2521 Clu-istus

113 2565 142 2618 in
158 2564 256 2618 corde.
273 2562 449 2626 Quomodo‘i
474 2560 572 2613 llubes
589 2560 644 2613 hoe
661 2560 690 2611 in
704 2558 836 2611 Canticis
852 2555 947 2609 canti·
972 2552 978 2559 ’

112 2668 225 2720 corum,
237 2652 389 2704 Christum
401 2650 546 2703 dicentem
557 2649 592 2701 ad
608 2648 787 2701 Ecclesiam:
806 2645 888 2699 Pone
904 2660 950 2698 me

113 2740 189 2794 sieut
205 2739 388 2809 sipunculmn
402 2738 432 2790 iu
454 2738 542 2791 eorde
565 2745 622 2805 tue,
640 2737 715 2790 sicut
726 2734 907 2806 sipiiaculum
920 2734 950 2786 iu

111 2827 268 2882 brancliiis
279 2834 338 2879 tuis
349 2827 434 2895 (Can.
452 2842 512 2890 viu,
529 2825 556 2895 6)

149 2917 175 2972 l.
188 2917 267 2989 Erga
277 2915 359 2969 unxit
369 2918 395 2969 te
418 2916 505 2976 Deus,
520 2914 649 2984 signavit
666 2917 692 2966 lc
711 2912 857 2966 Christus.
870 2910 950 2975 Quo-

116 3005 225 3060 modo?
238 3004 310 3070 Quia
327 3004 363 3056 ad
378 3003 477 3057 cruris
501 3003 596 3072 ipsius
612 3004 749 3072 signatus
765 3017 798 3055 cs
814 3000 949 3070 turmam,

113 3094 149 3150 nd
165 3093 245 3147 illius
260 3092 449 3163 passionem:
467 3091 608 3161 accepisti
627 3091 813 3161 signaculum
824 3089 859 3143 ud
872 3088 950 3141 illius

116 3181 359 3238 similitudinem:
379 3184 409 3234 ut
423 3179 459 3233 ad
475 3181 571 3250 ipsius
596 3179 719 3234 farinam
743 3193 896 3249 resurgas,
914 3177 949 3230 ad

1001 1941 1101 1996 llultae
1118 1941 1241 1995 virtutes
1257 1941 1399 1996 orationis
1414 1945 1492 1995 sunt..
1511 1941 1567 1994 libi
1578 1937 1720 1995 cracadal

1003 2046 1061 2086 noa
1076 2032 1122 2085 est
1136 2030 1294 2099 mediocre,
1307 2045 1361 2083 nec
1377 2029 1535 2084 mediocris
1550 2028 1720 2099 quaestion

1002 2119 1116 2174 stolus:
1140 2118 1313 2172 tolosatem
1330 2118 1507 2172 rirosorare
1523 2116 1720 2181 iuomuiloco,

1004 2215 1049 2263 tes
1056 2224 1149 2279 puras
1158 2223 1260 2260 ritanus
1271 2208 1336 2262 sine
1349 2209 1395 2261 ira
1408 2214 1437 2261 et
1448 2207 1664 2276 disceptatione
1675 2203 1704 2273 (i
1714 2203 1720 2258 :

1002 2299 1040 2366 8).
1058 2297 1093 2350 Et
1109 2297 1250 2351 Dominus
1267 2297 1337 2350 dicit
1352 2296 1381 2348 in
1398 2295 1579 2366 Evangelio:
1600 2294 1641 2347 Tu
1660 2298 1720 2348 aute

1004 2402 1081 2456 craS,
1096 2387 1174 2439 iutra
1187 2387 1216 2438 iu
1226 2384 1387 2439 antiit-ulum
1396 2392 1472 2438 tuum
1483 2382 1720 2448 otclatisoostio,t

1005 2483 1080 2529 trem
1099 2480 1175 2527 tuum
1186 2474 1304 2544 (utattu.
1318 2491 1356 2541 ui,
1369 2473 1406 2541 ὓ).
1420 2473 1485 2527 Nou
1495 2473 1547 2526 tibi
1558 2472 1675 2525 videtur
1684 2484 1720 2527 es:

1004 2565 1136 2631 trarium,
1153 2566 1183 2616 ut
1199 2563 1275 2616 (licat
1291 2562 1470 2631 Apostolus:
1499 2561 1532 2614 Iu
1547 2560 1626 2615 ouini
1643 2560 1703 2614 loco

1005 2652 1147 2707 Dominus
1158 2653 1247 2706 dicat:
1261 2651 1381 2704 latratu
1392 2649 1556 2703 cubiculum
1564 2657 1653 2716 tuum,
1661 2655 1720 2702 etot

1004 2759 1061 2796 non
1075 2745 1120 2795 est
1132 2740 1319 2795 coutentium.
1341 2739 1484 2809 llocorgo
1505 2737 1714 2791 absolvamus:

1004 2829 1152 2902 quomodo
1164 2829 1273 2883 (labeas
1287 2828 1416 2897 incipere
1433 2827 1605 2892 orationem,
1619 2828 1646 2879 et
1662 2839 1720 2896 quo

1005 2919 1200 2991 distinguere,
1213 2918 1282 2988 quid
1291 2917 1459 2987 subtexere,
1469 2916 1539 2986 quid
1550 2916 1691 2986 allegare,
1703 2929 1720 2984 q

1004 3009 1123 3062 modum
1138 3006 1275 3061 claudere
1291 3008 1462 3073 orationem,
1479 3005 1584 3058 deinde
1607 3018 1661 3076 pro
1678 3017 1720 3074 qut

1006 3097 1136 3150 debeas:
1154 3095 1217 3149 haee
1235 3095 1331 3149 onmia
1347 3096 1480 3148 dieamus
1496 3093 1544 3163 (8).

1042 3185 1085 3239 lt.
1100 3185 1198 3238 Primo
1209 3183 1259 3238 ubi
1269 3199 1353 3237 orare
1365 3183 1485 3236 debeas.
1497 3181 1583 3234 llliud
1601 3179 1710 3235 Paulus

115 3272 212 3343 ipsius
229 3271 313 3325 vivas
330 3270 466 3341 figuram,
483 3269 663 3340 quipeceato
680 3269 841 3321 crucifixus
857 3269 912 3332 est,
924 3269 952 3319 ct
1006 3275 1115 3342 dicere,
1128 3272 1206 3326 aliud
1219 3272 1371 3326 Dominus.
1382 3270 1522 3341 uunquid
1538 3269 1631 3340 potuit
1645 3267 1720 3324 paup

115 3362 177 3415 Deo
193 3361 282 3414 vivit:
310 3361 338 3413 et
354 3363 421 3412 tuus
437 3359 525 3412 lionio
541 3361 625 3412 rems
641 3359 671 3410 in
688 3357 765 3411 lonte
784 3356 949 3423 demersam,
1006 3366 1050 3417 tm
1064 3362 1174 3416 Christi
1191 3361 1297 3414 <loom-0
1320 3361 1485 3430 praecepta‘?
1509 3359 1575 3413 Non
1590 3358 1720 3429 eliquat

117 3451 238 3521 peccato
254 3448 415 3501 crucifixus
431 3451 486 3516 est,
510 3446 561 3501 sed
589 3447 648 3500 Deo
669 3445 834 3499 resurrexit
856 3444 949 3513 (llam.
1008 3453 1107 3505 tione?
1122 3450 1195 3514 Quia
1211 3466 1269 3504 non
1285 3449 1461 3516 eontrariuS,
1475 3448 1527 3501 scd
1539 3448 1687 3517 interpres
1697 3459 1720 3499 et

119 3554 159 3607 vi,
176 3537 248 3606 u-e).
1007 3541 1064 3594 sti:
1090 3539 1269 3606 irritatores,
1298 3538 1402 3608 inquit,
1425 3538 1483 3589 inei
1509 3541 1616 3602 estote,
1636 3536 1713 3588 sicut

153 3627 179 3680 8.
193 3625 304 3680 Deinde
317 3624 488 3679 liabesalibi
509 3624 648 3694 speciale,
670 3624 786 3695 quodie
803 3622 952 3677 vocaverit
1009 3628 1305 3696 6111·1'sp(l(301·,1v‚
1325 3626 1379 3693 lu),
1406 3625 1480 3691 Quid
1505 3627 1601 3696 ergo?
1625 3625 1714 3678 Potes

117 3716 209 3784 Deus,
227 3715 256 3768 in
271 3715 445 3784 baptismata
461 3717 556 3767 nutem
580 3713 666 3783 quasi
691 3712 860 3783 specialiter
884 3727 953 3764 cou-
1008 3718 1187 3786 01·ai·e‚etin
1205 3716 1341 3770 eubiculo
1358 3719 1407 3770 tuo
1423 3730 1541 3784 semper
1557 3728 1651 3768 orare.
1662 3710 1720 3767 Hal

119 3803 306 3875 crucifigeris
343 3802 471 3856 Christo.
507 3803 617 3856 Deinde
650 3804 736 3872 quasi
770 3800 949 3872 specialiter,
1008 3824 1064 3878 que
1081 3806 1248 3861 cubiculum
1273 3807 1363 3858 tuum,
1382 3804 1444 3857 Etsi
1467 3804 1544 3856 inter
1566 3805 1682 3874 gentes,
1697 3801 1720 3855 in

118 3891 496 3963 quandoaccipisspiritale
507 3892 704 3963 signaculum,
713 3889 952 3944 videdistinctio-
1008 3897 1090 3950 daeos
1106 3896 1221 3966 positus
1233 3894 1276 3947 sis
1290 3910 1296 3947 :
1315 3893 1407 3946 bubos
1424 3895 1519 3945 tamen
1532 3891 1641 3961 ubique
1652 3894 1720 3944 tuuc

118 3996 185 4037 neni
202 3996 396 4051 personarum
412 3995 491 4048 esso,
509 3981 561 4034 sed
579 3996 743 4033 connexum
768 3994 854 4035 omne
876 3994 953 4048 mps-
1008 3990 1079 4039 tum,
1096 3983 1270 4038 Cubiculum
1286 3985 1367 4035 tunm
1383 3997 1467 4034 mens
1478 3984 1527 4033 tua
1543 3983 1598 4033 est.
1613 3979 1643 4033 ln
1655 3994 1720 4048 papi

119 4070 225 4124 terium
241 4069 402 4123 Trinitatis·
559 4064 561 4071 ’
1009 4074 1135 4144 positus
1152 4076 1249 4126 tamen
1264 4071 1293 4124 in
1308 4071 1447 4125 interiore
1462 4068 1581 4123 homine
1605 4082 1720 4121 arcanui

155 4158 182 4213 9.
196 4158 307 4213 Deinde
324 4157 392 4228 quid
406 4157 567 4227 Apostolus
585 4156 728 4227 tibiutxu,
742 4160 771 4211 ut
786 4158 893 4212 lectum
908 4161 954 4211 cst
1009 4165 1216 4232 secretumque
1233 4175 1405 4214 conservas.

121 4247 231 4302 nudius
247 4247 375 4300 tertius‘?
389 4245 427 4299 Di
434 4246 562 4299 visiones
577 4253 672 4300 alitem
693 4248 858 4316 prutinruni
874 4253 952 4312 suut,
1045 4251 1088 4305 13,
1106 4250 1145 4303 Tu
1156 4255 1262 4316 riniani,
1278 4265 1341 4302 rum
1353 4263 1430 4307 orus,
1445 4246 1525 4299 iutra
1542 4243 1720 4300 iueubicuIm

123 4337 305 4391 idemautem
323 4335 465 4406 Spiritus.
479 4335 515 4387 Di
523 4334 651 4389 risiours
662 4337 894 4390 ministeriorum
914 4335 953 4403 ti)
1009 4342 1089 4394 Bone
1106 4340 1153 4407 alt,
1173 4340 1270 4401 intra;
1287 4353 1322 4392 no
1339 4336 1382 4390 sie
1398 4351 1466 4390 ores
1481 4335 1629 4405 quomodo
1647 4333 1720 4388 luda

119 4431 197 4495 suut,
209 4425 286 4480 idem
298 4430 394 4478 itatem
405 4424 555 4477 Dominus.
566 4423 738 4479 Dirisiones
754 4424 954 4495 operationum
1009 4429 1116 4483 (licitur
1128 4449 1135 4481 ,·
1152 4426 1283 4498 Populus
1294 4426 1342 4479 liic
1361 4425 1450 4479 labiis
1471 4439 1518 4478 me
1533 4424 1669 4486 lionorat,
1682 4436 1720 4479 cai

119 4521 195 4580 sunt,
209 4514 287 4569 idem
299 4520 395 4567 utitem
411 4513 499 4577 Deus,
515 4514 564 4584 qui
577 4521 716 4584 operatur
727 4514 822 4584 tripula
843 4515 872 4566 iu
893 4529 952 4566 oni-
1009 4535 1109 4572 eorum
1121 4521 1261 4587 loripeest
1271 4532 1285 4568 a
1295 4531 1340 4568 me
1352 4514 1421 4584 (Isa.
1445 4530 1527 4577 xxix,
1545 4511 1596 4580 ‘133
1618 4509 1720 4565 ,llattlr

120 4603 315 4672 nibustICor.
327 4620 377 4669 xu,
390 4602 458 4671 -i-u).
471 4602 583 4668 Omnia,
598 4604 700 4672 iuquit,
714 4607 851 4672 operatur
864 4603 952 4670 Deus,
1010 4607 1074 4660 Non
1087 4605 1202 4676 orgode
1214 4604 1301 4657 labiis
1312 4602 1512 4656 tantummodo
1523 4604 1571 4654 tua
1587 4599 1720 4670 procedat

119 4691 215 4746 Sedet
230 4691 265 4746 de
282 4692 392 4762 Spiritu
406 4691 458 4745 Dei
477 4691 583 4745 lectum
604 4697 664 4745 est:
688 4692 954 4763 L'inisatqueidmn
1010 4696 1115 4749 Anium
1145 4697 1224 4747 totus
1253 4691 1380 4757 intende,
1410 4692 1484 4744 intra
1510 4690 1540 4743 in
1566 4703 1720 4744 recessum

120 4779 254 4850 Spiritus
264 4780 295 4833 di
301 4780 405 4833 iridens
414 4780 541 4851 siupulis
548 4786 636 4850 prout
648 4781 704 4832 ruit
713 4780 800 4848 (ibid.
813 4781 823 4834 l
834 4781 866 4845 Ι).
879 4779 952 4833 uuili

121 4866 303 4936 Scripturam
314 4867 460 4921 dicentem
479 4870 546 4938 quia
566 4868 669 4922 dividit
684 4869 810 4938 Spiritus
830 4885 883 4938 pro
901 4884 954 4922 ro-

120 4954 231 5009 luntate
247 4970 310 5023 sua,
328 4971 386 5009 non
397 4971 450 5024 pro
466 4956 620 5028 obsequio.
638 4958 717 5030 Ergo
743 4959 845 5012 dividit
867 4958 952 5011 vobis

120 5042 247 5113 Spiritus
272 5043 395 5113 gratiam
421 5049 507 5113 prout
527 5046 597 5113 vult,
624 5063 682 5100 nou
705 5047 791 5117 prout
812 5046 952 5118 ¹jubetur3

121 5135 149 5185 et
164 5130 289 5184 maxime
312 5133 379 5202 quia
395 5133 521 5201 Spiritus
548 5135 609 5201 Dei,
630 5135 756 5204 Spiritus
772 5136 880 5190 illu-isti
898 5139 952 5189 est.

120 5218 156 5274 Et
165 5218 339 5274 illudtenete
351 5220 447 5290 ipsum
459 5237 546 5277 essse
558 5225 848 5293 Spiritutusanctum,
859 5226 954 5296 ipsum

156 5361 195 5429 to)
210 5360 259 5441 Sic
281 5377 384 5416 omncs
400 5363 468 5416 edit.
488 5379 522 5416 ae.
539 5380 611 5417 mss.
630 5367 687 5420 uisi
711 5368 788 5437 qumi
804 5369 833 5421 in
850 5369 955 5421 borum

119 5432 270 5487 nonnullis
281 5436 367 5504 utque
378 5434 446 5487 edit.
462 5435 546 5488 llam.
565 5437 707 5490 omissum
728 5440 789 5506 luit,
809 5444 836 5492 tc
853 5440 953 5492 lietui-

122 5520 184 5558 uus
199 5503 388 5558 Huncautem
400 5505 509 5569 locum,
522 5522 579 5559 non
591 5523 680 5561 secus
696 5526 730 5562 nc
742 5510 823 5563 illum
839 5513 889 5581 qui
901 5512 954 5563 lia·

119 5575 206 5630 betur
233 5574 310 5629 inira
337 5575 460 5644 scilicet,
499 5578 668 5642 Quomodo?
700 5579 802 5633 Hebes
835 5583 888 5634 boc
924 5582 954 5635 iu

121 5644 255 5771 Catnticis
265 5664 275 5712 ,·
295 5662 369 5702 mss.
385 5646 463 5701 haud
482 5648 568 5721 pauci
591 5649 731 5705 exhibent
747 5652 811 5706 sine
827 5652 955 5708 interro-

119 5731 247 5792 mione.

1009 4785 1051 4838 ris
1067 4783 1108 4837 tui
1124 4783 1171 4849 till,
1190 4784 1268 4834 totus
1285 4781 1450 4852 ingredere.
1469 4779 1535 4833 Non
1559 4781 1587 4833 te
1612 4778 1720 4848 pertun

1009 4873 1108 4926 videat
1128 4871 1186 4940 ille,
1209 4870 1255 4924 cui
1275 4873 1303 4923 te
1332 4869 1448 4939 placere
1469 4869 1634 4922 desideras
1656 4864 1720 4923 Vide

1010 4979 1047 5016 ex
1063 4961 1151 5015 eorde
1167 4975 1246 5026 oras,
1262 4961 1293 5013 ut
1308 4963 1334 5012 te
1349 4975 1385 5013 cx
1402 4958 1632 5012 eordeorantem
1645 4956 1720 5028 dign

1009 5052 1081 5104 dire.

1047 5139 1088 5193 14,
1107 5139 1249 5193 Tuuutem
1264 5155 1326 5190 euin
1338 5153 1416 5203 urim,
1428 5137 1509 5189 iutru
1528 5136 1559 5189 iu
1575 5134 1720 5189 cubicular

1011 5230 1111 5283 llubes
1121 5229 1177 5283 boc
1185 5229 1210 5282 et
1221 5227 1290 5280 {tlibi
1300 5242 1305 5280 :
1317 5225 1454 5290 ilmlmlu,
1461 5224 1685 5296 papulusmeus,
1696 5238 1720 5281 et

1045 5372 1083 5441 (il
1095 5372 1203 5424 tlmnes
1215 5369 1282 5422 edit.
1294 5372 1321 5422 et
1334 5385 1405 5421 mss,
1417 5368 1537 5437 aliquot,
1551 5366 1720 5423 divisiones

1012 5443 1141 5501 riorum,·
1159 5441 1263 5494 nulius
1281 5439 1384 5508 reliqui
1401 5455 1465 5491 eum
1484 5438 1720 5507 Apostolicolex

1009 5510 1720 5580 sieucsministrrioi·um‚quidametiammiuistrc

1046 5586 1084 5651 (m
1107 5585 1179 5637 llss.
1206 5599 1263 5636 non
1289 5584 1385 5651 pauci,
1411 5597 1466 5635 uec
1489 5581 1643 5635 interioris
1667 5583 1720 5636 not

1011 5655 1106 5710 ouinia
1123 5655 1280 5710 disserturus.

1047 5726 1085 5798 (9)
1100 5725 1224 5794 Quidam
1240 5740 1326 5796 mss,
1343 5723 1374 5778 in
1395 5721 1560 5780 cubiculum
1572 5722 1713 5797 pecteris
