3900 6128
111 265 171 331 483
203 285 206 290 ·
861 264 893 325 S.
917 256 1138 328 Aerenosii.
1794 262 1827 337 41

113 472 184 526 Eam
199 471 339 526 haeresim
354 471 471 525 diversa
487 470 613 525 consilia
628 470 880 540 proscripserant,
893 470 921 521 et
936 466 1006 537 quid
1020 467 1050 520 in
1065 466 1102 520 iis
1119 466 1168 537 qui
1184 464 1313 519 redirent
1329 465 1364 519 ad
1381 465 1546 520 Ecclesiam
1567 467 1746 523 servandam
1761 484 1827 524 esse

112 563 327 631 praeceperunt.
351 559 492 625 Quamvis
518 564 615 614 autem
635 561 664 612 111
681 559 730 612 illa
757 559 874 612 Petrum
892 555 1085 610 eruditissimi
1110 555 1252 608 calamum
1275 555 1458 624 strinxerint,
1481 557 1547 626 ipsa
1563 560 1659 612 tamen
1674 574 1730 628 per
1751 575 1827 613 orum

112 652 204 705 terme
219 649 378 703 Christiani
396 650 478 704 orbis
494 650 598 722 plagas
613 652 733 719 propala
750 648 916 701 diutissime
932 644 1142 715 perseveravit,

147 739 285 793 Eamdem
303 739 358 792 boo
375 738 404 791 in
419 736 626 792 statuellendit
641 737 830 803 AmbrosiuS,
847 749 914 789 cum
929 735 1022 802 ipsam
1040 732 1125 785 bisce
1139 732 1256 786 duobus
1272 728 1357 786 libris
1369 749 1516 803 agressus
1525 736 1655 804 esttcap.
1673 735 1712 804 1).
1726 735 1826 790 Prima

111 827 293 898 aptissimea
317 827 537 895 moderationis,
560 842 647 896 quarn
672 827 701 878 in
725 824 897 878 Novatinnis
922 821 1086 875 desiderari
1110 825 1222 873 certum
1246 824 1315 890 erat,
1342 823 1596 876 commendatione
1622 824 1750 878 orditur.
1780 825 1827 879 Tu

113 917 304 972 commissam
320 916 463 970 Ecclesiae
481 916 636 969 criminum
655 914 853 986 quorumlibet
867 911 1115 965 absolvendorum
1127 912 1299 979 potestatem
1311 912 1415 965 astruit
1426 912 1501 981 (cap.
1519 912 1556 981 3),
1575 913 1668 967 Deum
1680 915 1716 967 ad
1729 913 1827 971 clcmcr

112 1008 181 1061 tiam
195 1022 282 1076 quam
298 1006 334 1059 ad
350 1006 537 1060 severitatem
554 1006 650 1074 magis
667 1018 848 1074 propensum
864 1015 932 1055 esse
951 1000 1158 1053 demonstraus
1174 1006 1248 1068 (cap.
1261 999 1278 1051 3
1293 1001 1321 1053 et
1336 999 1372 1069 1).
1404 1000 1509 1055 Postea
1532 1018 1604 1056 vero
1621 1003 1672 1055 ubi
1695 1003 1827 1074 objectio:

111 1113 127 1150 11
142 1095 240 1149 divina
256 1094 486 1148 immutabilitate
503 1093 600 1163 petitae
616 1092 762 1146 satisfecit
777 1092 852 1160 (cap.
870 1090 908 1158 b),
925 1089 1000 1158 ipsis
1026 1088 1160 1141 vicissim
1177 1104 1192 1141 e
1208 1088 1298 1141 variis
1316 1088 1479 1159 Scripturas
1494 1092 1684 1161 testimoniis,
1711 1109 1747 1146 ac
1763 1095 1827 1163 poti

110 1187 217 1239 simum
228 1200 265 1238 cx
280 1200 314 1237 eo
329 1183 406 1254 quod
424 1184 510 1236 Petro
525 1183 591 1237 cccli
608 1182 707 1236 claves
719 1180 855 1234 Christus
871 1177 1007 1248 promisit
1028 1178 1119 1246 (num.
1137 1174 1171 1230 33
1186 1173 1284 1247 etta),
1309 1179 1417 1232 acriter
1438 1179 1538 1234 instat.
1557 1180 1611 1234 His
1628 1181 1686 1234 alia
1709 1197 1827 1243 momen

109 1290 146 1329 ex
161 1289 263 1329 eorum
277 1272 430 1343 principiis
447 1272 637 1342 moribusque
653 1271 807 1338 desumpta
820 1267 919 1339 jungit
934 1269 1010 1337 (cap.
1028 1266 1064 1334 8).
1081 1266 1201 1319 11011111
1218 1266 1291 1320 alias
1308 1266 1361 1337 obj
1368 1269 1501 1323 actiones
1517 1270 1641 1340 gradum
1653 1271 1827 1343 11010110(οι

109 1364 137 1430 3)
152 1362 277 1416 maxime
291 1362 321 1415 iu
352 1376 386 1415 eo
403 1360 562 1414 refellendo
592 1359 720 1430 quoddc
748 1361 868 1427 peceato
884 1357 919 1410 ad
933 1357 1057 1410 mortem
1086 1355 1284 1423 venditabant,
1315 1359 1445 1411 moratur
1472 1359 1548 1428 (cap.
1570 1360 1631 1429 11)),
1663 1365 1827 1440 ostensoqn

110 1451 272 1506 doctrinam
288 1449 480 1504 orthodoxam
496 1465 512 1502 a
529 1449 640 1504 Joanne
657 1447 840 1518 evangelista
857 1445 926 1499 clari
942 1445 1037 1499 asseri
1055 1445 1131 1514 (cap.
1149 1445 1204 1514 11),
1221 1445 1315 1498 sutilia
1331 1462 1434 1500 eorum
1450 1462 1596 1518 responsa
1612 1466 1740 1519 prorsus
1752 1464 1827 1516 everi

112 1540 188 1609 (cap.
207 1539 260 1609 13).
278 1539 429 1592 Postremo
446 1537 640 1592 cxtlorinthii
669 1536 792 1590 al'aulo
808 1535 947 1604 separati,
963 1551 997 1588 ac
1024 1533 1238 1588 deindcsacris
1268 1535 1374 1589 redditi
1390 1536 1515 1590 historia
1544 1538 1762 1594 validissimum
1778 1557 1827 1602 con,

111 1629 253 1683 firmando
270 1627 414 1681 catholieo
426 1627 565 1698 dogmati.

145 1718 176 1771 ln
192 1717 283 1771 altero
298 1716 373 1769 libro
389 1719 462 1786 tcap.
480 1717 506 1783 1)
524 1719 680 1786 postquam
696 1715 794 1769 docuit
810 1714 935 1768 sollicite
952 1729 986 1766 ae
1002 1716 1115 1766 maturo
1132 1712 1277 1782 agendam
1303 1729 1372 1768 csse
1388 1714 1600 1786 pomitentiam,
1626 1719 1774 1788 precipua
1788 1721 1827 1779 dua

112 1806 343 1860 Novatianorum
358 1804 497 1875 praesidia
513 1805 674 1875 impugnat.
689 1804 818 1856 Primum
838 1804 913 1871 (cap.
931 1802 948 1854 3
963 1802 1032 1862 013)
1053 1802 1111 1854 illis
1128 1802 1356 1871 suppeditabant
1380 1805 1513 1872 Apostoli
1529 1807 1620 1860 verba
1635 1823 1688 1861 eos
1713 1808 1759 1879 qui
1773 1810 1827 1881 lapsi

113 1899 214 1950 essent
230 1894 364 1948 renovari
383 1910 440 1947 non
454 1909 546 1962 posse
561 1894 596 1946 ad
611 1893 812 1962 paenitentiam
830 1890 1051 1944 asseverantis:
1079 1890 1243 1943 secundum
1255 1906 1325 1945 vcro
1346 1892 1422 1961 (cap.
1438 1893 1467 1962 1)
1481 1893 1571 1947 iidem
1593 1895 1790 1951 mutuabantur
1799 1912 1827 1953 11

112 1984 236 2038 loannis
253 1983 426 2054 Evangelio,
445 1983 495 2036 ubi
510 1982 617 2035 dicitur
632 1984 784 2050 peccatum
801 1981 830 2033 111
846 1980 985 2049 Spiritum
1002 1982 1136 2032 sanctum
1157 1995 1251 2049 neque
1268 1980 1297 2032 in
1314 1980 1370 2034 boc
1386 1997 1481 2052 neque
1507 1984 1536 2036 in
1552 1983 1652 2039 tuturo
1678 1986 1781 2039 saeculo
1792 1985 1825 2040 tli-

112 2072 294 2127 mittendum.
313 2071 475 2140 Utrumque
489 2074 585 2124 autem
602 2070 831 2123 difficultatatcm
849 2084 883 2122 ca
898 2068 927 2121 vi
943 2068 1089 2121 rationum
1103 2071 1207 2121 tractat
1221 2072 1249 2122 ct
1264 2070 1357 2138 diluit,
1375 2087 1441 2140 quse
1456 2073 1586 2140 posteris
1609 2073 1755 2145 theologis
1768 2088 1824 2144 peno

113 2160 250 2214 omnibus
267 2159 359 2212 facem
376 2159 405 2210 in
421 2157 467 2211 bis
483 2157 636 2212 solvendis
658 2157 839 2226 praeluxerit,
856 2159 887 2208 ut
915 2170 971 2209 nos
987 2159 1051 2210 suis
1080 2157 1154 2211 locis
1172 2157 1409 2213 observavimus
1440 2160 1548 2215 Probat
1562 2162 1691 2232 donique
1720 2161 1823 2233 abipsie

112 2252 286 2319 peccatores
311 2247 347 2300 ad
368 2246 508 2316 baptismi
522 2247 726 2315 repetitionem
750 2245 848 2298 induci
865 2246 941 2315 (cap.
957 2245 983 2314 5,
1001 2262 1080 2299 num.
1098 2246 1153 2314 36),
1170 2249 1201 2299 ut
1216 2246 1283 2317 ejus
1298 2246 1443 2302 beneficio
1459 2250 1586 2319 veniam,
1607 2268 1696 2321 quam
1714 2252 1826 2323 poenitca

112 2338 160 2391 tiae
175 2336 316 2407 operibus
332 2335 489 2407 negabant,
507 2338 759 2404 assequerentur,
776 2351 842 2387 cum
857 2334 983 2403 apostoli
1007 2336 1185 2389 econtrario
1208 2337 1295 2389 nobis
1312 2338 1468 2392 criminum
1492 2340 1608 2393 veniam
1632 2357 1772 2412 nusquam
1783 2354 1826 2395 uon

111 2426 289 2496 promittant.
308 2425 385 2479 Hine
400 2425 590 2479 occasionem
607 2427 721 2491 nactae,
751 2423 937 2477 Christianos
952 2423 1055 2476 invitat
1083 2430 1158 2493 (cap.
1174 2424 1201 2492 6)
1216 2425 1251 2478 ad
1281 2426 1490 2494 peonitentiam,
1509 2427 1598 2498 cujus
1629 2431 1657 2482 ct
1671 2433 1764 2498 partes
1779 2427 1826 2482 sin·

113 2515 199 2586 gulas
215 2514 430 2585 qualitatesque
445 2514 540 2567 oculis
566 2512 697 2583 subjicit.
716 2511 860 2583 Adiungit
881 2511 944 2565 sore
959 2515 989 2565 ut
1004 2512 1142 2566 Christus
1167 2513 1306 2583 lacrymis
1322 2530 1376 2568 nec
1392 2531 1451 2569 non
1477 2517 1579 2570 matris
1596 2517 1738 2572 Ecclesiae
1751 2516 1826 2588 proci·

112 2604 170 2657 hus
186 2605 293 2671 motus,
310 2604 346 2656 ad
362 2618 414 2656 cos
430 2602 550 2656 accedat
565 2603 726 2671 spiritalem
741 2601 990 2655 resurrectionem
1007 2606 1191 2671 operaturus,
1205 2619 1239 2656 cu
1241 2603 1292 2674 jus
1308 2603 1431 2657 formam
1447 2606 1476 2658 in
1492 2605 1603 2660 Lazaro
1619 2607 1766 2662 exstitisse
1779 2620 1825 2663 mt-

112 2697 206 2747 morat
235 2696 310 2762 (cap.
341 2691 625 2760 mensurationem
654 2693 815 2763 equssicut
845 2691 1067 2761 etconvivium,
1097 2690 1217 2745 cuiuna
1246 2708 1311 2745 cum
1329 2693 1452 2747 llomiuo
1480 2695 1557 2749 idem
1573 2696 1714 2764 interfuit,
1744 2698 1825 2751 coutet

112 2780 293 2835 Novatianos
310 2781 492 2851 propositum
509 2782 672 2847 confirmat,
690 2782 785 2834 veniae
800 2796 856 2850 qua
872 2779 1055 2834 Corinthium
1071 2780 1190 2834 donavit
1205 2781 1323 2850 PauluS,
1350 2784 1485 2852 exemplo
1501 2784 1606 2838 iterum
1631 2786 1766 2840 adhibito.
1781 2781 1826 2840 Sub

112 2870 177 2925 haec
192 2871 295 2925 oeulos
310 2870 339 2923 ia
356 2885 388 2923 se
406 2871 469 2939 ipsc
484 2871 639 2925 retlcciens
656 2872 731 2940 (cap.
748 2871 774 2938 8,
792 2885 871 2923 num.
887 2868 921 2922 61
937 2871 965 2922 01
979 2869 1066 2938 seq),
1085 2871 1114 2920 ut
1130 2868 1188 2921 sibi
1205 2868 1290 2922 detur
1309 2873 1336 2922 et
1351 2885 1367 2922 a
1383 2871 1554 2924 commissis
1577 2873 1706 2942 propriis
1722 2871 1824 2927 absole-

111 2958 163 3026 tio,
180 2961 209 3012 et
223 2958 440 3012 commiseratio
463 2958 493 3010 in
509 2958 624 3027 alienis,
652 2959 759 3028 quanta
774 2957 900 3010 maxima
923 2959 1021 3026 potest
1035 2957 1125 3010 animi
1150 2957 1352 3012 submissione
1369 2958 1460 3012 iteum
1477 2964 1625 3029 peccatur.
1644 2962 1688 3015 Ad
1716 2962 1827 3016 ultimum

111 3047 250 3101 excussis
268 3063 333 3118 quae
349 3047 427 3100 circa
442 3048 643 3116 poenitentiam
659 3047 802 3116 obrepere
816 3047 923 3114 solent,
939 3045 1019 3098 vitiis
1035 3049 1110 3115 (cap.
1127 3045 1144 3098 3
1160 3049 1188 3098 01
1204 3048 1291 3117 seq),
1310 3050 1338 3100 et
1353 3052 1577 3117 praemonstrata
1593 3066 1660 3120 quae
1671 3051 1700 3104 in
1712 3045 1827 3122 eligente

110 3136 146 3189 ad
161 3136 309 3207 publicam
325 3135 527 3205 pmrritcntiam
543 3141 672 3206 tempore
689 3136 874 3190 observanda
890 3135 938 3204 sit,
956 3134 1100 3202 cantione,
1118 3134 1224 3188 librum
1239 3135 1377 3189 absolvit.

146 3224 237 3279 Porro
254 3226 332 3295 quod
347 3226 382 3278 ad
407 3228 523 3295 tempus
553 3224 644 3296 hujus
668 3226 777 3294 oper-ie,
795 3224 882 3278 nobis
902 3223 1036 3276 videmur
1059 3223 1128 3275 illud
1146 3239 1205 3276 non
1228 3224 1413 3279 incommode
1430 3241 1467 3279 ex
1492 3226 1567 3280 locis
1584 3227 1701 3282 duobus
1725 3228 1827 3281 interm

24 3380 26 3384 .
110 3314 287 3384 comparatis
304 3313 444 3384 colligere
459 3329 561 3382 posse,
578 3314 715 3367 nimirum
731 3313 842 3368 exiliis
858 3311 969 3380 verbiS,
987 3312 1023 3365 dc
1039 3312 1053 3364 I
1058 3313 1222 3366 'militantia
1239 3312 1492 3384 daosparndudmn
1504 3317 1616 3387 scripsi
1639 3316 1762 3386 1111011οε,
1776 3327 1826 3387 que

109 3403 139 3456 in
162 3402 354 3472 Expositione
375 3402 480 3472 psalmi
497 3419 598 3455 xxxvn
615 3418 702 3473 quam
724 3417 800 3455 anno
826 3401 879 3455 333
895 3401 1035 3470 scriptam
1059 3401 1243 3455 ostendimus
1259 3403 1346 3471 (nani.
1366 3403 1401 3473 1),
1430 3403 1593 3458 habentur:
1613 3408 1642 3459 ct
1671 3421 1708 3458 cx
1722 3421 1754 3459 eo
1767 3398 1827 3475 quttl

110 3492 149 3545 ait
164 3492 418 3545 commentationis
434 3490 526 3561 liujus
542 3491 592 3544 lib.
611 3506 646 3545 n:
666 3491 828 3544 i'cccamus
845 3497 873 3544 et
890 3506 946 3544 non
961 3490 1099 3544 seniores
1115 3507 1189 3560 icap.
1207 3492 1232 3555 3,
1246 3508 1324 3545 num.
1340 3491 1396 3558 ’1-1),
1414 3493 1540 3545 maxime
1558 3508 1628 3547 vero
1657 3510 1672 3548 e
1688 3488 1827 3563 superion'·

109 3579 167 3634 bus
184 3579 262 3648 istis,
278 3580 343 3651 Epo
358 3580 490 3634 laborem
507 3579 632 3651 aliquem
644 3595 701 3650 pre
716 3585 817 3634 sancta
836 3578 970 3633 Ecclesia
988 3585 1035 3631 tua
1051 3581 1169 3649 suscepi
1184 3581 1276 3648 (num.
1293 3581 1349 3647 13).
1373 3580 1486 3634 1110111111
1509 3597 1575 3634 cum
1592 3582 1648 3635 hoc
1670 3583 1766 3636 ultimo
1777 3581 1827 3636 loct

109 3669 260 3738 publicum
278 3669 419 3736 laborem,
445 3685 479 3722 ae
495 3669 605 3722 nemini
620 3685 677 3722 non
703 3672 801 3722 notum
818 3669 970 3739 designari
994 3669 1114 3721 dubium
1132 3684 1191 3722 non
1207 3670 1255 3737 sit,
1269 3685 1336 3723 eum
1359 3670 1394 3722 de
1411 3672 1570 3725 certamine
1595 3673 1641 3725 vel
1657 3672 1687 3726 in
1703 3672 1827 3726 tusciam

109 3757 288 3811 Ariauorum
305 3757 539 3828 antesignanum,
555 3758 601 3811 vcl
619 3758 647 3811 in
664 3757 871 3826 Spmnacbum
887 3757 1033 3811 idolorum
1049 3760 1298 3828 propugnatorem
1325 3762 1464 3827 suscepto
1482 3762 1596 3828 oportet
1620 3757 1826 3830 1111011131.ου-

110 3846 232 3913 propter
247 3844 452 3898 intermedium
468 3846 596 3914 aliquem
619 3862 726 3899 aunum
743 3846 838 3899 eidem
854 3845 923 3899 huic
946 3845 1027 3914 operi
1044 3846 1258 3916 assignandum
1283 3850 1407 3915 constat,
1425 3847 1500 3901 10110
1515 3848 1588 3919 331·
1620 3849 1651 3902 fit
1665 3849 1741 3902 enim
1753 3842 1827 3902 aaa·

108 3931 187 3986 tione
202 3935 233 3985 ut
248 3935 379 3986 vertente
394 3933 456 4000 333,
475 3933 525 3986 tir
540 3939 662 3987 sanetus
678 3935 777 3988 dicere
795 3934 932 4004 potuerit,
949 3934 1013 3988 dam
1027 3934 1133 3988 dudum
1149 3937 1269 4006 scripsi.

148 4020 256 4074 Ultima
273 4021 337 4075 haec
353 4021 442 4074 verba
459 4022 532 4075 satis
548 4023 683 4091 aperiunt
697 4024 813 4076 cuinam
830 4023 943 4079 auctori
967 4024 1122 4077 trilmenda
1138 4025 1176 4078 sit
1191 4041 1225 4078 ea
1242 4026 1465 4080 commentatio:
1497 4027 1549 4081 scd
1566 4027 1678 4097 quod
1671 4045 1700 4081 m
1716 4025 1827 4098 ejusdem

109 4105 162 4164 lib.
179 4113 330 4179 uraptum
348 4110 637 4178 scutribunalibuS,
654 4126 688 4164 ac
704 4127 757 4180 pro
775 4111 909 4165 Fcclcsra
922 4112 1053 4166 lahorem
1070 4129 1245 4184 suscepisse
1256 4115 1394 4185 loquitur
1410 4115 1465 4169 hoe
1481 4120 1538 4169 111111
1554 4110 1826 4177 nrnbrosianunet

109 4200 140 4252 ut
156 4197 274 4252 Petrum
291 4198 393 4252 Solum
409 4198 469 4259 ililr.
488 4198 561 4252 lust.
579 4199 703 4252 Sacerci,
721 4199 758 4253 dc
773 4199 898 4255 Nceess
918 4199 1065 4256 Conless..
1083 4202 1150 4256 lect.
1166 4203 1194 4269 a)
1211 4204 1403 4257 vehementer
1418 4205 1558 4258 miremur
1573 4205 1601 4258 id
1618 4207 1718 4275 operis
1734 4195 1827 4260 doceri

108 4291 210 4340 nostro
226 4289 359 4356 ereptum
375 4286 508 4340 voluisse
525 4289 644 4356 propter
659 4304 711 4341 eos
728 4288 820 4352 locos
835 4288 943 4358 quibus
958 4292 989 4342 111
1005 4290 1101 4343 cidem
1117 4291 1172 4360 ipsi
1190 4292 1365 4359 ascribatur,
1381 4294 1554 4362 persuaderi
1564 4309 1650 4348 nemo
1663 4310 1720 4348 non
1733 4288 1827 4347 tiebat

107 4375 164 4429 Sed
179 4374 246 4446 ejus
261 4376 402 4443 rationes,
430 4375 456 4428 si
472 4377 543 4428 tanti
560 4380 655 4443 erunt,
687 4392 741 4429 suo
759 4381 890 4446 temporo
921 4378 1126 4433 discutiemus.
1145 4380 1200 4433 Hic
1229 4382 1368 4435 autemid
1397 4398 1487 4435 unuin
1502 4381 1690 4452 adjiciemus,
1719 4377 1827 4455 nugaci.

108 4464 229 4518 eosdem
245 4465 338 4518 libros
355 4469 493 4534 tanquam
509 4480 577 4517 vcre
594 4465 730 4519 Ambros.
749 4467 854 4519 iterum
865 4482 899 4519 ac
910 4468 995 4521 tertio
1007 4468 1123 4522 citantis
1138 4470 1199 4537 (lib.
1215 4470 1258 4523 De
1271 4470 1390 4523 Poterat.
1401 4471 1487 4540 arip,
1502 4486 1565 4540 cap.
1581 4471 1626 4540 31,
1645 4472 1697 4526 lib.
1716 4489 1734 4525 u
1748 4470 1827 4527 Goutr¹

110 4552 231 4621 Julian,
248 4569 312 4623 cap.
330 4553 346 4605 3
363 4554 431 4620 013,
448 4555 475 4606 et
491 4552 541 4605 lib.
559 4569 589 4605 1v
607 4553 715 4607 Corrtra
732 4554 805 4607 diras
819 4554 917 4625 Epist.
935 4555 1051 4627 Pelap,
1070 4573 1133 4626 cap.
1152 4558 1195 4621 11)
1212 4559 1257 4610 vel
1275 4559 1366 4612 solam
1384 4559 1586 4614 auctoritatem
1602 4563 1746 4629 praestare
1775 4570 1827 4616 soti·

106 4639 232 4708 jacturis
248 4641 396 4710 omnibus,
414 4658 480 4712 quoe
492 4645 633 4712 quantum
649 4643 799 4712 imponere
817 4643 932 4696 soleant
943 4644 1029 4697 etiam
1046 4645 1151 4715 doctis,
1171 4646 1200 4699 in
1224 4650 1383 4701 memorato
1399 4647 1541 4718 theologo
1557 4648 1726 4717 exemplum
1742 4646 1827 4703 exsut

105 4726 213 4782 Verum
229 4730 333 4801 majori
350 4730 426 4784 lraud
442 4730 529 4784 dubie
545 4732 574 4783 iu
591 4731 675 4800 culpa
687 4731 741 4784 suit
759 4731 881 4785 llivetus
897 4731 1015 4802 (Critic.
1035 4750 1095 4788 sac.
1117 4735 1166 4788 lib.
1185 4753 1225 4803 m,
1241 4751 1304 4804 cap.
1325 4735 1378 4803 111),
1396 4736 1445 4806 qui
1469 4736 1570 4789 relatis
1593 4736 1657 4790 Sati
1679 4750 1827 4809 argumen-

108 4815 156 4884 tis,
174 4820 307 4885 opposita
321 4819 448 4890 maligno
465 4821 597 4873 tacuerit.
617 4819 714 4890 liujus
731 4820 840 4874 silentii
858 4820 886 4873 111
901 4836 989 4891 opero
1005 4838 1062 4892 quo
1079 4839 1205 4877 censura
1221 4824 1392 4893 hujusmodi
1410 4825 1551 4878 librorum
1567 4826 1760 4896 promittitur,
1784 4840 1827 4882 oet

109 4919 172 4957 sam
187 4905 339 4973 pervidere
356 4907 480 4961 arduum
505 4924 563 4961 non
580 4913 634 4962 est.
654 4908 803 4962 tinemut
819 4908 888 4962 1111111
911 4909 1184 4966 clariusatllnisto
1211 4912 1353 4967 Ecclesiae
1368 4913 1474 4966 1111111111
1498 4916 1688 4982 peccatorum
1705 4915 1827 4971 dimitte

109 4992 212 5068 dorum
228 4994 398 5062 auctoritas,
416 4999 582 5050 necessitas
600 4999 769 5052 eorumdem
786 4998 1030 5070 confitendorffnm
1049 5017 1082 5054 ae
1099 5001 1216 5055 tandem
1237 5002 1382 5056 bonorum
1402 5018 1523 5072 operum
1540 5003 1738 5074 corporisque
1763 5000 1827 5061 cust

108 5062 259 5154 gatiouum
275 5081 409 5136 meritum
424 5085 658 5140 manifestantur.
