3900 6128
74 209 135 285 24³
809 205 1084 277 66666666.
1744 215 1806 283 sce

76 415 232 490 suspendit
241 414 404 482 incessum,
424 411 502 469 nulla
518 410 701 468 tentaritnbi
716 426 857 483 gressum
872 408 909 465 n·
923 391 953 454 Α
969 411 1125 467 successio
1153 413 1285 483 parentis
1311 415 1461 473 infusione
1489 416 1627 489 martyris
1651 417 1804 477 erudivit?

75 510 175 579 geret:
193 506 289 560 anxiae
312 519 377 558 cum
391 506 469 558 terra
485 503 649 581 occureret,
665 498 789 556 offensas
813 499 906 569 vado,
968 498 1052 555 Unde
1068 501 1146 556 enim
1161 502 1301 574 didicisti,
1326 521 1393 576 666
1418 504 1477 561 bon
1499 507 1629 562 habuisti
1644 508 1722 563 unde
1738 509 1802 565 dis-

75 595 152 655 lsetoe
166 591 323 664 profundo.
340 592 464 648 Videres
476 592 553 662 piam
573 587 696 645 matrem
712 589 908 661 stringentem
967 604 1062 656 ceras,
1076 591 1235 647 constituta
1248 592 1370 666 inogro,
1387 595 1467 651 nulle
1482 596 1565 652 socia
1580 596 1707 669 uirgine,
1721 599 1802 653 nullo

74 682 153 738 6666
167 696 282 750 manus,
299 681 430 753 gaudere
450 681 486 736 de
500 679 636 752 pignore,
651 678 755 734 timere
775 678 906 746 daoasu,
966 676 1120 733 informata
1145 680 1288 736 doctore?
1316 682 1382 738 Non
1407 699 1480 757 ergo
1505 685 1696 756 discipulam,
1722 687 1803 759 qnod

73 787 111 827 ne
125 770 184 825 sibi
194 769 271 825 illias
291 769 339 825 vel
354 769 621 825 ductusaularret.
644 768 706 823 1166
721 767 783 832 1161,
800 766 904 838 inquit,
965 766 1030 821 lteri
1045 768 1109 824 sine
1125 770 1297 842 magisterio
1312 787 1371 827 non
1386 775 1493 845 potest,
1512 773 1566 829 sed
1582 773 1733 831 haeredem
1743 777 1802 831 vir·

73 859 200 930 hostias,
215 857 473 927 Christe,immolo
483 857 630 929 praesules
642 856 796 927 castitatis,
813 854 906 910 duces
964 856 1035 911 tutis
1052 857 1151 929 egisti.

71 948 198 1018 itineris,
215 948 338 1004 comites
353 946 506 1017 passionis
522 947 589 1017 (60).
999 945 1043 1000 08.
1060 945 1204 1010 0616616
1222 947 1286 1002 deri
1304 952 1408 1019 posset
1427 953 1577 1006 61666616
1595 950 1732 1008 Sotheris
1748 953 1802 1009 tibi

105 1038 152 1095 86.
164 1037 222 1092 Sed
239 1036 306 1109 quis
318 1035 388 1107 jure
403 1036 643 1093 mireturtsntam
658 1034 827 1089 viventibus
837 1033 907 1088 suis·
965 1050 1024 1090 non
1034 1039 1116 1091 esset
1126 1037 1233 1091 mentis
1245 1041 1358 1107 auctor,
1371 1038 1419 1093 cui
1429 1042 1587 1097 auctorest
1597 1042 1719 1113 generis
1729 1042 1802 1112 (61).)

72 1141 106 1183 66
131 1126 344 1192 constantiam,
367 1124 539 1180 66661166
558 1124 705 1186 detunctee
727 1123 907 1179 immobilem
964 1124 1181 1196 persecutionis
1193 1128 1287 1196 oetate,
1304 1127 1465 1183 servilibus
1481 1145 1599 1201 quoque
1611 1130 1801 1186 contumeliis
1851 1175 1858 1190 .

70 1215 228 1272 stationem
256 1230 412 1286 corporum
435 1214 751 1270 vindicaver·int‘?Non
781 1213 907 1268 cadaver
964 1213 1460 1286 adfastigiumpussionisevecta,
1476 1218 1800 1291 atiamvultumipsum

68 1304 151 1366 ‚unda
171 1304 304 1374 nudavit,
327 1319 386 1359 non
410 1303 505 1375 rapidi
524 1319 633 1361 cursus
649 1302 778 1358 lluminis
795 1303 906 1357 voluto·
964 1302 1016 1374 qui
1029 1303 1105 1358 inter
1119 1304 1268 1359 cruciatus
1283 1305 1373 1361 totius
1389 1306 1525 1377 corporis
1541 1307 1618 1363 liber
1641 1324 1711 1364 6666
1732 1325 1802 1364 con·

70 1396 151 1450 runt.
167 1391 243 1459 Quin
261 1393 348 1449 etiam
362 1394 464 1448 sancta
484 1396 576 1448 mater
593 1391 663 1447 lieet
678 1407 771 1447 sensu
787 1407 903 1460 carane,
964 1391 1061 1446 suevit
1075 1391 1203 1464 injuriae,
1230 1396 1258 1449 et
1273 1397 1408 1464 spectare
1428 1396 1526 1466 potius
1545 1399 1692 1452 tormenta
1713 1413 1801 1469 quam

30 1544 33 1551 ,
68 1481 187 1556 61616116
204 1485 303 1538 tamen
317 1483 421 1538 adbuc,
434 1482 573 1538 servabat
586 1480 772 1552 amplexum:
791 1479 905 1535 611611-
963 1480 1085 1551 perpeti,
1103 1481 1234 1536 carnifici
1249 1481 1330 1537 dedit
1346 1500 1352 1538 :
1370 1485 1428 1538 tam
1452 1483 1540 1539 fortis
1565 1488 1594 1540 et
1616 1486 1743 1557 patiens,
1769 1490 1802 1542 ut

68 1572 189 1644 glesum
205 1588 293 1644 quem
308 1572 476 1637 strinxerat,
503 1570 612 1626 nodum
627 1586 682 1624 noc
698 1570 726 1623 in
743 1572 836 1623 morte
860 1569 903 1622 la·
963 1584 1031 1623 cum
1045 1572 1163 1626 teneres
1179 1570 1235 1640 (60)
1252 1586 1348 1642 poenas
1363 1570 1483 1628 offerret
1509 1589 1618 1646 genas,
1635 1575 1719 1646 prius
1734 1591 1801 1631 car·

68 1661 158 1716 xabat
175 1678 181 1716 :
197 1663 229 1716 61
243 1677 310 1732 quae
323 1659 461 1732 religioni
476 1659 607 1715 debitum
632 1659 771 1725 solverat,
797 1659 902 1728 pielutc
962 1656 1044 1713 nitex
1059 1659 1201 1715 66666666
1216 1659 1368 1729 deiecerit,
1387 1677 1475 1734 quam
1490 1666 1600 1734 martyr
1615 1663 1734 1736 injuriae
1749 1681 1801 1720 cc-

68 1749 188 1807 haerede
209 1753 375 1807 moreretur
395 1749 461 1818 (61).
487 1749 562 1804 Ν66
581 1764 656 1821 quas
675 1748 711 1802 ud
730 1748 902 1818 martyrium
962 1747 1055 1802 deret.
1073 1747 1139 1803 Non
1154 1747 1269 1804 vultum
1285 1749 1407 1819 inflexit,
1426 1766 1484 1806 non
1499 1768 1551 1806 ora
1567 1753 1726 1821 convertit;
1742 1769 1801 1809 non

63 1837 216 1912 junxerat,
233 1855 328 1911 usqua
343 1839 380 1893 ad
395 1839 539 1894 tumulum
554 1837 732 1893 vindicabat.
961 1837 1112 1908 gemitum,
1128 1853 1187 1892 non
1211 1837 1370 1909 lacrymam
1385 1840 1464 1894 dedit
1488 1841 1555 1910 (61).
1572 1842 1705 1914 Denique
1729 1858 1797 1898 curn

88 1928 148 1984 at.
173 1928 231 1984 Sed
250 1928 320 2000 quid
346 1927 523 2000 alienigenis
551 1926 629 1998 apud
648 1929 686 1996 16,
715 1942 811 1990 soror,
835 1930 902 1980 utor
961 1927 1067 1980 6661666
1090 1942 1243 1996 pinnarum
1266 1929 1524 2000 generauieisset,
1550 1929 1682 2002 gladium
1706 1946 1795 2003 quern

68 2016 234 2088 exemplis,
258 2032 346 2090 quam
368 2016 563 2072 haereditariae
587 2016 730 2071 castitalis
757 2015 900 2086 inspirata
961 2014 1121 2086 quaerebat,
1137 2015 1249 2071 invenit
1264 2016 1331 2086 (65).

103 2160 158 2230 (60)
174 2159 306 2228 661661),
325 2159 410 2215 Erae.
428 2162 456 2215 et
474 2160 580 2228 Rom,
597 2174 663 2213 cum
680 2158 796 2213 duobus
813 2158 898 2226 cod,
960 2158 1014 2212 sed
1029 2160 1057 2212 et
1072 2156 1202 2228 maiores
1217 2174 1321 2214 omnes
1336 2174 1374 2214 ax
1389 2175 1515 2230 quorum
1532 2161 1623 2231 stirpe
1639 2162 1795 2218 66661661-

65 2229 222 2287 Prcesules
249 2231 453 2303 6666616116,
479 2231 570 2285 duces
593 2230 753 2298 eastitatis
779 2231 902 2284 comites
959 2229 1068 2297 66666,
1094 2230 1139 2284 616
1154 2229 1312 2299 appellare,
1340 2231 1434 2287 Passa
1458 2246 1529 2286 vero
1552 2237 1599 2287 est
1614 2237 1716 2287 sancta
1732 2234 1800 2289 baec

60 2303 223 2377 passionis,
239 2302 307 2358 Gill.
325 2318 392 2357 cum
406 2301 530 2373 reliquis
547 2300 622 2355 utin
639 2304 787 2355 contextu.
960 2303 1071 2371 martyr
1083 2316 1130 2354 an.
1147 2300 1183 2354 ab
1198 2300 1313 2355 lncarn.
1339 2301 1404 2369 301,
1418 2303 1445 2357 61
1469 2302 1596 2358 baronio
1620 2305 1770 2358 credimus
1792 2321 1798 2360 :

100 2371 156 2443 (61)
172 2373 308 2445 Plerique
326 2389 412 2442 mss,
426 2373 553 2444 pietatis
566 2372 688 2427 liserede
706 2378 876 2426 moreretur
892 2392 900 2426 :
958 2387 1025 2425 nam
1041 2375 1110 2425 sunt
1125 2371 1175 2442 qui
1191 2373 1361 2443 martyrium
1377 2371 1445 2427 666
1456 2389 1503 2427 66.
1514 2373 1567 2429 293
1581 2376 1631 2428 sut
1645 2373 1697 2429 283
1712 2391 1797 2430 asse·

64 2442 899 2517 6116616666616611.,6161611,1166666666661666611.
957 2445 1024 2498 rant
1038 2442 1213 2514 contigisse.
1230 2443 1321 2497 Porro
1346 2442 1382 2497 de
1409 2459 1463 2498 occ
1478 2444 1529 2498 ubi
1555 2461 1646 2514 passa
1670 2445 1710 2500 sit
1733 2463 1796 2501 non

62 2516 135 2586 Ι661,
152 2522 334 2571 moreretur.
355 2515 438 2582 Quod
464 2517 620 2586 utrumque
644 2514 722 2569 haud
745 2513 901 2569 mediocri·
959 2514 1077 2568 minima
1101 2518 1148 2569 est
1162 2512 1311 2569 discordia
1336 2514 1580 2583 interneciones,
1604 2531 1620 2570 e
1643 2516 1753 2587 quibus
1783 2533 1799 2571 a

63 2587 111 2644 tar
124 2586 213 2642 nobis
228 2589 401 2658 suspectum
417 2590 472 2642 est.
959 2600 1030 2640 vero
1047 2585 1169 2655 propius
1193 2584 1332 2640 aberrare
1347 2585 1485 2640 videntur
1499 2586 1521 2640 ii
1535 2587 1584 2657 qui
1604 2587 1728 2642 Romam
1752 2589 1801 2642 ei-

99 2657 157 2728 (61)
172 2658 261 2714 Beata
276 2658 341 2713 haec
356 2657 501 2726 sotheris,
517 2672 584 2728 quae
600 2657 742 2712 Setheres
756 2657 843 2711 etiam
858 2655 901 2711 di·
960 2656 1025 2711 dem
1042 2658 1143 2726 putant
1157 2656 1379 2728 assignandam.
1397 2656 1518 2711 Festum
1533 2661 1631 2712 autem
1645 2659 1742 2728 ipsius
1760 2675 1798 2714 ex

64 2726 142 2783 citur
165 2728 196 2783 in
218 2744 293 2784 666.
309 2729 497 2801 quibusdam,
514 2732 542 2783 et
556 2728 694 2796 Sethera.
720 2732 750 2783 61
767 2728 901 2782 Bollundi
960 2731 1079 2797 martyr.
1099 2729 1183 2782 1166.
1194 2743 1233 2795 rv,
1250 2743 1287 2782 ex
1302 2728 1368 2782 ullis
1384 2743 1455 2783 vero
1472 2745 1522 2782 riu
1534 2729 1603 2784 ldus
1619 2728 1800 2785 Februarias

63 2799 319 2877 continuatoribus
344 2799 450 2870 placet,
475 2798 577 2853 vocari
591 2802 690 2870 661661
706 2816 712 2854 :
730 2815 797 2854 cum
814 2799 901 2870 virgo
959 2798 1154 2853 renuntiatur.

62 2880 123 2937 666
138 2871 226 2926 6666
237 2869 267 2925 16
281 2869 511 2942 martyrologiis,
525 2885 628 2925 verum
639 2871 726 2926 etiam
737 2870 766 2924 in
776 2870 898 2926 Exhort.
994 2870 1051 2939 (63)
1068 2869 1204 2940 Plerique
1229 2885 1314 2938 mss,
1333 2870 1468 2925 carnifici
1483 2870 1567 2926 dedit
1592 2871 1686 2927 tortis
1701 2879 1731 2928 et
1743 2890 1799 2945 pa-

61 2940 100 2997 66
112 2940 313 3014 uirginitatem
327 2941 364 2996 ab
380 2941 540 2997 Ambrosio
557 2942 622 3012 1666
639 2943 815 3007 nominetur,
842 2957 899 3012 qua
919 2965 945 3027 c
961 2941 1051 3009 tiens,
1069 2947 1099 2995 ut
1115 2957 1189 3010 666,
1206 2943 1262 2995 616.

60 3011 175 3068 ratione
191 3011 353 3068 hicauetor
360 3014 498 3085 pencris,
510 3029 545 3067 ac
561 3028 651 3083 supra
659 3029 772 3084 parcns
784 3012 903 3067 hlnrcel-
994 3013 1049 3080 (61)
1061 3012 1140 3067 1666
1153 3028 1220 3080 66,
1233 3028 1289 3066 666
1303 3012 1415 3083 gemitu
1430 3013 1516 3078 ricta·
1530 3013 1691 3096 lacrymam
1702 3016 1798 3071 dedit:

59 3080 129 3139 linas
145 3084 302 3152 scribatur,
321 3099 380 3140 non
396 3084 543 3138 immerito
568 3083 662 3138 lactor
676 3084 816 3156 ambigat.
842 3084 901 3138 lle·
993 3084 1050 3151 (61)
1067 3083 1157 3138 111666
1173 3083 1275 3137 verbis
1292 3098 1359 3136 cum
1380 3087 1522 3139 tractatus
1539 3085 1655 3140 desinat
1670 3087 1700 3141 in
1723 3103 1798 3142 666.

60 3154 208 3228 spondent
223 3159 322 3211 autem
333 3156 423 3211 iidem
441 3154 574 3210 llollandi
585 3155 805 3211 continuator-cs
824 3155 902 3210 baud
957 3155 1106 3222 omnibus,
1128 3169 1195 3226 quaa
1210 3154 1240 3207 in
1263 3153 1332 3208 edit.
1354 3158 1529 3226 sequuntur,
1549 3160 1616 3225 post
1636 3156 1745 3212 librum
1762 3158 1799 3212 de

62 3225 215 3284 insolitum
239 3226 335 3282 161666
364 3226 482 3282 illorum
508 3229 673 3297 temporum
701 3226 901 3296 scriptoribus
963 3225 1066 3280 Viduis
1092 3224 1149 3279 sub
1174 3224 1294 3296 proprio
1320 3225 1404 3280 titulo
1429 3224 1592 3297 rejicienda
1615 3242 1685 3283 esse
1709 3229 1799 3283 duxi·

62 3312 123 3354 non
138 3297 235 3363 solum
250 3312 323 3354 avos
339 3314 355 3353 6
371 3298 481 3370 quibus
505 3300 585 3353 rocta
601 3298 669 3369 quis
692 3297 898 3366 descenderat,
958 3311 1034 3352 mus.

510 3615 556 3694 tu
588 3613 777 3695 cludunt
803 3614 867 3694 1111
895 3613 1341 3698 110111660110111110

182 3942 258 4011 ET
273 3943 348 4012 DE
371 3913 696 4011 SANCTUHUM
715 3939 777 4007 IN
782 3939 909 4007 Vocet
921 3939 1072 4008 TIONE
1095 3938 1350 4007 NONNIHIL
1373 3940 1569 4009 DELIBA
1580 3941 1679 4013 TUR

91 4236 271 4294 Ambrosius
286 4235 391 4307 inipso
405 4234 666 4291 commentationis
682 4233 774 4306 hujus
789 4233 889 4290 limina
905 4236 995 4302 (6616.
1015 4233 1039 4301 ll
1055 4235 1207 4303 profitetur
1220 4234 1256 4288 ad
1271 4249 1336 4288 eam
1351 4233 1446 4289 tribus
1462 4234 1548 4288 libris
1562 4234 1607 4289 De
1623 4233 1800 4306 Virginibus

56 4325 297 4400 coniungendam
312 4324 457 4396 66661611,
473 4340 490 4378 6
504 4339 564 4396 quo
579 4324 734 4395 utriusque
750 4322 928 4378 conditionis
943 4321 1047 4378 laudes
1061 4323 1174 4394 possim
1189 4322 1219 4378 in
1233 4322 1368 4394 epistolis
1386 4323 1450 4378 suis
1466 4323 1650 4394 copulantur,
1667 4324 1799 4378 auctori·

54 4417 113 4471 tata
135 4420 221 4489 atque
237 4415 372 4487 exemplo
388 4415 539 4470 inductum
556 4429 635 4470 esse.
655 4414 691 4467 61
714 4428 786 4468 vero
802 4412 831 4468 in
848 4412 947 4483 operis
962 4411 1040 4467 serie
1063 4415 1138 4483 (cap.
1155 4412 1182 4481 0,
1199 4427 1278 4466 666.
1295 4412 1328 4466 sl
1352 4415 1381 4467 61
1396 4416 1473 4483 seq.)
1495 4413 1642 4484 quandam
1660 4414 1799 4468 occasio-

55 4518 124 4565 nem
138 4505 389 4579 deprehendimus
405 4520 472 4577 quea
487 4503 585 4576 ipsum
600 4506 632 4559 ut
647 4502 770 4558 haberet
784 4501 955 4574 chartisque
979 4502 1175 4556 committeret
1190 4502 1304 4580 huncce
1318 4504 1486 4570 tractatum,
1504 4501 1603 4555 acrius
1618 4502 1719 4557 movit.
1738 4502 1800 4555 Ex·

56 4595 164 4650 stinclo
179 4595 309 4668 conjuge
324 4598 456 4650 matroon
476 4593 622 4664 quaedum,
640 4593 687 4646 cui
702 4592 770 4647 lilim
785 4591 887 4663 plures
902 4590 1007 4662 partim
1022 4590 1150 4657 nubilas,
1168 4591 1274 4662 partim
1286 4589 1349 4661 y'arn
1363 4592 1465 4660 nuptui
1481 4591 1595 4646 traditae
1610 4595 1798 4662 supererant,

55 4683 93 4741 ad
108 4699 263 4741 commune
287 4685 474 4740 moerentium
491 4683 621 4738 omnium
646 4680 816 4754 perfugium
830 4697 900 4736 seso
924 4679 1062 4745 contulit,
1079 4679 1193 4734 scilicet
1217 4679 1419 4734 Ambrosium.
1437 4679 1520 4734 11666
1544 4680 1589 4733 uir
1604 4683 1728 4735 sanctus
1744 4698 1798 4751 pro

55 4788 111 4829 sua
127 4772 263 4829 facultate
279 4773 461 4843 consolatus,
479 4771 575 4828 eidem
590 4770 678 4827 ctiam
693 4773 796 4826 uuclor
812 4770 876 4837 luit,
892 4772 934 4838 61,
949 4770 1109 4840 temperata
1126 4767 1273 4821 moestilim
1285 4767 1480 4834 vehementis,
1497 4771 1612 4822 vestem
1627 4768 1796 4840 lugubrem,

55 4863 124 4934 quia
140 4862 267 4918 tortasse
283 4863 441 4917 constitum
455 4862 546 4918 luctui
562 4865 677 4933 tempus
691 4859 754 4933 y'am
767 4859 933 4925 effluxerat,
949 4857 1119 4928 deponeret.
1133 4856 1226 4910 11666
1241 4855 1290 4910 1116
1305 4873 1372 4928 quse
1387 4856 1444 4910 sub
1460 4856 1540 4927 66116
1552 4862 1680 4927 syrmate
1697 4858 1798 4928 volup-

53 4953 123 5008 tatis
138 4967 269 5008 amorem
283 4951 490 5020 occultaverat,
504 4951 669 5007 hbrosiana
684 4950 774 5004 verba
791 4949 820 5003 in
836 4946 1003 5018 cupiditatis
1019 4962 1083 5001 suae
1099 4945 1223 5019 gratiam
1237 4945 1445 5016 interpretans,
1458 4945 1529 5000 nihil
1546 4946 1623 5001 aliud
1638 4947 1696 5000 nisi
1713 4948 1799 5001 ador-

54 5041 169 5098 nandae
193 5056 286 5096 nouas
309 5040 427 5110 nuptias
442 5040 582 5112 agitabat.
608 5041 674 5095 Non
690 5038 765 5111 sugit
789 5038 846 5092 hoo
867 5038 1001 5091 sanctum
1024 5035 1184 5106 praesulem
1202 5051 1208 5088 :
1226 5049 1351 5105 eumque
1374 5035 1651 5105 perspectissimum
1673 5036 1796 5090 haberet

54 5136 126 5204 quot
140 5131 225 5199 mala,
242 5131 326 5199 rixae,
346 5130 424 5199 lites,
439 5129 611 5199 inimiciliae,
627 5129 696 5184 hinc
711 5127 884 5184 necessario
899 5126 1003 5181 essent
1018 5125 1152 5192 oriturm3
1169 5126 1200 5178 ut
1219 5124 1351 5179 simulet
1368 5123 1437 5177 11166
1454 5122 1625 5196 conjugium
1642 5124 1800 5178 dissuade-

52 5224 108 5292 ret,
125 5223 153 5276 et
168 5220 369 5292 suspicionem
384 5220 458 5274 datae
474 5218 695 5290 approbationis
713 5216 814 5272 absiso
829 5216 1004 5280 removeret,
1028 5212 1205 5268 Christianis
1221 5212 1375 5267 viduitatis
1391 5212 1597 5267 excellentiam
1620 5213 1796 5282 66666666,

53 5312 141 5381 atque
156 5311 193 5365 ad
208 5310 361 5366 colendum
376 5326 441 5365 enm
455 5308 562 5363 viduas
574 5307 721 5363 cohortari
738 5321 905 5379 aggressus
921 5306 976 5359 est.

88 5399 236 5471 Principio
251 5400 342 5474 igitur
357 5400 491 5471 proxime
506 5397 542 5454 ad
558 5396 757 5470 virginitatem
772 5395 914 5450 accedere
929 5391 1080 5447 viduitatis
1107 5391 1336 5461 professionem,
1360 5408 1415 5445 nee
1432 5407 1491 5446 666
1507 5390 1692 5446 matrimonio
1708 5392 1797 5464 longe

51 5489 224 5560 praecellere
239 5491 394 5545 asseverat
409 5489 484 5558 (cup.
503 5485 540 5556 l).
557 5483 656 5557 llujus
672 5485 714 5541 rei
730 5487 935 5557 argumentum
951 5481 1062 5552 profert
1078 5496 1135 5535 non
1152 5481 1238 5535 modo
1253 5481 1449 5551 apostolicum
1466 5480 1677 5549 testimonium,
1694 5497 1797 5535 verum

51 5577 140 5634 stiam
164 5579 332 5651 exemplum
354 5577 451 5632 viduae
476 5575 647 5646 Sareplsuae
671 5576 761 5633 inum.
785 5573 802 5627 3
824 5557 956 5641 61666),
981 5568 1069 5640 cujus
1095 5568 1339 5623 6661116166666
1363 5568 1525 5624 solitariam
1550 5568 1717 5638 exstitisse,
1744 5569 1798 5623 sed

52 5665 189 5740 pluribus
203 5667 280 5739 aliis,
306 5669 377 5742 puta
391 5663 590 5740 hospitalitate
605 5680 639 5719 ac
654 5663 776 5735 pietate,
798 5660 935 5734 stipatam
950 5658 1046 5717 66661.
1072 5657 1213 5712 11666616
1238 5657 1403 5714 66666666
1424 5658 1565 5715 6666166
1589 5664 1618 5714 61
1639 5657 1798 5732 mysticum
