3900 6128
78 328 81 333 '
117 332 201 412 iasa
714 314 1017 411 srisaoihauu
1032 336 1199 409 cnissis
1217 346 1242 407 i.
1768 344 1851 411 asso
1908 328 1914 335 '

120 546 259 619 sequitur
280 549 309 603 et
331 547 442 620 exiguo
464 546 523 603 illic
539 546 679 620 conjugis
694 551 831 603 contenta
847 528 999 618 cespitel
1012 545 1102 618 nique
1117 544 1312 617 reprehendit
1327 544 1435 602 blichol
1450 544 1605 601 saltantem
1629 544 1732 615 David,
1757 550 1787 603 et
1810 548 1851 604 ait

120 636 269 691 solabitur
294 651 328 692 se
351 636 506 708 religionis
531 643 559 691 et
582 636 734 691 charitatis
760 636 870 691 divitiis
890 636 957 708 (is).
1015 634 1050 690 ad
1065 630 1133 690 curn
1150 652 1156 689 ε
1172 655 1184 685 ι
1200 632 1276 698 Quid
1292 634 1505 691 honorificatas
1521 639 1568 690 est
1578 634 1665 691 hodie
1675 651 1729 691 rex
1740 634 1848 707 lsrae13
1867 670 1875 683 ·

120 722 250 780 Soboles
274 725 319 781 eis
343 725 434 794 nulla,
460 729 488 780 et
513 725 579 782 ideo
603 726 775 781 meritorum
797 726 958 797 posteritas
1014 724 1180 778 denudatus
1205 727 1252 778 est
1274 724 1362 780 hodie
1385 728 1452 780 ante
1478 724 1581 779 ocules
1602 724 1766 794 puellarum
1780 741 1849 807 sua3

120 812 291 869 desiderata
304 812 374 886 (it).
1014 828 1079 867 rum
1102 811 1144 882 (11
1162 813 1237 885 Ileq.
1262 830 1302 883 vi,
1324 812 1384 883 ‘topi
1410 835 1421 863 a
1448 813 1485 868 Et
1500 814 1653 884 respondit
1673 815 1700 869 ei
1723 815 1817 871 David
1840 832 1847 871 ι

156 902 184 957 a.
205 902 278 958 llaec
293 903 344 957 ubi
361 903 507 958 audierint
520 918 662 973 proceres
677 904 733 958 viri
749 904 816 974 (75),
834 920 900 975 quae
915 904 957 960 le·
1016 921 1027 952 a
1045 900 1150 955 Coram
1166 902 1290 958 Domino
1306 902 1415 971 ludam,
1436 902 1487 974 qui
1509 903 1598 975 elegit
1620 918 1666 959 nie
1690 919 1744 975 pro
1765 908 1849 976 patre

120 994 260 1063 quentur.
279 990 323 1045 Ex
339 991 388 1045 illa
405 991 524 1060 familia,
540 992 589 1045 illa
604 994 753 1063 prosapia,
773 993 822 1047 illa
847 993 956 1062 indole,
1013 991 1074 1059 tuo,
1099 992 1127 1045 at
1150 1006 1204 1061 pro
1228 991 1368 1047 universa
1392 990 1478 1047 domo
1504 990 1587 1063 ejus3
1607 996 1639 1046 ut
1654 993 1848 1050 constitueret
1911 1040 1914 1047 .

120 1083 202 1135 tanta
216 1080 370 1151 praeditum
387 1080 554 1151 eloquentia
577 1081 727 1152 migrasse
743 1098 759 1135 a
782 1086 887 1136 senatu
911 1082 958 1134 iii-
1014 1095 1061 1134 mo
1076 1095 1179 1151 regem
1194 1096 1285 1151 super
1299 1082 1440 1151 populum
1457 1097 1543 1136 suum
1565 1082 1668 1137 lsrael.
1692 1081 1728 1137 bt
1748 1082 1847 1138 ludam

121 1170 285 1239 terceptam
300 1169 419 1224 familiae
434 1169 522 1225 nohis
538 1170 786 1225 successionem:
811 1170 881 1225 ferri
902 1170 958 1225 hoe
1014 1184 1114 1223 coram
1130 1168 1847 1241 Domino,etdenudaboradhuesic,eteronu-
1937 1226 1940 1231 .

121 1272 183 1313 uon
207 1274 310 1329 posse.
336 1257 371 1313 Et
394 1274 460 1313 cum
483 1258 541 1328 ipsi
566 1259 660 1329 capita
684 1262 712 1313 et
727 1259 886 1329 supercilia
902 1276 957 1314 sua
1014 1273 1073 1329 gaii
1088 1260 1155 1313 aute
1170 1260 1274 1314 oculos
1289 1262 1368 1327 tuos,
1385 1262 1413 1314 et
1433 1276 1500 1314 cum
1523 1259 1642 1330 puellis,
1668 1260 1778 1332 quibus
1802 1260 1848 1315 di-

120 1346 236 1415 radant,
254 1347 281 1401 si
296 1347 414 1418 quando
429 1346 519 1401 Isidis
533 1347 591 1417 (to)
609 1347 776 1417 suscipiunt
798 1363 904 1419 sacra3
930 1349 957 1404 si
1013 1346 1085 1401 xisti
1099 1364 1145 1403 me
1161 1346 1350 1419 denudatum,
1366 1350 1586 1405 honorificabor
1609 1348 1698 1418 (Ibid.
1721 1348 1767 1419 dt,
1790 1347 1847 1421 22).

122 1435 200 1491 lorte
223 1434 411 1491 Christianus
437 1435 484 1490 vir
506 1436 643 1491 attentior
667 1442 868 1493 sacrosanctas
889 1438 956 1492 reli·
1047 1434 1074 1490 i.
1096 1436 1163 1492 Non
1178 1437 1379 1511 erubitigitur
1394 1438 1487 1493 David
1514 1438 1660 1493 femineas
1681 1438 1847 1509 opiniones,

122 1525 215 1597 gioni,
231 1528 347 1581 vestem
362 1525 528 1596 mutaverit,
546 1525 701 1598 indignum
720 1526 835 1581 lacinus
859 1528 957 1599 appel·
1011 1540 1066 1580 nee
1080 1525 1240 1596 opprobria
1257 1526 1333 1598 apud
1348 1528 1490 1584 mulieres
1505 1528 1607 1583 subire
1623 1543 1677 1600 pro
1691 1527 1849 1601 religionis

120 1612 182 1669 lant
197 1612 265 1686 (Ἡ).
1013 1614 1158 1686 obsequio
1170 1616 1387 1671 verecundatus
1402 1618 1459 1672 est.
1482 1616 1615 1671 Ludebat
1630 1618 1707 1673 enim
1723 1616 1849 1673 Domino

157 1703 185 1758 t.
205 1701 351 1775 Equidem
365 1703 451 1759 doleo
467 1707 576 1759 tantam
591 1719 661 1760 esse
677 1705 706 1760 in
726 1705 880 1761 mendacio
901 1705 958 1775 (78)
1012 1718 1088 1774 puer
1110 1718 1206 1774 suus,
1232 1705 1260 1759 et
1284 1704 1350 1759 ideo
1372 1704 1500 1775 amplius
1524 1704 1643 1776 placuit,
1660 1706 1729 1778 quia
1753 1704 1792 1760 ita
1815 1720 1849 1760 se

122 1791 345 1848 observantiam
359 1793 389 1847 in
404 1793 528 1848 veritate
541 1793 764 1867 negligentiam,
786 1797 816 1849 ut
835 1794 958 1849 conlua-
1013 1792 1178 1847 humiliavit
1194 1792 1264 1859 lieo,
1282 1796 1314 1846 ut
1329 1793 1429 1864 regale
1443 1793 1635 1864 posthaberet
1646 1793 1809 1865 fastigium,
1821 1795 1852 1849 et
1911 1780 1914 1785 ¹

124 1882 232 1937 dantur
246 1881 380 1953 plerique
396 1882 569 1938 attentiores
584 1882 620 1937 ad
639 1887 863 1939 sacrosanctam
886 1883 957 1938 rcli·
970 1902 998 1971 B
1013 1881 1148 1936 ultimum
1159 1881 1314 1937 exhiberet
1325 1882 1481 1953 Deoquasi
1493 1882 1849 1939 servulus'ministerium.
1910 1924 1913 1929 .

123 1969 245 2043 gioaem
259 1970 363 2039 videri,
380 1986 440 2026 non
456 1971 680 2027 considerantes
691 1987 794 2028 vocem
810 1972 954 2027 dicentis:
1014 1969 1147 2042 Denique
1162 1970 1212 2025 illa
1223 1986 1289 2042 qum
1302 1970 1487 2026 saltationem
1499 1970 1671 2043 hujusmodi
1686 1970 1851 2043 reprehen-

124 2080 137 2111 ι
154 2058 210 2125 Qui
224 2075 271 2115 me
287 2059 433 2115 contusus
449 2060 537 2116 tuerit
558 2076 657 2116 eoram
679 2061 859 2131 hoininibus,
885 2077 957 2117 con·
1014 2058 1066 2128 dit,
1084 2059 1247 2115 sterilitatis
1263 2059 1408 2130 damnata,
1421 2076 1480 2115 non
1490 2060 1570 2115 dedit
1580 2059 1714 2115 sobolem
1725 2060 1848 2133 regiain,

124 2147 233 2203 fundar
254 2152 282 2203 et
305 2164 361 2221 ego
384 2165 452 2203 euni
476 2164 576 2205 coram
598 2149 685 2205 Patre
709 2166 785 2219 meo,
802 2149 853 2221 qui
867 2154 913 2206 est
928 2150 958 2205 iu
1015 2164 1052 2203 ne
1068 2148 1217 2218 superbos
1233 2151 1348 2203 crearet
1364 2165 1370 2202 :
1387 2149 1416 2203 et
1430 2148 1509 2221 quod
1529 2163 1633 2203 verimi
1657 2151 1714 2220 est,
1739 2148 1851 2206 uultum

123 2238 209 2293 coelis
226 2238 335 2309 (Mare.
350 2254 412 2308 viii,
428 2235 483 2307 38).
502 2258 513 2289 i
531 2238 588 2293 Sed
604 2254 663 2294 non
679 2238 824 2294 contusus
840 2242 886 2294 est
901 2240 960 2295 blo·
1014 2239 1060 2292 est
1076 2236 1180 2308 adepta
1194 2236 1375 2308 posteritatis
1391 2252 1455 2292 suis
1471 2237 1703 2309 meritorumque
1727 2253 1850 2295 sueces-

123 2342 207 2399 vsea,
232 2327 372 2400 quicum
397 2331 479 2383 esset
504 2329 617 2384 ascitus
641 2328 671 2383 in
696 2328 958 2400 domumprcgiam,
1013 2327 1140 2381 sionem.

122 2417 275 2472 thesauris
285 2416 410 2489 AEgypti
420 2417 611 2489 opprobrium
621 2417 731 2472 Christi
741 2417 960 2488 praeterendum
1049 2415 1076 2469 8.
1097 2412 1180 2480 Quod
1196 2414 1223 2469 si
1242 2413 1309 2485 quis
1325 2414 1422 2470 adhuc
1436 2414 1560 2485 dubitat,
1576 2415 1702 2487 accipiet
1714 2415 1851 2491 Evange-

123 2506 247 2576 putavit.
265 2505 332 2561 Non
348 2506 494 2561 contusus
510 2510 556 2562 est
571 2506 674 2575 David,
696 2507 747 2578 qui
771 2510 837 2561 ante
861 2523 960 2561 arcam
1015 2504 1105 2559 licum
1120 2504 1338 2573 testimonium3
1354 2503 1428 2559 dixit
1442 2505 1520 2560 enim
1536 2504 1589 2560 Dei
1605 2502 1700 2564 Filius
1716 2522 1724 2564 ε
1743 2530 1755 2555 a
1771 2506 1850 2563 Cen-

123 2594 288 2650 testimonii
302 2611 402 2650 coram
418 2597 498 2651 omui
511 2594 620 2667 populo
637 2596 763 2650 saltavit.
781 2595 906 2668 (llllep.
919 2612 958 2665 vi,
1015 2594 1143 2648 lavimus
1158 2592 1255 2663 vobis,
1273 2597 1301 2649 et
1316 2609 1375 2649 non
1389 2594 1521 2650 saltastis
1547 2594 1667 2666 (tiarati.
1690 2612 1732 2667 xi,
1757 2594 1813 2668 ii).
1836 2616 1849 2649 a

123 2682 192 2739 Non
208 2684 354 2739 contusus
365 2688 412 2739 cst
427 2684 532 2754 lsaias,
549 2684 600 2757 qui
610 2684 708 2739 nudus
723 2689 751 2740 et
761 2684 960 2739 discalceatus
979 2752 982 2759 Ι
1015 2682 1154 2739 Derelioti
1170 2686 1240 2737 sunt
1253 2682 1351 2755 itaque
1366 2682 1473 2754 ludaei,
1497 2684 1548 2755 qui
1572 2699 1632 2739 non
1656 2684 1850 2756 saltaverunt,

120 2772 184 2827 ibat
206 2788 259 2843 per
281 2773 407 2845 populos
428 2774 548 2830 oracula
571 2773 704 2831 clamans
731 2774 865 2830 caelestia
889 2773 958 2844 (Isa.
1015 2772 1064 2844 qui
1080 2771 1251 2827 nescierunt
1266 2771 1403 2827 manibus
1419 2773 1485 2827 suis
1498 2772 1853 2844 plaudere:aseitaesunt

124 2878 177 2934 xx,
193 2862 233 2934 Ξ.)
1015 2864 1132 2934 gentes,
1159 2876 1226 2932 quaa
1251 2860 1414 2932 spiritalem
1439 2861 1500 2917 Deo
1524 2862 1662 2933 plausum
1695 2862 1850 2921 dederunt.

159 2952 188 3007 5.
209 2951 285 3018 Quid
293 2952 400 3025 ,utique
416 2955 475 3007 tam
499 2951 632 3008 deforme
657 2952 767 3008 visibili
791 2953 960 3023 spectaculo
1019 2950 1163 3005 «Stultus
1178 2950 1256 3005 enim
1273 2950 1447 3021 complexus
1462 2952 1509 3006 est
1522 2965 1628 3006 manus
1643 2966 1726 3022 suas,
1750 2954 1779 3007 et
1798 2950 1852 3007 de-

125 3039 226 3106 1014
240 3057 329 3113 quam
344 3042 536 3098 histrionicos
553 3042 674 3098 sinuare
689 3045 805 3114 gestuS,
826 3044 855 3097 et
879 3042 961 3097 temi-
1016 3040 1132 3096 voravit
1146 3040 1263 3095 viscera
1279 3055 1333 3094 sua
1356 3038 1470 3110 (Ecclc.
1487 3056 1527 3109 iv,
1542 3040 1581 3111 5),
1606 3039 1636 3094 id
1660 3043 1716 3111 est,
1744 3054 1853 3112 corpo-

123 3144 183 3186 nco
208 3146 265 3185 usu
289 3131 404 3187 mollire
428 3132 584 3186 membra?
610 3130 787 3186 Deliciarum
811 3148 912 3187 comes
933 3135 962 3187 et
1016 3129 1129 3184 ratibus
1145 3144 1178 3183 se
1194 3128 1355 3199 implicavit
1366 3128 1505 3199 nogotiis,
1522 3131 1551 3183 et
1565 3128 1717 3183 devoravit
1733 3128 1853 3186 viscera

124 3218 254 3275 luxuriae
269 3219 429 3276 ludibrium
444 3223 491 3277 est
505 3221 618 3276 lasciva
643 3221 769 3275 saltatio.
795 3219 869 3285 Quid
890 3220 961 3276 illud
1016 3235 1081 3289 sua,
1099 3218 1176 3273 sicut
1192 3232 1273 3273 mors
1289 3216 1471 3288 praevaleus3
1495 3220 1524 3271 et
1545 3216 1612 3271 ideo
1635 3232 1695 3272 non
1722 3217 1854 3273 inveniet

123 3308 206 3381 quod
222 3308 286 3381 ipse
302 3310 409 3365 cecinit
424 3310 527 3365 dicens
544 3326 550 3365 :
571 3333 582 3359 v
604 3310 715 3365 Omnes
738 3313 854 3383 gentes,
879 3309 961 3381 plau·
975 3266 1003 3337 c
1017 3310 1104 3364 citam
1121 3313 1277 3377 aeternam
1294 3307 1415 3377 sapiens
1425 3308 1522 3361 autem
1531 3304 1668 3361 attollens
1681 3320 1770 3377 opera
1782 3322 1852 3375 sua,

121 3398 186 3453 dite
200 3399 337 3454 manibus
352 3398 448 3471 (Psal.
465 3416 543 3469 xcvi,
559 3399 608 3470 dli
624 3399 736 3471 Nempe
752 3400 778 3453 si
797 3400 962 3470 corporalia
1015 3403 1047 3455 ut
1069 3399 1203 3453 lucerent
1227 3412 1326 3452 coram
1351 3395 1437 3450 Pati-e
1462 3410 1528 3466 suo,
1554 3394 1605 3466 qui
1629 3395 1660 3450 in
1689 3393 1775 3451 eoelis
1806 3397 1854 3451 est

123 3487 363 3557 consideremus,
380 3489 519 3560 tanquam
543 3489 739 3544 muliebribus
764 3488 961 3544 intermistum
1016 3488 1138 3559 (Matth.
1155 3503 1184 3556 v,
1202 3486 1262 3555 lo),
1284 3500 1344 3540 non
1368 3484 1544 3555 absumpsit,
1568 3484 1622 3539 sed
1648 3483 1773 3540 elevavit
1787 3484 1853 3539 vis-

122 3576 248 3633 ohoreis
261 3580 400 3649 putamus
416 3594 483 3634 eum
498 3594 678 3649 concrepare
689 3579 837 3647 manibus,
854 3581 883 3633 et
897 3582 961 3632 tur·
1016 3592 1084 3631 cera
1110 3591 1164 3630 sua
1190 3588 1286 3645 usque
1309 3573 1346 3628 ad
1368 3572 1598 3629 resurrectionis
1620 3572 1755 3645 gratiam.
1778 3572 1853 3629 llaec
1941 3634 1945 3647 Ι

121 3644 257 3739 pl'dti‘i'd
262 3667 413 3738 plaudere.
430 3667 506 3722 Num
521 3671 548 3723 et
564 3669 601 3723 de
615 3666 750 3723 Ezechiel
766 3667 936 3723 dictumest
953 3682 960 3723 :
1016 3665 1148 3738 gloriosa
1173 3662 1317 3735 sapientis
1342 3661 1468 3733 saltatio,
1494 3677 1582 3735 quam
1605 3662 1722 3717 saltavii
1738 3661 1852 3731 David3

125 3778 139 3805 a
157 3755 273 3812 Plaude
288 3773 386 3827 manu,
404 3760 432 3812 et
447 3759 568 3829 percule
581 3757 656 3830 pede
671 3757 797 3828 (Erech.
814 3774 853 3827 vi,
870 3757 925 3829 tt).
1016 3754 1126 3811 atideo
1141 3751 1289 3824 usquead
1307 3752 1404 3815 1015
1419 3752 1522 3806 sedem
1541 3750 1653 3806 Christi
1672 3750 1852 3806 sublimitate

161 3844 190 3901 6.
211 3844 270 3901 Sed
294 3845 359 3901 hese
383 3861 450 3918 quaa
470 3862 615 3918 corporeo
630 3850 752 3917 aspectu
767 3846 840 3901 siunt
854 3847 961 3917 turpia,
1016 3844 1160 3915 spiritalis
1176 3841 1342 3897 saltationis
1355 3840 1499 3910 aseendit,
1526 3842 1557 3894 ut
1572 3840 1686 3895 videret
1699 3842 1787 3912 atque
1801 3854 1853 3895 au·

124 3937 332 3991 sacrosancte
356 3936 511 4008 religionis
535 3935 779 4007 contemplatione
799 3936 963 3992 reverenda
1016 3933 1092 3989 diret
1114 3933 1260 3988 dicentem
1285 3930 1442 3985 Dominum
1467 3930 1591 3986 Domino
1612 3945 1668 3986 suo
1686 3945 1693 3986 :
1711 3951 1722 3977 i
1743 3928 1851 3985 Sedea

122 4026 198 4080 suat
220 4022 310 4096 (78·);
334 4028 366 4080 ut
389 4025 440 4096 qui
463 4025 521 4081 ista
542 4025 773 4097 reprehendunt,
799 4024 857 4096 ipsi
878 4026 908 4080 in
922 4024 980 4079 la·'
1017 4023 1130 4080 dextris
1145 4022 1220 4077 uicis
1236 4019 1331 4093 (Psal.
1348 4036 1408 4090 cix,
1424 4018 1462 4090 l).
1486 4042 1496 4069 ι

122 4128 223 4187 queas
239 4114 484 4185 reprehensionis
498 4115 612 4171 animas
635 4130 708 4170 suas
733 4114 881 4170 inducant.
907 4115 962 4169 De·
1050 4112 1079 4168 e.
1100 4112 1180 4185 Ergo
1196 4112 1223 4166 si
1238 4106 1850 4180 nonabsurdececidissanobist'itllhanc

161 4274 220 4345 (73)
241 4275 326 4330 Rom.
351 4275 420 4331 edit.
444 4292 512 4331 cum
532 4278 635 4348 paucis
659 4292 777 4344 mss.,‹
801 4276 913 4332 solatur
928 4292 962 4331 so
1016 4274 1227 4346 turpitudinem
1241 4271 1366 4341 expulsa
1381 4270 1501 4325 luerunt
1520 4270 1629 4325 Pisone
1652 4271 1740 4339 etque
1763 4266 1852 4349 Gabi·

123 4346 285 4417 religionis
300 4350 329 4401 et
343 4348 540 4417 simplicitatis
555 4349 686 4419 divitiis3
704 4371 716 4396 ι
733 4351 792 4403 vet.
809 4348 878 4402 edit.
895 4363 962 4402 eum
1017 4348 1066 4403 nio
1081 4362 1174 4415 coss,
1191 4344 1244 4399 sed
1259 4343 1446 4414 postmodum
1459 4342 1568 4423 iterum
1583 4343 1731 4406 revocata,
1747 4340 1779 4393 ut
1793 4337 1851 4393 dis·

122 4417 253 4489 reliquis
268 4418 334 4474 cod.
350 4422 381 4473 ut
396 4421 426 4472 iri
442 4424 592 4489 contextu,
608 4420 668 4475 nisi
683 4420 762 4491 quod
784 4434 838 4490 pro
860 4420 962 4473 eliari-
1015 4420 1112 4474 eiinus
1136 4433 1174 4473 ex
1195 4414 1319 4487 Apolop.
1344 4412 1514 4467 Tertulliani
1537 4427 1601 4481 cap.
1617 4410 1644 4465 e.
1662 4408 1728 4491 Non
1752 4408 1852 4491 sotum

124 4489 212 4559 tatis,
229 4488 317 4561 lioag
330 4489 428 4559 habet,
446 4492 606 4546 eastitatis.
631 4492 689 4546 Per
709 4494 851 4562 cespitem
867 4493 963 4545 autem
1016 4494 1113 4545 auteai
1138 4488 1242 4559 capitis
1266 4500 1300 4539 ac
1326 4482 1563 4555 superciliorum,
1587 4481 1640 4535 sed
1656 4484 1744 4563 etiam
1758 4482 1850 4535 totius

124 4560 239 4615 indicat
253 4564 376 4616 sanctus
392 4564 495 4617 doctor
511 4564 652 4634 exiguum
676 4562 794 4633 aliquod
819 4562 962 4633 praedium
1017 4560 1152 4632 eorporis
1168 4559 1266 4612 crines
1281 4555 1472 4621 abradebant,
1489 4557 1520 4607 ut
1540 4554 1604 4605 deae
1627 4550 1755 4605 Osiridis
1775 4566 1849 4605 coii-

125 4631 253 4687 Pautino
268 4635 297 4687 et
311 4632 434 4704 conjugi
449 4634 517 4704 ejus
533 4634 647 4689 alendis
662 4634 713 4687 vix
728 4624 877 4689 idoneuiii.
970 4633 1000 4699 D
1014 4633 1098 4705 jugis
1114 4635 1238 4686 niorteui
1253 4627 1365 4697 lugenti
1381 4624 1513 4678 dolerem
1525 4626 1715 4705 'testare-ntur
1736 4637 1823 4677 suum
1840 4638 1847 4679 ε

162 4702 221 4829 (it)
240 4704 383 4758 Paulinus
399 4709 497 4759 natum
513 4704 572 4760 sibi
588 4707 618 4758 in
635 4706 777 4775 Hispania
789 4706 891 4772 ttliuin,
909 4705 963 4760 scd
1015 4718 1147 4777 quaeres
1163 4702 1192 4755 iii
1209 4714 1299 4753 causa
1316 4697 1378 4765 tuit,
1396 4712 1449 4749 cur
1462 4696 1847 4783 (diiambum-imperatores,

125 4790 195 4831 euin
217 4790 265 4829 em
289 4775 337 4830 dio
361 4778 465 4831 octavo
490 4791 506 4830 e
531 4777 609 4831 vivis
630 4782 754 4847 raptum.
772 4776 917 4846 Coiiiptuti
934 4777 963 4830 in
1015 4792 1052 4831 iie
1077 4774 1218 4828 mulieres
1241 4768 1475 4835 dccclviii-entur,
1501 4764 1762 4847 apudnlhodoium
1786 4766 1859 4821 bie:

125 4846 291 4918 blei-tyrum
306 4846 433 4902 basilica
448 4847 597 4919 sepultum
612 4863 681 4903 esse
698 4848 728 4902 in
742 4863 838 4918 poem.
865 4848 899 4901 32'
923 4851 963 4903 te·
1015 4847 1066 4900 lib.
1083 4862 1102 4913 i,
1120 4842 1276 4913 hpuleiuiii
1291 4838 1440 4921 llilesiar.
1459 4853 1522 4917 cap.
1540 4836 1642 4891 ultiaio
1658 4835 1849 4891 Plutarchum

125 4917 285 4973 stitlcatur.
1015 4917 1066 4972 lib.
1084 4918 1122 4969 de
1138 4912 1218 4967 iside
1235 4917 1264 4965 et
1282 4909 1412 4975 osiride,
1429 4911 1457 4990 et
1472 4908 1557 4962 alios.
1607 4980 1612 4991 ι

160 4990 221 5057 (75)
242 4988 309 5043 Non
324 4988 400 5044 levis
416 5005 513 5062 augur
527 4990 584 5045 hoc
604 4990 671 5046 loco
696 4991 750 5045 tuit
774 4990 962 5044 hinbrosiiis.
1052 4988 1109 5057 (Τ.)
1130 4986 1202 5039 hiss.
1220 4983 1340 5054 aliquot,
1359 5004 1370 5063 ι]
1389 4980 1541 5061 indignum
1557 4978 1845 5034 lacinusclamant·

125 5060 244 5115 Paulini
259 5074 417 5116 secessum
432 5061 669 5117 invidiosissime
686 5064 878 5118 traduxerunt
893 5077 964 5131 pio·
1053 5058 1109 5121 (iili
1130 5056 1313 5111 Mendai-ium
1340 5054 1397 5133 ¹¹¹⁰,
1412 5054 1498 5106 V0⁰⁰t
1518 5050 1628 5133 ¹d0¹¹¹f¹¹
1658 5054 1719 5132 ⁰1¹1,
1739 5049 1850 5131 Wlfflin

90 5130 97 5149 ¹
126 5132 188 5187 tani
204 5132 351 5199 homines,
368 5132 616 5204 quemadmodum
632 5133 678 5189 vcl
693 5150 731 5189 ex
746 5134 871 5189 Ausonii
886 5136 964 5203 cpis-
1018 5130 1098 5199 idoli,
1114 5127 1215 5199 phrasi
1232 5125 1435 5181 ecclesiastica
1451 5138 1458 5177 :
1475 5123 1553 5193 quad
1569 5123 1626 5177 alio
1642 5135 1849 5181 noiiiinevani·

126 5202 197 5259 talis
222 5203 260 5257 ad
284 5203 437 5259 Paulinum
462 5206 567 5259 haedo
583 5221 615 5259 re
631 5206 761 5277 scriptis,
783 5221 837 5260 nec
852 5221 910 5259 non
926 5220 963 5259 ex
1018 5207 1106 5258 tatem
1121 5197 1277 5269 appellant.
1295 5195 1330 5275 ltl
1354 5196 1427 5265 tleg.
1444 5211 1494 5247 xvi
1512 5210 1518 5248 :
1536 5194 1743 5275 Provviraiites
1756 5190 1849 5273 Deam

126 5274 221 5347 hujus
247 5276 284 5329 ad
309 5275 391 5330 illum
415 5276 572 5346 responsis
597 5276 801 5347 intelligimus.
819 5277 927 5332 Verum
947 5292 964 5331 o
1019 5277 1050 5329 iii
1069 5268 1252 5327 vaiiitatibes
1266 5267 1435 5349 suisl’sal.
1453 5282 1504 5319 iv:
1526 5264 1562 5319 lt
1574 5262 1784 5336 qiiiildihqitis
1797 5276 1849 5313 vii-

126 5346 278 5403 contiario
293 5362 475 5419 generosum
490 5347 561 5402 illud
577 5347 705 5419 hujusce
719 5350 791 5403 tanti
816 5350 872 5403 viri
897 5364 963 5419 pro·
1019 5348 1142 5400 iiitateiii
1174 5347 1203 5397 et
1234 5344 1370 5421 quaeritis
1395 5337 1604 5391 mendacium?
1631 5334 1814 5413 decemviri
1840 5344 1848 5387 ι

125 5420 258 5491 positum
281 5418 408 5475 summis
431 5419 570 5475 laudibus
590 5419 759 5475 extulerunt
773 5421 962 5490 Ambrosius,
1020 5416 1117 5483 Quare
1132 5414 1170 5469 ad
1185 5410 1369 5467 iracundiam
1384 5426 1431 5491 iiie
1451 5408 1691 5485 provocaverunt
1715 5418 1747 5456 rii
1769 5400 1851 5457 scul-

126 5492 341 5561 Hieuonpmus,
357 5491 546 5563 Augustinus
563 5496 590 5545 at
615 5508 650 5547 ue
666 5492 726 5547 ulii.
1014 5488 1142 5561 ptilibiis
1157 5486 1221 5541 suis
1235 5480 1484 5565 ctlvanitatihiis‘?
1500 5478 1541 5530 lla
1558 5476 1702 5529 Nannius.

163 5562 222 5633 (76)
242 5562 343 5633 isidis,
382 5508 889 5633 naatiialo,affiiscercsdieitur,
907 5562 965 5617 cul·
1053 5560 1119 5629 (78⁶)
1139 5553 1281 5611 b'onnulh
1297 5568 1372 5607 niss.
1390 5574 1401 5599 a
1419 5547 1577 5630 revelanda
1592 5548 1703 5626 suut.»
1784 5614 1790 5627 .

126 5637 177 5691 tus
202 5633 273 5690 otim
297 5635 328 5689 iii
379 5634 491 5707 ’πρίω
509 5634 963 5701 maximeautouiAlexandriae,
1053 5630 1110 5701 (itt)
1130 5629 1204 5686 llss.
1229 5626 1350 5701 aliquot,
1379 5643 1390 5673 ι
1418 5632 1565 5677 cecinisse
1590 5616 1688 5689 nobis,
1715 5636 1727 5667 a
1752 5630 1852 5677 ibinus

127 5704 308 5763 celebratur.
325 5704 401 5779 h'dus
416 5722 502 5761 saera
518 5723 586 5763 cum
603 5706 724 5763 tlemum
741 5708 809 5765 inde
824 5708 967 5763 haustula
1017 5706 1173 5765 concinne.
1474 5714 1477 5719 ·

127 5780 243 5839 essent.
260 5778 341 5839 lli-be
357 5778 476 5841 taudem
492 5780 529 5839 ab
544 5778 642 5839 cultus
666 5794 700 5839 ae
721 5781 967 5857 ceremoniarum
