3900 6128
792 304 794 308 ⁴
900 281 934 346 S.
957 278 1176 345 AMBROSII.

470 641 919 817 sanari
989 645 1599 822 auarlosn

754 930 1101 994 MEDIOLANENSIS
1126 932 1326 994 EPISCOPI-

647 1143 766 1301 llll
813 1142 1426 1306 VlllGlNl'lATll

868 1425 996 1487 arana
1018 1426 1133 1490 uuus
1156 1428 1207 1509 (ι).

384 1749 459 1815 213
474 1758 600 1814 CAPUT
617 1759 779 1815 PRlllUll.

171 1883 230 1942 Ubi
243 1884 410 1942 Salomonis
425 1884 560 1939 'ardicium
576 1886 659 1939 inter
674 1885 747 1939 atrias
762 1884 1001 1938 nrnlieraslatrnu

202 1903 439 2013 bistorieomodo
451 1958 617 2020 enarravit,
628 1956 711 2011 aildit
722 1957 776 2010 boe
787 1958 881 2028 ipsum
890 1957 1004 2010 ideireo

202 2027 494 2084 litterismandatnm
506 2043 584 2097 esse,
597 2029 640 2082 nti
646 2044 799 2082 noscamus
808 2029 856 2082 rel
866 2029 1003 2082 recondi-

205 2100 322 2157 tissima
342 2100 373 2153 in
397 2100 489 2154 lucem
511 2100 619 2170 promi.
636 2099 752 2154 Deinde
777 2099 815 2154 ad
829 2102 1005 2171 mysterium

204 2187 378 2239 eonrersas,
388 2169 495 2225 taleam
505 2177 631 2226 matrem
653 2172 690 2226 tle
706 2172 881 2238 tentatione,
906 2187 1005 2225 reram

204 2242 320 2311 aenae,
332 2242 509 2296 macheram
521 2241 558 2297 de
576 2242 667 2297 rerba
693 2243 750 2297 Dei
764 2244 895 2314 exponit.
915 2242 1006 2297 Deni-

158 2316 161 2320 ’
204 2330 258 2388 que
274 2314 312 2368 ad
325 2313 485 2368 historiam
496 2313 601 2386 ‚lepbte
617 2313 862 2386 lectorernparat.

204 2420 346 2477 1.Nobile
360 2421 437 2492 apud
448 2422 564 2475 veteres
580 2420 747 2477 Salomonis
759 2421 829 2476 illud
839 2421 1009 2476 lerturluis-

168 2528 203 2568 se
216 2510 363 2583 judicium
382 2509 440 2580 (ΙΙΙ
448 2510 521 2583 itaq.
533 2508 617 2580 naid
633 2514 660 2564 el
671 2510 759 2583 seq),
776 2527 844 2565 curu
858 2527 875 2565 a
890 2510 1006 2566 duabus

169 2599 356 2673 litigantibus
384 2598 561 2655 mulieribus
582 2599 787 2671 interpellatus
807 2603 910 2654 esset:
937 2616 1008 2670 qna-

168 2689 335 2746 rumaltera
357 2704 501 2744 conversa
530 2704 584 2760 per
608 2704 755 2758 somnum,
774 2705 840 2743 cum
866 2688 1007 2743 infantem

170 2777 374 2853 oppressisset
390 2794 488 2847 suum,
503 2779 673 2849 postulabat
687 2779 816 2834 alienum
833 2778 945 2833 :altera
957 2794 1008 2833 ve·

170 2870 196 2928 ri
217 2869 328 2926 amoris
361 2868 492 2938 conscia,
517 2872 546 2923 el
575 2869 669 2940 eulpae
689 2868 800 2935 nescia,
830 2868 921 2922 filium
939 2866 1007 2938 jure

170 2960 323 3034 proprium
337 2957 515 3014 vindicabat.
533 2957 664 3030 Utraque
679 2958 770 3030 igilur
781 2960 1008 3029 perseveranter

171 3051 292 3118 nitente,
309 3048 473 3122 cognitoris
488 3047 576 3103 haesit
590 3048 732 3117 intentio,
757 3063 817 3101 non
833 3047 911 3102 euim
926 3050 1007 3117 pote·
1024 3048 1050 3112 Β

170 3142 215 3195 rat
230 3139 370 3195 Salomon
384 3138 494 3192 arbiter
510 3152 579 3192 esse
590 3136 740 3191 interioris
751 3136 861 3207 arcani,
876 3153 943 3191 curn
958 3152 1007 3206 pe·

170 3229 261 3285 lentis
275 3227 431 3299 utriusque
454 3224 493 3296 (l)
514 3242 598 3281 meus
614 3228 696 3280 osset
711 3226 864 3282 occultior.
892 3225 1006 3280 Eventu

172 3319 337 3376 conventus
353 3316 493 3388 ambiguo
509 3315 687 3370 macheram
702 3316 797 3385 promi
812 3315 915 3387 jussit,
927 3332 1008 3369 man·

172 3408 298 3482 daloque
304 3405 450 3462 ministris
461 3422 519 3478 quo
528 3405 792 3461 simularenllriste
800 3404 1008 3474 ministerium,

172 3497 264 3552 dividi
276 3495 370 3568 jussit
384 3494 535 3564 insontem,
552 3497 583 3549 ul
601 3494 729 3566 singulae
744 3493 887 3550 mulieres
904 3494 1007 3566 singu·

178 3585 344 3657 laspa1les
370 3584 616 3656 adipiscerentur.
639 3583 702 3649 Quo
723 3583 832 3654 audito,
849 3584 928 3638 illam
942 3601 1008 3656 quae

172 3674 291 3748 petebat
309 3673 448 3744 alienum,
471 3691 531 3730 nou
551 3673 649 3729 solum
678 3672 837 3744 acquievit,
855 3673 1009 3729 sedetiam

173 3765 352 3821 divisionem
366 3763 481 3836 parvuli
498 3763 692 3835 depoposcit,
714 3762 794 3818 nullo
816 3761 922 3818 affeetu
940 3779 1009 3818 eon·

172 3857 261 3912 vento
274 3856 407 3911 materno
431 3854 480 3924 (3).
496 3853 549 3908 llla
565 3868 635 3908 voro
656 3869 722 3924 quae
737 3869 824 3907 suum
839 3853 951 3907 sciebat
966 3853 1009 3907 iu-

172 3943 294 4016 iontem,
309 3959 369 4000 uon
391 3944 472 3999 vinei
492 3945 647 4011 meluens,
671 3941 725 3997 sed
741 3941 839 3996 orbari
854 3957 860 3996 :
878 3957 933 3996 nec
946 3941 1009 4013 jam

173 4033 280 4091 solatio
294 4032 426 4109 proprio,
442 4032 495 4088 sed
520 4031 639 4103 pignori
662 4047 717 4086 suo
735 4031 907 4098 cousulens,
924 4046 1009 4086 orare

153 4180 155 4185 ,
172 4124 231 4179 hoc
241 4121 370 4194 ooepitul
383 4120 542 4177 incolumis
557 4120 653 4194 magis
668 4136 743 4190 puer
757 4120 923 4175 traderetur
939 4120 1010 4174 alie-

172 4228 231 4284 noe,
248 4227 336 4284 quam
349 4213 451 4267 seclus
466 4210 496 4265 in
511 4213 611 4281 parles
626 4209 709 4263 matri
727 4209 854 4280 propriae
872 4209 1010 4264 reddere·

172 4305 230 4358 tur.
248 4300 333 4358 Unde
347 4300 486 4356 Salomon
507 4300 556 4371 qui
580 4314 640 4355 uon
658 4297 813 4369 majestate
839 4298 1009 4370 divinati),

173 4391 229 4447 sed
239 4388 422 4464 argumentis
437 4391 469 4445 ut
482 4388 571 4444 homo
584 4387 753 4444 interiorem
765 4386 840 4453 214
849 4387 1012 4460 interroga·

1010 1720 1046 1783 Ἀ
1060 1746 1152 1796 mater
1162 1743 1269 1797 eventu
1284 1741 1531 1813 haesitambiguo,
1549 1740 1618 1796 dum
1631 1738 1736 1811 judicii
1748 1738 1895 1809 periclito·

1060 1835 1107 1887 tur
1121 1832 1243 1886 incerto.
1266 1831 1337 1887 llaec
1354 1831 1422 1886 licet
1437 1848 1467 1886 m
1482 1831 1578 1902 figura
1607 1828 1815 1899 superioribus
1841 1828 1900 1882 sint

1060 1921 1136 1976 loeta
1152 1920 1346 1991 temporibuS,
1360 1921 1470 1991 scripta
1486 1923 1555 1975 sunl
1569 1921 1666 1973 tamen
1677 1919 1714 1972 ad
1729 1918 1897 1988 correptio·

1060 2026 1127 2065 nem
1143 2014 1275 2065 nostrum
1289 2009 1318 2080 (I
1326 2010 1393 2064 Gor.
1411 2027 1440 2077 x,
1458 2008 1519 2079 tl);
1542 2011 1573 2063 ul
1589 2007 1789 2080 intelligamus
1815 2006 1901 2077 prodi

1061 2100 1158 2155 omnia
1172 2114 1265 2170 posse
1278 2115 1345 2171 quae
1361 2100 1428 2153 llcla
1439 2101 1509 2153 sunt
1517 2096 1566 2168 (5),
1580 2100 1607 2152 el
1624 2097 1721 2152 omnia
1736 2095 1900 2166 composita

1060 2189 1199 2244 revelari.

1096 2279 1121 2332 3.
1140 2278 1211 2333 Duae
1229 2279 1320 2350 igilur
1334 2278 1400 2333 islae
1417 2277 1567 2349 (quoniam
1585 2276 1772 2348 propositum
1786 2277 1834 2331 est
1845 2289 1901 2329 no-

1061 2368 1108 2422 bis
1120 2368 1176 2422 boc
1200 2367 1266 2423 loco
1287 2384 1346 2423 nou
1361 2370 1487 2423 tractare
1503 2366 1538 2421 de
1559 2365 1598 2436 (6)
1613 2365 1801 2433 mulieribus
1820 2364 1897 2434 dirae,

1062 2456 1191 2529 inquam,
1207 2458 1272 2513 istae
1287 2457 1361 2512 fides
1378 2458 1433 2525 esl,
1445 2455 1670 2527 atquetenlalio.
1686 2454 1833 2524 Tantalio,
1858 2454 1901 2508 in-

1063 2563 1160 2619 quam,
1178 2547 1343 2602 communis
1354 2547 1391 2601 ab
1403 2546 1485 2600 initio
1494 2544 1729 2613 auctorerroris,
1743 2560 1812 2615 quaa
1824 2545 1901 2614 post

1064 2653 1152 2709 quam
1167 2637 1368 2707 posteritatem
1383 2652 1468 2690 suam
1491 2635 1619 2689 earnalis
1644 2634 1714 2687 vitio
1739 2648 1901 2689 eonversa-

1064 2727 1165 2794 liouis,
1185 2729 1213 2782 el
1228 2741 1333 2780 somno
1350 2725 1456 2780 mentis
1467 2725 1579 2793 amisit,
1592 2723 1774 2795 posteritatis
1788 2723 1903 2782 tructus

1063 2816 1181 2870 auterre
1195 2817 1320 2870 conatur
1334 2814 1448 2869 aliena.
1465 2815 1564 2885 ltaque
1575 2814 1644 2867 dum
1660 2811 1781 2868 tentatio
1796 2812 1902 2883 litigat,

1064 2905 1139 2960 biles
1162 2906 1283 2959 ssuelual
1304 2920 1310 2971 ;
1335 2905 1429 2958 donec
1459 2903 1606 2957 machaera
1636 2900 1746 2956 Christi
1779 2901 1903 2955 latentes

1065 2994 1228 3066 distinguat
1241 2992 1376 3049 allectus.
1393 2992 1464 3058 Qdae
1477 2995 1522 3046 esl
1533 2993 1598 3046 huic
1612 2990 1760 3045 machaera
1769 2989 1902 3044 Christi?

1065 3083 1115 3137 llla
1131 3084 1167 3138 de
1183 3099 1240 3154 qua
1257 3083 1474 3153 scriptumest:
1494 3080 1630 3135 Gladium
1649 3080 1717 3135 reni
1738 3081 1862 3133 mittere
1873 3079 1903 3133 in

1067 3177 1179 3226 terram
1200 3172 1319 3241 (altattb.
1336 3190 1366 3242 x,
1383 3172 1439 3243 aa).
1457 3170 1509 3225 Est
1534 3171 1613 3224 euim
1637 3169 1766 3241 gladius,
1793 3168 1830 3222 de
1846 3183 1903 3239 quo

1066 3263 1268 3332 scriptumest
1284 3262 1343 3316 :Et
1357 3267 1433 3316 tuam
1450 3260 1545 3332 ipsius
1560 3259 1685 3313 oninium
1698 3257 1903 3328 pertransibit

1064 3350 1273 3423 gladius(Lue.
1292 3369 1322 3422 u,
1339 3352 1395 3420 35).
1420 3349 1493 3415 Quis
1518 3352 1614 3403 autem
1640 3347 1679 3402 sit
1694 3346 1742 3401 hic
1770 3346 1902 3418 gladius,

1065 3457 1132 3512 quae
1152 3440 1310 3510 machaera,
1336 3454 1509 3512 cognosce:
1533 3436 1670 3506 Verbum,
1696 3436 1810 3507 inquil,
1835 3452 1905 3490 aeir-

1067 3537 1136 3599 lum,
1148 3537 1177 3584 el
1191 3529 1326 3596 ualidum,
1345 3536 1374 3584 et
1388 3527 1610 3601 penetrabilius
1630 3525 1708 3580 omni
1725 3525 1904 3598 plaalioaeu·

1067 3620 1195 3684 tissima,
1209 3625 1377 3690 penetrans
1394 3634 1484 3690 usqne
1501 3617 1539 3671 ad
1557 3615 1735 3671 diuisionem
1753 3615 1859 3668 animae
1877 3619 1905 3667 et

1065 3709 1201 3780 spiritus,
1216 3715 1390 3781 artuumque
1410 3714 1439 3762 at
1455 3704 1648 3760 rnedullarum
1666 3703 1772 3773 (Hebr.
1794 3720 1833 3772 av,
1847 3703 1901 3771 tt).

1065 3797 1167 3852 Bonus
1178 3797 1295 3868 gladius
1311 3797 1433 3851 verbum
1450 3796 1500 3850 lloi
1517 3811 1524 3851 z
1540 3796 1637 3849 bonus
1654 3792 1782 3864 gladiuS,
1796 3795 1897 3862 utpote

1065 3889 1213 3941 scrutator
1223 3886 1323 3941 cordis
1338 3888 1366 3941 el
1376 3886 1467 3955 renis,
1483 3885 1534 3956 qui
1548 3882 1759 3938 mendaciumn
1774 3881 1897 3936 veritate

1065 3975 1225 4043 discernat,
1242 3979 1329 4047 etque
1352 3991 1406 4030 eos
1425 3989 1550 4046 quorum
1571 3973 1696 4027 animaru
1716 3970 1900 4042 pertransie-

1066 4065 1103 4119 ril
1118 4081 1177 4120 uon
1194 4065 1358 4133 interficiat,
1374 4064 1428 4120 sed
1446 4064 1590 4119 reservet.

1108 4155 1182 4218 215
1197 4154 1223 4209 l.
1235 4154 1306 4209 Hoec
1317 4153 1407 4226 igilur
1415 4154 1451 4208 de
1464 4153 1634 4224 Regnorum
1647 4149 1797 4205 dictasint
1813 4149 1901 4217 libro,

1069 4246 1220 4313 assumpta
1232 4243 1267 4296 de
1288 4258 1388 4312 causa,
1406 4242 1441 4296 de
1457 4241 1580 4296 historia
1600 4239 1758 4305 recensito,
1776 4239 1813 4292 de
1830 4254 1902 4292 cou-

1070 4331 1193 4386 scientia
1209 4336 1358 4402 usnrpala,
1375 4347 1412 4386 ex
1427 4331 1484 4385 fide
1504 4334 1647 4401 prompte.
1663 4328 1749 4383 Nunc
1764 4327 1901 4382 decursae

1030 4434 1107 4497 Cex
1131 4421 1207 4476 libro
1231 4420 1369 4476 lodicum
1403 4420 1595 4490 inspiciamus
1618 4418 1728 4472 seriem
1751 4416 1898 4471 lectionis.

174 4479 392 4550 mmmmm
407 4477 450 4533 iffi
469 4479 568 4550 p⁰m¹⁸
593 4477 740 4550 jndifflvit
762 4478 917 4550 [mmmm
943 4493 1013 4533 ⁶⁵8⁰
1069 4509 1136 4564 Nou
1152 4511 1228 4565 enim
1240 4509 1345 4564 otiosis
1364 4509 1554 4579 parricidium
1569 4508 1622 4561 luit
1636 4507 1759 4560 auribus
1775 4505 1899 4559 audien-

177 4569 376 4639 reddendum,
389 4584 475 4641 quam
491 4584 593 4623 veram
617 4571 741 4624 matrem
765 4566 850 4622 dolor
872 4567 1010 4638 proprius

172 4657 359 4729 prodidisset
374 4673 381 4714 ε
398 4656 477 4712 illam
493 4673 661 4729 veroquam
672 4657 805 4712 morituri
814 4655 940 4727 parvulli
962 4656 1014 4709 mi·

176 4746 339 4802 sericordia
354 4762 414 4803 non
424 4748 569 4815 movebat,
581 4749 714 4802 exortem
729 4746 929 4817 pronuntiavit
942 4760 1011 4800 esse

175 4835 298 4905 naturae,
314 4852 403 4909 quam
418 4840 569 4892 exsortem
585 4837 659 4892 vidit
669 4851 739 4892 esse
755 4835 884 4907 pietalis.

212 4923 238 4978 Ξ.
250 4923 366 4980 Veritas
383 4939 455 4997 ergo
471 4941 529 4980 non
551 4925 642 4990 latuit,
660 4927 712 4980 sed
729 4927 826 4980 lamen
840 4941 894 4996 per
919 4924 1010 4979 simu·

176 5011 315 5069 lationem
329 5013 451 5068 alterius
474 5014 624 5068 fluctuavit
650 5030 657 5070 :
688 5015 797 5085 diuque
823 5015 910 5069 eliam
931 5014 1011 5068 bona

212 5155 252 5225 (ll
268 5155 374 5228 Seripl.
387 5155 466 5210 eirea
481 5170 548 5211 aun.
565 5156 628 5210 378.

212 5229 252 5299 (⁹2)
275 5227 349 5282 lllss.
370 5227 439 5293 duo,
468 5244 531 5280 enm
546 5228 683 5298 parentis
706 5228 868 5299 utriusque.
892 5228 1009 5282 Rursus

175 5302 244 5372 post
259 5314 352 5370 pauca
367 5315 441 5353 mss.
458 5314 573 5367 omues,
586 5298 705 5353 Ereratn
713 5306 885 5361 carrucatae,
899 5302 954 5353 ele.

213 5371 252 5441 (3)
268 5370 428 5425 Sicomnes
444 5386 517 5424 mss.
535 5369 880 5437 eledit.hme1·b.,Eras.
898 5370 1008 5424 acGill.

177 5443 207 5498 in
222 5456 346 5513 corpore
368 5456 374 5496 :
391 5441 580 5496 Eras.aulem
596 5445 624 5496 el
638 5440 704 5497 Gill.
723 5442 751 5494 in
761 5454 855 5512 marg.
872 5456 906 5495 ac
924 5442 1008 5496 ltom.

177 5513 246 5570 edil.
258 5515 288 5569 iu
300 5529 393 5583 corp„
406 5519 544 5567 aoiiaaota
554 5520 697 5568 materno.

213 5586 253 5655 (l)
269 5585 342 5640 Mss.
362 5585 544 5654 complures,
560 5585 750 5655 ruajestatem
770 5583 912 5638 diuinam.
943 5583 1016 5637 Nou·

177 5658 264 5728 male,
280 5658 307 5713 si
323 5655 509 5712 referaturad
520 5656 728 5728 interrogabat
741 5671 747 5723 3
765 5654 843 5708 idem
853 5657 929 5707 enirn
942 5656 1007 5722 erit,

177 5742 213 5784 ac
223 5729 318 5787 Deum
331 5743 391 5787 nou
407 5726 591 5798 consulebat,
608 5730 639 5783 ul
655 5726 806 5801 prophelae
821 5724 927 5782 solent.

1068 4598 1147 4654 dum.
1165 4600 1263 4670 ltaque
1277 4602 1445 4669 repetamus
1464 4596 1627 4652 historiam.

1400 4723 1526 4779 CAPUT
1542 4723 1574 4777 ll.

1066 4850 1270 4920 Nuneupnlnm
1292 4867 1308 4904 a
1334 4849 1439 4921 ‹lepbte
1468 4849 1498 4902 ia
1520 4865 1618 4920 pnpna
1659 4853 1770 4913 return,
1798 4851 1899 4901 reatus

1103 4921 1233 4992 pristiam
1260 4921 1364 4992 adepta
1390 4921 1529 4983 victoria,
1547 4926 1575 4973 et
1597 4917 1816 4973 liliaeeeenrsns
1841 4933 1899 4969 rne-

1102 4998 1266 5061 nroaanlur,
1288 4992 1318 5046 in
1345 5008 1398 5064 qaia
1417 4992 1476 5046 elsi
1498 4992 1607 5045 laetum
1628 4988 1842 5056 dalamantiam,
1873 4987 1900 5040 in

1102 5136 1141 5206 (5)
1156 5135 1265 5190 Omnes
1281 5135 1349 5190 edit.
1381 5138 1408 5188 el
1436 5133 1519 5205 pauci
1545 5149 1631 5196 mss,
1648 5150 1710 5203 ane
1721 5130 1800 5184 breta
1816 5135 1900 5190 snnt,·

1067 5210 1096 5261 al
1115 5207 1221 5279 reliqui
1244 5207 1361 5273 meliuS,
1388 5222 1449 5277 quae
1467 5206 1535 5259 iirta
1560 5210 1628 5257 sunt
1639 5222 1648 5265 ,·
1665 5207 1694 5256 ul
1714 5202 1749 5256 do
1766 5202 1901 5256 simulata

1067 5282 1159 5333 matre
1174 5278 1385 5350 intelligantur.

1102 5349 1141 5420 (6)
1158 5351 1188 5404 ln
1204 5365 1277 5404 mss.
1298 5349 1409 5420 aliquot
1437 5350 1502 5401 aule
1520 5346 1641 5401 verbum
1664 5350 1797 5398 tractare
1820 5344 1904 5398 deest

1067 5422 1194 5493 negatio,
1208 5421 1308 5475 forsan
1319 5436 1376 5474 uon
1388 5418 1472 5473 malo.
1487 5418 1563 5471 lnlra
1580 5432 1650 5470 vero
1661 5419 1728 5485 post
1744 5416 1820 5469 aluos
1838 5430 1904 5468 vel·-

1067 5509 1131 5558 sus
1145 5492 1194 5547 ubi
1209 5492 1277 5546 edil.
1291 5495 1318 5546 et
1335 5508 1406 5545 mss.
1424 5490 1567 5556 nonnulli,
1576 5487 1788 5558 posteritatem
1801 5502 1905 5546 snam,-

1067 5564 1176 5617 ullimee
1194 5563 1261 5617 edil.
1277 5562 1562 5633 l'arispoaleriorem
1574 5576 1665 5626 sirum,
1676 5575 1749 5611 msa.
1769 5558 1905 5628 plerique

1068 5634 1217 5702 exhibent,
1235 5640 1413 5707 potestatem
1425 5649 1516 5688 suam.
1534 5632 1600 5686 Non
1615 5634 1672 5685 lam
1689 5629 1859 5686 commode.
