3900 6128
61 271 102 336 49
525 270 583 337 DE
605 271 1114 342 0FF10118M1N1STRORUM
1136 279 1265 343 LIBER
1285 281 1311 344 l.
1754 283 1793 349 50

64 476 112 528 aut
136 474 241 528 contra
265 472 396 546 gravier,
421 475 450 528 et
474 472 667 545 constantior,
691 476 720 529 at
744 475 856 546 purior,
874 456 947 567 ct}
996 475 1041 534 le.
1057 477 1140 545 Quod
1158 481 1185 536 si
1202 483 1289 537 etiam
1304 484 1361 540 ista
1380 489 1551 558 spectantur
1564 489 1662 561 altius,
1683 490 1792 563 quante

62 563 206 618 maturior
222 563 395 618 aestimatur.
411 563 511 634 ltaque
521 565 727 636 voxquaedam
738 566 786 620 est
798 564 899 635 animi,
961 571 1058 642 magis
1074 571 1237 627 cavendum
1253 576 1298 627 est
1313 590 1349 630 ne
1366 576 1435 646 quid
1450 581 1534 649 turpe
1552 593 1603 634 cre
1614 583 1719 649 exeat3
1735 580 1793 635 hec

10 654 22 715 t
60 654 201 722 eorporis
217 655 328 707 motus

91 741 136 795 72.
151 741 329 795 Meministis
346 742 413 810 (83),
432 741 493 810 filii,
505 741 662 814 quemdam
677 743 815 811 amicum,
826 759 894 797 cum

56 830 175 884 sedulis
191 846 225 884 se
242 830 392 884 videretur
407 831 614 886 commendare
625 830 734 886 officiis
748 831 824 901 3hoe
834 831 900 886 sele

58 921 205 972 tamenin
221 919 333 973 elerum
349 935 365 972 a
381 934 427 973 me
442 935 500 974 nou
516 923 677 990 receptum,
695 921 775 991 qued
793 923 900 992 gestus

58 1008 129 1077 eius
145 1008 305 1078 plurimum
320 1008 496 1062 dedeceret:
512 1008 637 1064 alterum
655 1024 774 1080 quoque
791 1025 857 1063 cum
872 1009 903 1062 in

59 1095 143 1150 clero
159 1099 350 1166 reperissem,
365 1096 499 1167 jussisse
517 1113 563 1154 me
580 1114 616 1153 ue
636 1114 766 1169 unquam
782 1097 902 1167 praeiret

55 1186 146 1252 mihi3
157 1186 226 1256 quia
235 1186 313 1240 velut
322 1186 451 1256 quedam
459 1187 615 1243 insolentis
622 1187 762 1242 incessus
773 1185 900 1241 verbere

61 1274 169 1328 oeulos
192 1275 294 1328 feriret
316 1289 409 1329 meos.
433 1276 523 1346 quue
545 1275 617 1345 dixi,
640 1291 707 1330 cum
727 1274 904 1330 redderetur

61 1367 130 1433 post
146 1361 290 1417 offensam
313 1365 438 1418 muneri.
462 1364 526 1418 lioc
541 1364 638 1419 solum
654 1365 768 1435 excepi,
785 1380 840 1418 nec
855 1363 901 1418 le-

59 1452 135 1506 lellit
150 1453 312 1521 sententia,
338 1455 462 1522 uterque
477 1453 555 1506 enirn
571 1453 607 1507 ab
618 1452 753 1508 Ecclesia
762 1452 899 1522 recessit,

60 1545 91 1595 ut
105 1541 205 1612 qualis
222 1541 344 1595 incessu
365 1541 554 1611 prodebatur,
572 1541 639 1595 talis
662 1542 787 1613 perfidia
811 1542 901 1596 animi

62 1631 328 1685 demonstraretur.
346 1629 480 1702 Namque
499 1631 573 1685 atter
598 1630 715 1686 Arianae
734 1630 902 1685 infestatio·

63 1719 110 1773 nis
127 1721 272 1788 tempore,
290 1718 622 1786 fidemdeseruit3alter
638 1720 772 1790 pecuniae
789 1719 898 1789 studi0,

59 1823 96 1861 ne
108 1807 258 1878 judicium
278 1807 393 1862 subiret
418 1807 601 1863 sacerdotale
616 1808 684 1878 (St),
710 1824 744 1863 se
762 1811 899 1863 nostrum

61 1906 193 1976 negavit.
227 1897 272 1961 21
301 1905 433 1959 Lucebat
459 1905 490 1959 in
515 1905 632 1960 illorum
654 1905 777 1960 incessu
800 1905 898 1978 imago

59 1994 899 2065 levitatis,speciesquaedamscurrarumpercursantium.

95 2083 141 2137 73.
158 2081 234 2137 Sunt
249 2082 336 2136 etiarn
352 2082 403 2153 qui
418 2083 531 2136 sensim
553 2082 730 2137 ambulando
751 2082 901 2137 imitantur

61 2172 258 2226 histrionicos
273 2176 378 2242 gestus
393 2171 460 2242 (85),
482 2175 511 2225 et
529 2172 613 2243 quasi
633 2171 770 2242 quaedam
786 2171 899 2226 fercula

66 2276 256 2331 pomparum,
265 2264 294 2314 et
308 2263 472 2315 statuarum
486 2261 767 2331 motusnutantium,
778 2263 809 2315 ut
824 2276 899 2331 que-

64 2351 120 2404 lies
132 2348 580 2420 cunquegradumtransferunt,
598 2348 736 2404 modulos
751 2349 897 2422 quosdam

62 2453 186 2492 servare
200 2436 365 2492 videantur.

97 2527 142 2581 it.
154 2526 219 2581 Nec
229 2526 341 2581 cursim
355 2526 506 2582 ambulare
518 2526 676 2583 honestum
687 2527 824 2597 arbitror,
840 2526 898 2582 nisi

62 2633 128 2671 cum
140 2631 231 2670 causa
241 2615 334 2687 exigit
344 2614 473 2687 alicujus
488 2616 622 2686 periculi,
635 2616 682 2670 vel
697 2615 780 2688 justa
795 2627 900 2671 neces-

62 2708 136 2760 sitas
164 2704 235 2773 (86).
263 2703 337 2758 Nam
366 2703 540 2776 plerumque
568 2705 744 2760 festinantes
774 2704 898 2760 anhelos

62 2794 200 2848 videmus
218 2795 356 2864 torquere
373 2809 434 2862 ora,
447 2794 556 2864 quibus
574 2794 601 2848 si
613 2809 708 2848 >eausa
725 2793 802 2848 desit
817 2793 900 2848 festi·

60 2883 193 2938 nationis
203 2882 395 2951 necessariae,
417 2898 522 2937 naevus
541 2884 588 2937 est
602 2881 694 2953 justae
712 2879 898 2937 offensionis.

59 2971 120 3028 Sed
136 2987 198 3026 non
220 2972 257 3027 de
281 2970 329 3025 his
353 2971 431 3039 dico,
450 2970 559 3042 quibus
581 2986 648 3025 rara
669 2972 837 3042 properatio
861 2986 899 3026 ex

960 660 1038 714 enim
1050 661 1180 732 graviter
1190 663 1360 734 coinquinat
1370 665 1527 722 hominem.
1539 668 1607 723 Non
1616 668 1694 723 enim
1706 668 1793 723 cibus

960 749 1138 821 coinquinat,
1160 753 1214 807 sed
1232 753 1343 824 injusta
1359 754 1541 826 obtrectatio,
1558 757 1610 811 sed
1630 757 1793 813 verberum

959 839 1141 895 obscaenitas
1152 841 1219 911 (8Ἰ).
1232 842 1304 897 Haec
1320 842 1407 897 etiam
1422 844 1513 916 vulgo
1531 844 1638 915 pudori
1656 848 1735 901 suut.
1758 846 1792 901 ln

958 931 1061 984 nostre
1072 945 1143 985 vere
1154 930 1252 985 officio
1268 931 1380 993 nullum
1397 933 1521 987 verbum
1538 933 1617 1004 quod
1634 934 1791 989 inhoneste

959 1017 1052 1087 radat,
1079 1033 1138 1073 non
1167 1020 1289 1075 incutiat
1312 1022 1532 1078 verecundiam.
1553 1022 1589 1076 nt
1618 1037 1677 1077 uon
1694 1022 1793 1078 solum

958 1107 1106 1177 nihilipsa
1121 1109 1293 1164 indecorum
1308 1110 1400 1181 loqui,
1421 1112 1530 1167 sedne
1550 1127 1652 1167 aurem
1672 1112 1792 1183 quidem

958 1195 1101 1251 debemus
1117 1196 1288 1269 hujusmodi
1308 1200 1442 1270 praebere
1458 1201 1564 1256 dictis:
1586 1201 1664 1254 sicut
1678 1200 1792 1271 loseph

958 1300 994 1339 ne
1005 1285 1169 1358 incongrua
1189 1303 1252 1343 suae
1275 1289 1388 1344 audiret
1407 1289 1606 1358 verecundiae,
1621 1292 1705 1344 veste
1716 1288 1794 1361 fugit

957 1374 1058 1429 relicta
1079 1375 1166 1445 (Gen.
1182 1393 1285 1447 xxxix,
1307 1377 1372 1448 lit);
1397 1377 1535 1450 quoniam
1562 1392 1650 1450 quem
1667 1377 1794 1434 delectat

958 1463 1070 1534 audire,
1082 1466 1207 1521 alterum
1221 1466 1302 1538 lequi
1317 1471 1468 1537 provocat.

993 1589 1037 1644 77.
1066 1589 1235 1663 Intelligere
1259 1607 1377 1663 quoque
1402 1593 1481 1664 quod
1501 1595 1585 1664 turpe
1611 1593 1660 1662 sit,
1685 1592 1793 1663 pudori

957 1679 1085 1733 maximo
1097 1683 1151 1734 est.
1166 1680 1305 1750 Spectare
1321 1681 1434 1737 verosi
1453 1682 1524 1753 quid
1542 1681 1716 1754 hujusmodi
1732 1681 1793 1738 fer·

915 1768 1031 1843 Bluitu
1051 1769 1174 1835 aecidat,
1196 1771 1296 1839 quanti
1320 1770 1455 1824 herroris
1475 1769 1536 1826 esti
1556 1770 1640 1836 Quod
1667 1786 1740 1844 erge
1760 1771 1792 1826 in

959 1857 1024 1910 aliis
1041 1857 1186 1927 displicet,
1204 1859 1345 1929 numquid
1360 1863 1458 1930 potest
1475 1861 1504 1913 in
1517 1875 1550 1914 se
1566 1861 1632 1930 ipse
1650 1859 1793 1930 placeret

958 1947 1088 2016 neeipsu
1099 1948 1201 2000 natura
1217 1962 1272 2001 nes
1293 1947 1378 2002 docet
1392 1948 1473 2018 (88)‘?
1492 1964 1558 2019 quae
1577 1947 1708 2019 perfecte
1724 1948 1792 2019 qui-

957 2034 1022 2088 dem
1033 2051 1136 2090 omnes
1146 2038 1244 2106 partes
1257 2037 1351 2091 nostri
1366 2038 1500 2108 corporis
1519 2037 1696 2107 explicavit,
1712 2039 1744 2092 ut
1764 2038 1793 2092 et

956 2124 1128 2179 necessitati
1143 2125 1321 2194 consuleret,
1339 2128 1368 2180 et
1385 2127 1511 2199 gratiam
1527 2128 1710 2181 venustaret.
1732 2125 1792 2182 Sed

956 2214 1052 2267 lamen
1070 2228 1122 2267 eas
1141 2229 1208 2285 quae
1234 2214 1350 2269 decorae
1390 2214 1427 2268 ad
1455 2218 1607 2285 aspectum
1627 2214 1733 2285 ferent,
1762 2215 1793 2269 in

957 2301 1065 2371 quibus
1078 2300 1181 2356 formae
1200 2318 1276 2372 apex
1293 2303 1379 2374 quasi
1399 2303 1430 2357 in
1441 2318 1509 2357 arce
1526 2302 1790 2375 quadamlocatus,

956 2401 984 2452 et
995 2397 1099 2469 figurae
1115 2400 1257 2466 suavitas,
1270 2403 1299 2454 et
1318 2391 1367 2456 22
1387 2400 1487 2455 vultus
1506 2401 1625 2471 species
1636 2400 1789 2470 emineret,

957 2487 1157 2558 operandique
1184 2503 1259 2542 usus
1290 2491 1372 2543 esset
1397 2490 1536 2560 paratior,
1571 2489 1677 2544 obvias
1701 2491 1790 2560 atque

956 2580 1072 2646 apertas
1091 2577 1226 2647 reliquit:
1243 2592 1374 2633 easvere
1385 2578 1533 2649 inquibus
1552 2581 1635 2633 esset
1645 2578 1791 2633 naturalis

957 2665 1134 2737 obsequium
1151 2666 1350 2737 necessitatis,
1363 2683 1400 2722 ne
1410 2666 1543 2723 deforme
1562 2668 1610 2722 sui
1623 2666 1793 2738 praeberent

957 2754 1169 2824 spectaculum,
1194 2754 1300 2825 partim
1324 2758 1463 2827 tanquam
1485 2756 1598 2827 inipso
1622 2755 1792 2810 amandavit

956 2847 1043 2915 atque
1062 2843 1219 2899 abscondit
1239 2858 1374 2915 corpore,
1395 2846 1500 2916 partim
1518 2844 1619 2900 decuit
1645 2847 1674 2900 et
1693 2843 1790 2900 suasit

957 2932 1112 3006 tegendae.

60 3077 152 3116 causa
163 3059 316 3114 nascitur:
333 3059 387 3114 sed
403 3058 605 3132 quibusjugis
622 3063 650 3115 et
661 3060 899 3116 continuainna·
918 3067 945 3130 c
993 3057 1037 3113 78.
1045 3058 1150 3113 Nonne
1159 3057 1321 3130 igituripsa
1329 3060 1432 3113 natura
1441 3054 1635 3132 estmagistra
1645 3074 1791 3115 verecun-

60 3153 156 3204 turam
167 3149 303 3204 vertitur.
319 3147 381 3203 Nec
392 3148 422 3201 in
431 3147 491 3203 illis
502 3163 559 3220 cgo
572 3153 712 3221 tanquam
722 3148 899 3204 simulacro·
957 3147 1013 3203 diae
1024 3149 1038 3202 ‘l
1048 3146 1141 3219 Cujus
1153 3147 1288 3218 exemplo
1306 3147 1450 3203 modestia
1461 3147 1612 3203 hominum
1623 3148 1677 3214 (89)
1695 3159 1794 3220 (quam

58 3256 125 3294 rum
136 3237 258 3310 efligies
271 3235 376 3308 probo,
393 3253 448 3293 nec
464 3237 494 3292 in
514 3237 581 3293 istis
597 3240 735 3310 tanquam
749 3252 899 3293 excusso·
956 3236 1070 3292 amodo
1091 3236 1224 3291 scientiae
1239 3235 1309 3307 quid
1326 3235 1444 3291 deceret
1460 3236 1634 3307 appellatam
1652 3236 1792 3308 arbitrer)

28 3312 31 3317 ¹
60 3345 127 3384 rum
142 3329 258 3382 ruinas.
956 3324 985 3380 id
1003 3325 1082 3397 quod
1102 3324 1133 3379 in
1149 3325 1205 3379 hac
1232 3324 1327 3380 nestri
1358 3323 1492 3395 corporis
1519 3324 1632 3379 fabrica
1661 3324 1794 3380 abditum

95 3417 140 3471 ¹15.
163 3415 219 3471 Est
241 3416 329 3470 etiam
358 3431 487 3488 gressus
510 3415 685 3487 probabilis,
716 3414 745 3470 in
771 3429 831 3487 que
860 3415 899 3471 sit
955 3414 1074 3485 reperit,
1094 3412 1209 3485 operuit
1226 3415 1254 3468 at
1272 3413 1362 3483 texit;
1382 3416 1414 3468 ut
1435 3413 1545 3469 estium
1561 3414 1633 3469 illud
1654 3414 1733 3486 qued
1753 3430 1792 3469 ex

60 3506 182 3578 species
192 3504 387 3574 auctoritatis,
395 3504 741 3577 gravitatisqueponduS,
752 3504 898 3576 tranquil·
956 3506 1128 3558 transverso
1138 3502 1306 3558 faciendum
1315 3502 1347 3558 in
1359 3517 1429 3557 arca
1443 3503 1493 3557 illa
1509 3503 1573 3558 Noe
1582 3502 1665 3575 justo
1677 3503 1788 3558 dictum

58 3595 150 3649 litatis
167 3593 350 3667 vestigium3
367 3593 407 3648 ita
421 3597 518 3649 tamen
535 3594 562 3648 si
578 3594 706 3649 studium
723 3593 801 3649 desit
811 3597 898 3664 atque
955 3595 1002 3648 est
1026 3591 1109 3660 (Gen.
1121 3609 1160 3662 vr,
1180 3591 1241 3662 16);
1259 3593 1290 3646 in
1310 3608 1367 3665 qua
1384 3593 1431 3647 vel
1455 3592 1610 3663 Ecclesiae,
1629 3592 1677 3648 vel
1692 3592 1789 3647 nestri

59 3683 220 3753 affectatio,
246 3682 301 3738 sed
324 3686 423 3737 motus
440 3683 479 3737 sit
498 3698 591 3753 purus
610 3699 644 3738 ac
665 3683 808 3753 simplex,
825 3682 898 3736 nihil
955 3681 1050 3753 ssguru
1060 3683 1108 3758 est
1118 3681 1267 3751 eorporis:
1279 3697 1333 3752 per
1346 3682 1427 3754 qued
1442 3683 1551 3738 ostium
1562 3683 1725 3754 egeruntur
1735 3696 1786 3736 re-

60 3774 139 3829 enim
159 3773 290 3827 fucatum
307 3771 413 3842 placet.
432 3771 545 3827 Motum
568 3773 671 3826 natura
690 3770 839 3826 informet.
866 3769 898 3824 Si
954 3770 1054 3841 tiquiae
1076 3770 1220 3826 ciberum.
1244 3771 1325 3844 Ergo
1351 3774 1464 3826 naturae
1490 3771 1591 3842 opifex
1613 3771 1658 3825 sic
1678 3774 1791 3828 nestrae

59 3863 133 3935 quid
153 3877 228 3917 sanc
251 3861 282 3915 in
300 3864 402 3916 natura
418 3860 480 3914 vitii
502 3862 558 3929 est,
579 3860 725 3915 industria
740 3857 897 3931 emendet,
954 3859 1066 3914 studuit
1075 3860 1273 3930 verecundiae,
1292 3861 1337 3917 sic
1349 3860 1490 3916 decorum
1505 3860 1577 3915 illud
1589 3863 1617 3915 et
1631 3861 1791 3917 honestum

55 3957 88 4008 ut
97 3967 151 4006 ars
163 3951 250 4019 desit,
262 3965 322 4004 non
332 3949 410 4005 desit
419 3949 576 4004 correctio.
952 3947 984 4002 in
996 3951 1098 4005 nostro
1117 3950 1275 4006 custodivit
1300 3965 1435 4022 corpore,
1458 3952 1489 4005 ut
1507 3950 1614 4005 ductus
1630 3950 1787 4022 quosdam,

95 4076 150 4138 (88)
170 4075 422 4158 Mirarequantam
433 4075 462 4128 in
474 4087 617 4144 corperea
629 4072 694 4143 ipso
712 4071 895 4128 Clericorum
952 4072 1048 4129 milia:
1065 4073 1122 4130 alia
1136 4075 1263 4146 denique
1278 4089 1443 4141 sacrorum,
1460 4075 1490 4129 in
1505 4074 1614 4146 quibus
1625 4075 1786 4147 gestaban-

56 4148 166 4204 habitu
215 4146 389 4214 rfeetronem
402 4145 573 4216 requirebat
588 4144 850 4213 sanctuspraesu13
869 4147 897 4199 et
952 4146 1001 4198 tur
1015 4144 1138 4201 deorum
1152 4146 1328 4214 simulacra3
1344 4150 1373 4201 et
1387 4143 1422 4201 de
1438 4146 1549 4201 ultimis
1564 4146 1649 4201 hisce
1664 4146 1789 4202 ferculis

57 4220 178 4275 hincce
191 4218 251 4342 ligg
261 4232 336 4342 quas
347 4219 508 4288 etquantas
521 4216 550 4270 in
568 4215 682 4270 eisdem
692 4215 782 4270 animi
799 4216 894 4270 virtu·
952 4217 1080 4271 maxime
1091 4217 1139 4271 hic
1150 4217 1230 4288 loqui
1239 4217 1502 4287 Ambrosiumipse
1512 4217 1790 4273 videturdeclarare

250 4304 288 4343 a.

56 4294 290 4421 wissgxsqbwmss.
313 4372 421 4429 magno
436 4373 597 4425 consensu,
615 4357 641 4412 si
660 4357 736 4415 dues
761 4357 895 4428 excipias
909 4383 938 4449 D
952 4357 1147 4412 abhorruisse
1176 4361 1292 4413 constat
1315 4358 1451 4413 funerum
1475 4360 1652 4431 gestamina,
1677 4357 1788 4430 quibus

61 4428 896 4503 quiperindeacvet.;edit.habent:subiret,sacardete1n
953 4427 1084 4483 defuncti
1099 4430 1225 4485 cadaver
1240 4429 1310 4483 dum
1319 4428 1482 4498 efferretur,
1499 4445 1622 4485 avorum
1633 4427 1701 4499 ejus
1711 4444 1788 4498 prm·

59 4518 97 4557 se
110 4507 257 4566 nestrum,
275 4504 330 4554 etc.
342 4499 409 4554 Sola
429 4500 497 4555 edit.
511 4501 607 4567 Rom,
622 4499 741 4555 subiret
754 4501 896 4556 sacerdo·
953 4498 1142 4554 mittebantur
1164 4501 1321 4573 imagines.
1346 4499 1418 4564 Qum
1440 4500 1536 4555 omnia
1558 4513 1626 4554 cnm
1646 4514 1704 4553 non
1721 4498 1788 4554 sine

61 4579 133 4637 tum,
146 4588 182 4626 sc
192 4578 334 4632 nostrum,
348 4575 416 4639 etc,
435 4587 556 4626 sensua
575 4571 701 4625 lectione
721 4575 822 4625 nostra
837 4587 897 4626 nen
953 4585 1060 4641 magna
1075 4571 1219 4642 gravitate
1241 4572 1422 4626 veherentur
1436 4574 1523 4640 atque
1539 4570 1679 4624 incessus
1693 4569 1788 4625 tardi-

59 4643 169 4698 alieno.
186 4642 413 4697 Videturantem
425 4642 472 4696 bic
483 4644 612 4712 acceptae
631 4642 896 4697 administrationis
952 4642 1020 4708 lale,
1033 4641 1210 4698 locumdare
1222 4642 1428 4697 Ambrosianae
1439 4640 1701 4713 Ciceronianaeque
1711 4656 1789 4699 cem·

61 4718 111 4770 aut
132 4713 202 4769 furti
224 4712 392 4784 qu'uspiam
416 4713 559 4767 rationem
580 4712 703 4768 reddere
726 4712 894 4785 defugiens,
952 4714 1097 4782 paraticni
1112 4713 1197 4768 facile
1213 4716 1380 4783 potuerunt.

58 4785 264 4857 transfugisse
278 4785 316 4838 ad
337 4784 475 4838 Arianos.
494 4784 586 4837 Porro
610 4783 645 4838 de
659 4783 782 4856 judiciis
798 4785 896 4839 eecle-
988 4783 1040 4854 (88)
1057 4784 1132 4838 Mes.
1148 4785 1269 4854 aliquot,
1290 4782 1339 4837 vel
1352 4783 1446 4855 justae
1461 4781 1665 4839 necessitatis.

58 4856 204 4922 eiaslicis,
221 4856 417 4910 acbonorum
433 4853 893 4910 Ecclesiaeoeconomiaalioloco
988 4853 1213 4925 perpulcher
1238 4853 1334 4922 oruc,
1356 4867 1425 4925 pag.
1441 4853 1504 4924 868,
1527 4855 1578 4910 liu.
1594 4853 1648 4910 39:
1678 4853 1787 4922 «Qua-

61 4927 178 4982 dicetur
191 4927 387 4981 commodius.
951 4939 1077 4996 rumque
1090 4926 1217 4996 partium
1234 4924 1368 4995 corperis
1383 4941 1459 4981 usus
1475 4929 1544 4982 aunt
1557 4926 1722 4983 necessarii
1734 4942 1786 4983 eas

952 4286 983 4340 in
999 4288 1204 4359 sequentibus
1219 4286 1367 4342 Caeterum
1377 4288 1413 4342 ab
1429 4289 1497 4342 istis
1512 4304 1616 4358 parum
1630 4288 1790 4344 admodum

94 4997 154 5061 (85t
169 4996 230 5052 Cic.
247 4998 297 5052 lib.
315 5014 324 5050 r
339 4994 416 5051 effre.
433 4995 584 5122 ραίἑι869,
609 4996 661 5051 tin.
675 4996 711 5052 8:
741 5018 752 5046 ι
770 4996 846 5051 Nam
861 4999 889 5052 et
952 5006 1049 5119 neque
1065 4999 1176 5121 partes,
1197 5019 1208 5044 n
1225 4999 1281 5051 etc.

59 5069 450 5139 mlaestrieimotus.ncte.
530 5067 674 5123 infrafl:
697 5067 895 5123 «Cavendum
989 5067 1041 5135 (8)
1080 5064 1151 5135 bid,
1177 5066 1228 5122 tin.
1250 5067 1302 5122 8⁶2:
1331 5067 1510 5139 ePriucipio
1535 5068 1670 5140 corporis
1692 5069 1787 5125 nostri

59 5143 105 5194 cst
120 5144 218 5194 autem
233 5155 270 5194 ne
284 5143 334 5193 aut
359 5138 553 5205 tarditatibus,
574 5163 585 5187 »ι
603 5142 659 5193 etc.
677 5138 759 5193 Varii
774 5140 893 5210 generis
950 5153 1089 5209 magnam
1104 5141 1206 5193 natura
1222 5138 1286 5210 ipsa
1304 5138 1422 5194 videtur
1436 5140 1579 5195 habuisse
1597 5140 1752 5210 rationem,
1773 5164 1783 5188 n

62 5214 145 5266 erant
159 5210 271 5267 fercula
285 5210 363 5281 apud
378 5209 526 5281 antiquos,
538 5210 594 5264 alia
605 5210 720 5265 enimin
736 5209 892 5281 triumphis
951 5212 1008 5263 etc.
1024 5209 1080 5264 llic
1095 5212 1192 5264 autem
1208 5210 1238 5264 in
1260 5211 1410 5266 Ambrosii
1435 5215 1574 5266 contextu
1590 5211 1658 5266 Era.
1676 5215 1704 5268 et
1720 5228 1785 5284 seq.

64 5282 292 5352 insumebantur,
324 5296 391 5335 cum
420 5281 601 5336 devictarum
631 5283 763 5352 gentium
788 5281 893 5350 spolia,
951 5279 1020 5334 edit.
1037 5280 1212 5351 praeferunt:
1230 5280 1300 5336 Haec
1325 5283 1580 5352 ipsanaturanos
1598 5282 1784 5351 docehmss.

66 5357 178 5407 restem
192 5353 363 5422 pretiosam,
379 5367 483 5406 aurum
498 5353 561 5406 sive
585 5352 694 5407 facturn
710 5353 775 5406 sive
791 5353 895 5435 signu·
950 5365 1023 5405 vero
1035 5353 1286 5420 constantissime,
1304 5369 1357 5407 nec
1372 5352 1436 5423 ipsa
1452 5359 1569 5424 natura,
1586 5354 1718 5424 Amerb,
1733 5369 1787 5408 uec

67 5425 136 5488 tum,
165 5438 305 5491 coronas,
337 5438 428 5487 arma,
460 5423 623 5491 machinas,
650 5423 734 5504 ipsas
768 5422 895 5494 demque
951 5421 1084 5495 lrocipsa
1102 5430 1217 5490 natura,
1242 5427 1297 5477 ete.
1318 5424 1495 5495 Nonmate;
1512 5428 1559 5481 est
1583 5428 1661 5481 enim
1682 5425 1786 5494 emptae

65 5494 180 5550 urbium
190 5497 342 5564 captarum
352 5493 535 5565 imaginesin
545 5494 687 5564 plaustris
698 5497 765 5548 aute
777 5509 896 5549 currum
953 5492 1063 5549 interro
1087 5495 1194 5550 ationis
1211 5494 1399 5549 continuatio.

67 5564 307 5636 triumphantium
320 5565 527 5636 portabantur:
544 5564 600 5620 alia
613 5567 697 5619 erant
712 5565 849 5620 ludorum
863 5580 897 5619 ac
989 5565 1043 5631 (89)
1059 5511 1144 5631 ibid,
1160 5581 1228 5637 pag.
1240 5564 1303 5632 eta,
1320 5566 1371 5621 lin.
1386 5566 1439 5622 tv:
1459 5588 1470 5617 a
1489 5566 1590 5640 ltaque
1606 5569 1637 5623 ut
1650 5561 1785 5620 eamdem

59 5636 310 5709 ‚vpecmcutomm
336 5650 397 5691 non
412 5636 533 5692 muttum
547 5635 700 5709 prioribus
725 5636 784 5695 illis
808 5634 892 5692 absi·
954 5651 1010 5695 nos
1024 5636 1210 5707 modestiam,
1230 5639 1314 5695 »etc
