3900 6128
100 278 182 351 1293

698 282 1005 355 EPISTOLARUM
1026 284 1198 351 CLASSIS
1219 279 1259 351 ii.

1749 286 1830 357 1204

104 483 649 557 gravesanimaenostroeadversarii3
665 469 976 558 conventiunculis&
993 486 1073 541 mino
1096 486 1246 541 contulisti
1267 502 1400 556 munere,
1417 489 1566 544 dimittens
1585 491 1716 561 peccata,
1740 493 1828 563 atque

103 571 166 629 Deo
188 588 312 644 sperare
332 573 445 644 incipit,
468 577 496 629 et
512 573 682 647 intelligens
703 591 773 631 vere
793 577 940 631 inimicam

994 576 1194 645 abscondens,
1207 577 1370 630 secundum
1386 579 1463 648 quod
1476 579 1692 649 scriptumest:
1712 602 1723 627 a
1746 579 1829 635 Deali

103 662 163 717 sibi
176 678 297 717 carnem
309 662 467 733 exsistere,
481 665 520 719 ait
530 665 654 720 adeum:
674 688 684 715 ι
698 665 765 720 Noli
777 681 940 737 supergau·
994 680 1121 738 quorum
1135 665 1273 720 remissae
1290 669 1360 720 sunt
1375 668 1553 738 iniquitates,
1570 672 1599 723 el
1612 673 1830 740 quorumtecla

103 751 175 807 dere
195 751 277 822 mihi,
304 749 421 807 inimica
445 769 519 824 naen,
541 754 610 825 quia
630 754 743 809 cecidi:
765 755 818 809 sed
837 771 940 810 resur-

104 856 193 913 gam,
209 840 278 912 quia
302 841 328 896 si
345 837 452 897 sedero
467 841 498 897 in
514 843 655 914 tenebris,
672 837 815 898 Dominus
831 843 941 899 illumi-

104 929 188 985 nabit
204 945 251 984 me
267 926 357 1000 (ibid.
373 922 410 1001 8).
430 954 441 979 v

141 1018 187 1074 91.
204 1016 406 1074 Considerans
422 1020 511 1074 eliam
525 1020 669 1078 insultare
683 1022 742 1077 sibi
752 1021 880 1093 aliquam
890 1038 942 1093 pe·

104 1110 253 1176 testatem,
271 1122 339 1180 quae
354 1105 515 1165 resistebat
531 1109 607 1179 sibi;
624 1110 820 1166 nameliorem
837 1126 943 1183 seque·

996 757 1066 809 sunt
1080 757 1200 824 peccata
1211 753 1306 823 (Psal.
1316 772 1399 825 xxxi,
1416 754 1462 826 9))
1482 780 1493 805 ι
1510 756 1574 812 Alia
1589 758 1667 813 enim
1683 759 1829 831 sanguine

997 842 1063 898 Filii
1078 843 1120 897 tui
1136 843 1243 912 abluis,
1261 845 1317 898 alia
1333 846 1426 899 donas
1446 846 1551 917 nobis3
1577 851 1608 902 ut
1626 847 1713 903 bonis
1730 848 1829 920 operi-

997 932 1055 986 bus
1080 935 1108 986 et
1132 931 1376 989 confessionibus
1404 940 1525 990 nostres
1550 952 1668 992 errores
1692 939 1829 1010 tegamus

998 1020 1065 1090 (96).
1095 1019 1178 1086 Quod
1208 1037 1283 1094 ergo
1309 1023 1365 1076 ait:
1394 1045 1404 1072 ι
1432 1024 1579 1080 Auferens
1602 1028 1763 1098 peccata,·
1794 1027 1831 1083 ad

998 1109 1209 1165 remissionom
1224 1112 1365 1182 pertinet,
1381 1113 1450 1184 quia
1463 1114 1581 1184 penitus
1596 1130 1630 1168 ea
1647 1115 1729 1186 tollit,
1746 1115 1786 1170 ita
1800 1117 1832 1171 ut

104 1200 191 1252 retur
210 1195 302 1253 viam:
330 1200 358 1252 et
378 1197 542 1269 inequitare
557 1197 624 1269 (99),
640 1200 720 1271 qued
738 1200 841 1257 tradita
862 1203 945 1258 esset
999 1213 1058 1255 noa
1073 1199 1133 1253 sint
1147 1214 1272 1270 quorum
1287 1216 1401 1256 memor
1417 1217 1475 1258 non
1498 1204 1562 1258 erit.
1583 1202 1666 1268 Quod
1685 1219 1757 1260 vero
1773 1201 1832 1261 ait:

105 1284 137 1338 in
148 1285 299 1342 interitum
315 1287 415 1342 carnis
429 1285 458 1357 (1
471 1285 538 1345 Cor.
555 1304 586 1358 v,
601 1289 628 1358 b)
645 1293 676 1346 ut
691 1289 820 1346 diversis
835 1292 944 1346 attere·
1003 1307 1015 1334 a
1032 1287 1230 1344 Transfcrcns
1246 1289 1417 1364 iniquitates
1433 1290 1510 1361 (9));
1527 1307 1562 1347 eo
1573 1293 1651 1364 quod
1661 1292 1835 1349 confitendi·

105 1378 190 1429 retur
203 1375 301 1445 malis,
316 1384 384 1449 qum
398 1375 446 1434 vel
462 1374 944 1450 aDomiaopropterpeecatorum
999 1375 1058 1431 bus
1077 1377 1165 1439 nobis
1184 1378 1288 1449 lopsus
1307 1384 1439 1451 nostroe,
1459 1384 1489 1436 et
1510 1380 1757 1439 obumbrantibus
1780 1397 1835 1439 nos

105 1462 286 1522 solutionem
306 1464 548 1535 decernerentur,
568 1465 673 1522 veleb
698 1467 801 1540 iniquo
826 1470 947 1539 propter
999 1463 1087 1520 bonan
1112 1468 1294 1538 operationis
1318 1468 1415 1524 fructu
1442 1469 1609 1526 referantur
1629 1471 1659 1526 iu
1683 1473 1835 1528 auctorem

106 1551 250 1607 invidiam
260 1554 487 1625 conversionis3
498 1554 574 1612 ulad
585 1569 619 1610 se
630 1558 784 1613 revocaret
795 1555 945 1627 afflictam,
1002 1553 1107 1623 culpe,
1125 1559 1153 1609 et
1167 1556 1282 1626 peccati
1293 1557 1486 1615 incentorem.
1498 1557 1574 1624 Quid
1586 1560 1753 1641 enimgaliud
1762 1561 1834 1634 agit,

108 1640 181 1697 dicit
194 1641 307 1699 adhue:
332 1641 438 1698 «nam
458 1642 576 1699 Domini
598 1645 775 1714 sustinebo;
800 1644 879 1716 »qui
898 1644 946 1699 vel
1002 1643 1053 1717 qui
1072 1643 1189 1716 eulpam
1208 1643 1325 1715 latetur,
1348 1646 1407 1700 nisi
1428 1648 1461 1702 ιι)
1482 1646 1670 1705 adversantis
1696 1650 1836 1723 nequitiae

106 1728 223 1803 lapsam
232 1731 368 1803 castigat,
379 1731 426 1787 vel
437 1732 491 1788 tibi
502 1735 678 1803 potestatem
687 1731 840 1805 affligendi
851 1733 945 1788 dedit:
1003 1731 1148 1803 spiritalis
1163 1731 1230 1788 dolo
1247 1748 1280 1788 se
1295 1735 1324 1789 et
1337 1733 1447 1789 malitia
1457 1736 1661 1792 transductum
1676 1738 1801 1809 probet?

110 1838 123 1870 a
143 1819 213 1891 quia
226 1821 359 1891 peccavi,
377 1837 389 1871 ι
406 1819 562 1878 sustinebo
582 1824 689 1892 tamen,
709 1845 720 1870 v
743 1822 840 1878 donee
853 1821 989 1908 iusti-9
1039 1821 1084 1875 9).
1100 1821 1131 1875 la
1146 1836 1182 1877 eo
1197 1821 1295 1894 itaque
1311 1823 1424 1895 gratias
1440 1824 1501 1895 agit
1516 1828 1612 1879 anima
1626 1825 1702 1897 ista,
1726 1826 1796 1899 quia
1809 1828 1839 1882 et

109 1907 180 1964 ficet
194 1909 258 1980 ipse
274 1924 396 1964 eausam
410 1924 506 1965 meam
521 1910 625 1981 (Miclr.
637 1928 688 1982 vn,
699 1911 738 1983 9).
758 1933 769 1960 ι
787 1911 854 1967 Nisi
869 1912 948 1967 enim
1005 1909 1100 1965 aufert
1117 1910 1260 1965 Dominus
1275 1915 1406 1982 peecata,
1419 1916 1448 1968 et
1460 1913 1601 1969 transfert
1616 1915 1797 1988 iniquitates,
1809 1919 1840 1972 et

110 1997 255 2054 confessa
279 1993 375 2069 fuero,
400 2002 429 2054 et
455 1999 616 2055 exsolvere
640 2001 733 2071 pretia
762 2000 948 2072 iniquitatum
1005 1998 1152 2071 demergit
1175 1999 1205 2054 in
1227 1999 1374 2070 profundo
1397 2002 1499 2056 maris.
1523 2000 1607 2067 Quod
1631 2007 1729 2074 petest
1754 2008 1783 2059 et
1802 2004 1839 2060 ad

110 2102 255 2157 mearum,
271 2103 331 2143 non
345 2093 449 2159 potero
465 2088 637 2160 justificari.
654 2088 727 2145 Cum
748 2094 845 2145 autem
865 2090 948 2145 fuero
1006 2087 1184 2157 baptismum
1200 2088 1316 2158 referri,
1333 2104 1392 2160 quo
1411 2089 1574 2161 AEgyptius
1597 2092 1752 2164 mergitur,
1767 2092 1840 2149 Hm·

108 2174 284 2249 justificata,
302 2177 424 2233 solvens
439 2177 566 2248 duplicia
582 2182 718 2250 peecata:
742 2201 753 2227 ι
775 2179 889 2234 Educet
902 2178 950 2250 ju·
1006 2176 1108 2231 bracus
1136 2176 1283 2248 resurgit:
1309 2181 1339 2231 et
1359 2193 1417 2248 quo
1442 2178 1597 2234 altitudine
1620 2181 1785 2252 sapientias,
1812 2183 1841 2237 et

111 2265 224 2321 dicium
238 2282 335 2322 meum
351 2265 534 2339 (tibimiri),
558 2291 570 2317 ι
595 2268 748 2338 deponens
768 2267 950 2339 indignatio·
1005 2264 1840 2342 bonorumoperumabundantiateganlurpeccatasupe·

111 2371 199 2426 nam3
215 2356 284 2427 quia
300 2351 651 2426 satisfactum'sententiae
662 2361 727 2411 est:
746 2379 757 2404 a
776 2356 889 2413 Educet
904 2372 950 2413 ms
1005 2354 1096 2424 riora,
1121 2369 1175 2424 per
1196 2353 1314 2409 divitias
1342 2354 1558 2411 misericordias
1582 2357 1634 2412 Dei
1658 2359 1764 2429 nostri,
1789 2357 1840 2432 qui

112 2444 151 2500 ad
174 2444 285 2510 lumen,
308 2447 340 2499 ut
360 2445 475 2500 videam
492 2445 639 2517 justitiam
663 2445 731 2517 ejus
752 2445 866 2517 (ibid),
890 2468 901 2494 ι
924 2448 953 2500 et
1007 2458 1121 2498 memor
1134 2442 1345 2513 promissionis
1360 2458 1434 2514 suae,
1457 2460 1544 2515 quam
1563 2446 1685 2501 dederat
1700 2446 1839 2519 Abrahae,

113 2533 259 2604 aspiciam
274 2533 497 2590 delectationem
509 2535 587 2607 ejus.
607 2535 726 2590 Videbit
735 2535 791 2590 hoc
801 2535 952 2590 lumcnre·
1008 2532 1157 2587 haeredem
1173 2531 1240 2602 ejus
1255 2532 1382 2586 animam
1399 2547 1457 2587 non
1472 2537 1518 2588 est
1533 2550 1644 2605 passus
1658 2536 1766 2607 perire.

114 2623 334 2679 conciliationis
351 2639 451 2679 meae·
471 2624 588 2679 inimica
604 2639 678 2694 mea,
697 2647 708 2673 ι
730 2624 760 2678 id
778 2627 824 2680 est
843 2624 953 2679 diaboli
1042 2620 1088 2677 ib.
1101 2621 1320 2691 iltillaquidem
1331 2619 1664 2679 animahocrevocatur
1678 2624 1840 2698 modo(98).

115 2712 264 2786 nequitia:
281 2715 333 2767 «el
344 2713 494 2783 operietur
504 2712 689 2785 confusione,
700 2729 767 2785 quae
778 2730 855 2768 nunc
867 2713 951 2768 dicit:
1007 2710 1057 2766 'l’u
1068 2713 1175 2779 autem,
1193 2710 1243 2779 illi,
1261 2710 1311 2782 qui
1327 2727 1343 2766 a
1359 2711 1453 2781 primo
1469 2713 1541 2768 flore
1551 2713 1728 2784 pueritiaees
1743 2713 1843 2770 haeres

117 2800 178 2856 Ubi
194 2804 241 2856 est
256 2800 399 2856 Dominus
415 2802 495 2858 Deus
512 2805 580 2856 tuus
596 2801 684 2872 (ibid.
702 2803 772 2873 10))
797 2825 808 2851 ιι
836 2802 954 2857 Videbit
1009 2799 1165 2870 Ecclesiae,
1182 2815 1249 2871 que
1263 2803 1291 2854 ts
1307 2801 1441 2871 suscepit
1455 2805 1484 2856 et
1502 2804 1592 2874 tenet,
1607 2806 1798 2874 perseverato
1814 2803 1844 2858 in

116 2890 149 2944 in
164 2905 212 2945 me
227 2888 463 2945 misericordiam
486 2889 564 2962 eius,
580 2889 691 2946 videbit
712 2891 850 2962 pietatem
874 2891 952 2962 ejus.
1008 2889 1171 2960 proposito,
1188 2903 1301 2943 memor
1315 2889 1418 2960 gratias
1434 2890 1487 2945 Dei
1502 2895 1531 2946 et
1546 2893 1679 2948 muneris
1694 2893 1774 2966 quod
1789 2907 1846 2963 per

152 2976 199 3034 99.
216 2978 253 3034 Ε)
267 2979 333 3034 ideo
354 2995 414 3034 non
433 2969 587 3036 audiamus
607 2995 685 3049 eum,
708 2981 825 3051 quando
848 2995 953 3035 sumus
1009 2978 1227 3049 impositionem
1245 2978 1405 3048 suscepisti
1421 2995 1560 3035 manuum
1576 2996 1718 3051 mearum,
1730 2982 1799 3038 utet
1813 2980 1844 3036 in

116 3067 452 3140 inadversisaliquibus
465 3068 953 3140 saeculi30umautdoloreorporis
1010 3065 1067 3121 boe
1087 3066 1192 3139 gradu,
1209 3067 1287 3121 sicut
1306 3068 1337 3121 in
1355 3068 1519 3123 ministerio
1540 3069 1742 3139 sacro,f1dem
1763 3071 1844 3124 tuam

117 3161 176 3227 est,
188 3158 239 3211 aut
253 3155 380 3212 filiorum
392 3157 526 3228 amissio,
541 3157 589 3212 vel
601 3161 774 3213 caeterarum
786 3159 954 3214 necessitu—
968 3202 996 3272 c
1011 3155 1197 3211 demonstres
1213 3159 1299 3226 atque
1315 3156 1499 3226 industriam,
1517 3160 1545 3212 et
1565 3161 1724 3228 exspectes
1742 3171 1844 3214 remu·

118 3244 240 3300 diuum:
262 3260 322 3300 aon
341 3245 506 3315 audiamus,
527 3246 657 3317 inquam,
678 3247 839 3302 dicentem:
863 3269 873 3297 ι
896 3247 954 3302 Ubi
1011 3246 1194 3300 uenationem
1208 3245 1324 3299 Domini
1339 3244 1422 3300 lesu.
1439 3246 1520 3318 Vale,
1537 3250 1564 3301 at
1578 3262 1635 3302 nos
1650 3247 1771 3303 attilius
1782 3246 1844 3302 dili·

118 3337 167 3391 est
187 3333 332 3389 Dominus
353 3335 433 3390 Deus
449 3336 542 3391 tuus?
562 3355 574 3385 ι
592 3336 674 3391 Tunc
694 3335 761 3406 ejus
778 3337 955 3391 tentationes
1011 3349 1066 3407 ge3
1087 3334 1156 3407 quia
1170 3349 1226 3389 nos
1244 3338 1272 3389 te
1288 3333 1450 3406 diligimus.

120 3423 263 3479 cavendae
283 3425 362 3494 sunt,
379 3439 447 3479 cum
466 3425 569 3497 gravis
588 3426 675 3497 urget
694 3423 788 3495 dolor,
804 3428 875 3480 tunc
890 3425 956 3480 sni·
1548 3478 1556 3493 ,

120 3528 200 3568 ιιιιιιιι
215 3517 475 3585 oegramavertere
491 3513 600 3569 studet.
636 3567 639 3571 ,
1271 3475 1455 3533 EPISTOLA
1476 3477 1585 3533 LXXI·

156 3599 203 3658 23.
220 3601 301 3674 Ergo
312 3603 418 3673 anima,
431 3618 498 3674 quae
510 3602 592 3657 illum
603 3617 662 3658 non
677 3603 803 3659 audierit
812 3604 957 3659 insidian·
1012 3602 1086 3658 Post
1099 3601 1198 3656 varios
1209 3601 1331 3672 gradus,
1344 3601 1429 3674 queis
1438 3603 1535 3656 anima
1545 3602 1627 3675 lapsa
1636 3608 1844 3676 sessrepnrat,

120 3693 181 3747 tem
196 3691 268 3761 sibi,
282 3692 389 3748 videns
404 3695 507 3763 postea
518 3692 664 3749 mirabilia
680 3692 743 3763 Dei,
756 3692 862 3748 videns
878 3709 911 3748 se
927 3694 957 3748 in
1048 3689 1138 3744 supra
1160 3673 1338 3744 detif'tflmss
1363 3674 1413 3728 ‘¹¹'ss
1434 3674 1539 3729 ³¹²¹'mffl
1563 3674 1664 3729 tidelm
1681 3690 1698 3731 θ
1724 3674 1848 3731 01))ῐὸῑο

250 3781 255 3792 ,
538 3783 543 3792 ,
1103 3744 1198 3798 ctio
1244 3744 1338 3797 ruiti
1608 3747 1612 3756 '
1727 3747 1732 3758 '
1830 3775 1846 3788 ·

122 3781 211 3853 emto,
228 3781 379 3838 diabolum
401 3784 498 3837 autern
518 3783 597 3837 sicut
619 3781 773 3837 colubrum
796 3785 959 3852 reptantem
1049 3743 1356 3897 {gfffg'swbffiwffquss
1370 3749 1402 3869 ξιξ
1419 3746 1846 3874 ffifffifflffiiggtfgssffifvzf

121 3871 153 3927 in
167 3870 373 3939 terrestribus,
391 3870 588 3943 gratulabitur
602 3871 724 3926 disens:
753 3893 764 3918 ι
789 3869 862 3935 Quis
878 3873 958 3928 Deus
1050 3902 1100 3942 303
1115 3885 1247 3957 ejusdem
1263 3901 1368 3940 animm
1379 3901 1563 3959 progressus
1583 3887 1749 3962 desiqnari.

121 3959 203 4015 sicut
226 3962 268 4029 tn,
292 3958 432 4015 auferens
453 3962 585 4031 peccata,
606 3962 634 4014 el
656 3951 753 4015 1068
772 3959 959 4015 transferens

121 4048 291 4120 impietates
307 4047 386 4117 (ibid
401 4046 468 4120 18)?
489 4071 500 4096 a
517 4048 572 4115 Qui
596 4064 656 4104 noa
671 4046 755 4104 fuisti
778 4064 890 4104 memor
914 4050 960 4103 in-

123 4137 307 4210 dignationis
322 4139 401 4193 tusa:
419 4136 473 4192 ssd
487 4136 565 4193 sicut
579 4137 608 4192 in
623 4139 696 4192 mari
709 4139 842 4193 mersisti
856 4153 960 4194 omnes

1234 4012 1405 4067 auaaosms
1425 4011 1628 4069 Honosrrano.

1052 4137 1077 4191 l.
1089 4135 1248 4207 Superiora
1257 4135 1382 4207 epistola
1394 4136 1430 4191 de
1441 4152 1475 4193 ea
1485 4138 1583 4193 anima
1592 4153 1760 4195 sermonem
1776 4152 1849 4194 con·

123 4227 297 4300 iniquitates
309 4230 438 4297 nostras,
451 4227 529 4282 sicut
539 4226 713 4299 AEgyplium
730 4227 881 4298 plumbum
892 4225 959 4298 (95),
988 4256 993 4268 ›
1015 4222 1287 4296 tulimus(99),quae
1298 4225 1467 4280 itinerissui
1478 4226 1582 4282 devios
1591 4225 1850 4299 aliquoshabuen't

123 4320 154 4373 et
168 4315 275 4371 redisti
290 4316 326 4371 ad
343 4315 578 4372 misericordiam
592 4314 788 4388 voluntariae,
804 4333 892 4389 quam
906 4330 961 4389 ge·
1016 4314 1178 4385 anfractus,
1199 4317 1230 4369 ιι)
1248 4317 1335 4369 vetus
1355 4313 1449 4369 lsrael
1468 4315 1634 4371 secundum
1653 4330 1773 4371 carnem
1792 4314 1850 4370 flu·

161 4512 222 4586 (99)
238 4511 362 4580 Quidam
376 4529 451 4569 mss.
470 4518 500 4568 et
513 4512 684 4584 inquietare
693 4533 703 4581 ,·
724 4514 777 4569 sed
792 4514 961 4587 inequitare
1018 4513 1083 4566 sius
1099 4512 1202 4566 noster
1216 4508 1354 4581 conjecit,
1372 4525 1438 4581 quae
1454 4512 1588 4580 spectant
1607 4509 1782 4565 Heracliani
1798 4525 1851 4567 ce-

124 4602 173 4642 ma
198 4587 227 4641 is
241 4586 360 4640 videtur
375 4585 614 4640 Ambrosianum.
973 4573 1001 4638 b
1042 4583 1191 4638 nilionem.
1202 4582 1302 4636 Primo
1313 4581 1390 4635 enim
1401 4581 1482 4634 illum
1493 4581 1530 4635 ab
1542 4582 1606 4651 ipsa
1618 4581 1741 4652 puerilia
1753 4582 1851 4656 signi·

162 4602 222 4726 (Di)
238 4657 324 4712 Rom.
341 4656 421 4725 edit,
441 4679 452 4704 ι
470 4656 570 4710 Faciet
581 4655 727 4727 judicium
743 4671 851 4711 meum.
870 4678 881 4705 ι
1019 4600 1614 4733 Deuteducatumalqueinstitutumfuisse
1625 4653 1850 4735 interflclericos,

163 4729 223 4797 (95)
237 4726 310 4782 Cod.
334 4727 444 4797 Curet,
462 4748 474 4778 ι
498 4729 576 4783 sieut
589 4728 765 4800 AEggptium
781 4727 931 4798 pupulum.
949 4748 960 4776 ι
1020 4724 1264 4796 quemadmodum
1281 4725 1349 4778 olim
1365 4737 1474 4793 pueros
1490 4722 1525 4776 ad
1546 4723 1780 4779 ecclesiasticam
1795 4726 1852 4781 mi-

128 4800 166 4856 Et
181 4799 322 4854 continue
333 4803 410 4870 post,
427 4800 506 4869 Prot,
525 4802 553 4853 et
567 4798 661 4870 Gom,
681 4822 692 4847 v
710 4803 737 4853 et
746 4798 900 4854 reddidisti
912 4799 964 4852 mi·
1020 4798 1111 4850 titiam
1126 4796 1290 4851 destinatos
1306 4794 1514 4863 consuevisse,
1526 4795 1562 4848 ad
1579 4795 1629 4849 lib.
1643 4812 1662 4848 u
1674 4795 1717 4851 De
1727 4796 1850 4863 f’umit„

130 4870 367 4929 sericordiam.»
1021 4884 1085 4938 cap.
1107 4867 1133 4932 8,
1150 4882 1230 4921 num.
1246 4865 1291 4932 Ἰ),
1307 4866 1544 4920 observavimus
1567 4865 1678 4921 Deinde
1698 4882 1765 4922 cum
1785 4884 1853 4924 eum

166 4942 224 5009 (96)
239 4941 374 4997 Observa
389 4957 448 4996 non
464 4941 563 4997 dicere
580 4943 714 4996 sanctum
739 4940 891 4996 doctorem
907 4938 967 5012 legi
1022 4939 1209 5007 impositione
1220 4952 1358 4991 manuum
1369 4938 1734 5008 suarumsacratumdicit,
1744 4939 1854 4995 Medio·

132 5016 254 5084 peccata
270 5029 324 5083 per
339 5014 548 5080 extrinsecam,
565 5017 596 5067 ut
612 5012 783 5068 calvinistis
797 5012 910 5079 volunt,
923 5011 969 5082 J'u·
1022 5011 1172 5064 lunensem
1184 5008 1323 5061 clericum
1344 5007 1440 5061 fuisse
1455 5010 1528 5062 satis
1545 5009 1684 5064 declarat.
1697 5010 1853 5066 Postremo

133 5085 222 5140 stitiae
237 5083 349 5139 Christi
363 5085 594 5155 imputationem,
612 5084 666 5138 sed
680 5099 734 5154 per
753 5084 831 5139 bona
846 5097 968 5154 operae
1023 5081 1158 5136 eumdem
1182 5078 1268 5133 fidem
1289 5094 1373 5133 suam
1393 5082 1616 5135 demonstrasse
1635 5081 1665 5135 in
1686 5081 1852 5151 diaconatu,

155 5153 968 5228 ratuitaipsiusgraliapromanantiaQuamperpetuam
1024 5152 1151 5221 indeque
1165 5149 1202 5205 ad
1222 5149 1354 5204 altiorem
1374 5152 1548 5219 pervenisse
1568 5152 1691 5224 gradum
1711 5153 1854 5206 testifica-

133 5171 287 5282 bmbrosii
295 5226 537 5282 doctrinamesse
545 5226 631 5281 facile
639 5242 800 5298 agnosces,
809 5228 835 5279 si
854 5228 968 5280 buncce
1023 5228 1085 5291 tur,
1109 5221 1345 5293 quandoquidem
1368 5225 1398 5276 ut
1417 5238 1503 5293 quarn
1524 5223 1611 5277 tidem
1628 5223 1711 5293 prius
1725 5223 1755 5276 in
1772 5242 1783 5273 ι
1802 5220 1854 5274 mi·

134 5297 232 5354 lecum
243 5303 272 5351 et
282 5312 317 5352 ea
327 5314 395 5370 quae
405 5297 457 5353 lib.
469 5298 514 5352 Da
528 5297 593 5354 Nee
608 5305 638 5352 et
648 5302 740 5366 Arca,
754 5314 817 5368 cap.
830 5296 874 5364 9),
888 5312 967 5351 ιιιιιιι.
1024 5295 1148 5350 nisterio
1164 5308 1262 5362 sacro,
1280 5315 1291 5340 ι
1313 5293 1343 5346 id
1362 5296 1409 5347 est
1424 5294 1590 5362 diaconatu,
1607 5309 1669 5364 pras
1686 5308 1720 5348 se
1736 5292 1853 5362 tulerat,

136 5369 198 5438 fl'l,
215 5385 331 5425 necnon
350 5369 437 5442 Apol.
459 5368 566 5424 flavio.
584 5367 970 5438 cap.18,num.li⁸t,olque
1025 5380 1089 5420 enm
1105 5379 1222 5436 quoque
1236 5365 1266 5419 in
1284 5387 1295 5412 ι
1312 5363 1367 5419 hoc
1385 5365 1479 5436 gradu
1496 5387 1506 5413 a
1524 5381 1582 5436 quo
1604 5369 1673 5418 tunc
1695 5361 1854 5433 eminebat,

135 5439 206 5497 alibi
227 5441 258 5495 in
287 5442 423 5497 eumdem
452 5455 574 5496 sensum
605 5441 805 5509 disseruntur,
831 5439 908 5494 inter
935 5453 969 5493 se
1026 5437 1103 5491 haud
1115 5437 1203 5491 dubie
1214 5435 1382 5490 sacerdotio
1396 5437 1545 5504 exhibeat,
1562 5435 1599 5489 ab
1615 5449 1650 5489 eo
1664 5435 1711 5490 exi
1736 5433 1803 5487 itur.
1820 5430 1858 5487 Ε)

137 5512 288 5567 conferas.
1026 5508 1095 5563 hinc
1106 5507 1308 5578 conjecturam
1320 5522 1378 5562 non
1387 5506 1593 5572 levemducas,
1604 5505 1700 5575 ipsum
1754 5502 1857 5559 clasiae

170 5582 229 5654 (9))
244 5583 331 5639 Rom.
352 5583 434 5654 edit„
452 5606 463 5633 ι
482 5582 647 5657 impietates
663 5582 700 5637 ud
714 5579 968 5651 misericordiam
1027 5578 1195 5651 cuiuspiam
1215 5582 1299 5634 extra
1318 5579 1515 5633 Mediolanum
1534 5575 1639 5646 positas
1658 5573 1796 5647 regimini
1819 5572 1858 5632 ab

137 5669 172 5711 eo
209 5653 280 5725 uod,
294 5658 381 5711 etc.»
1027 5650 1187 5706 Ambrosio
1202 5652 1306 5706 nostro
1321 5650 1417 5705 tuisse
1432 5647 1615 5720 prefectum.

181 5668 228 5803 3¹⁸)
242 5725 437 5788 Nonnullam
452 5726 546 5806 hujus
561 5724 695 5802 epistolae
715 5723 827 5783 edeam
842 5723 971 5784 Ambro-
1063 5721 1120 5800 (99)
1137 5723 1222 5780 llam.
1239 5721 1309 5781 adit.
1327 5720 1400 5795 sola,
1420 5741 1430 5770 ι
1449 5731 1617 5776 sermenem
1633 5716 1828 5777 confecimus.
1845 5739 1858 5775 ι
