3900 6128
52 260 93 338 94
541 268 599 341 DE
621 272 802 340 OFFICIIS
822 268 1129 345 Mirtsrttoauot
1151 274 1279 349 LIBER
1297 274 1336 347 11.
1758 290 1800 361 98

52 474 82 529 iu
96 472 233 546 siugulis
247 473 353 530 mundi
368 474 503 546 partibus
517 475 662 548 elucebat,
669 475 898 534 inuniveraitate
912 461 942 524 Α
957 477 1112 550 habemus,
1128 481 1159 536 iu
1175 497 1233 554 quo
1244 497 1301 538 nos
1310 484 1463 554 possimus
1478 502 1633 546 excusare.
1644 488 1720 548 Nam
1731 493 1798 551 etsi·

53 560 253 633 resplcnduit,
280 563 360 619 sieut
380 564 486 635 probat
505 563 665 637 Sapientia,
690 566 900 640 dicens:qu
929 616 932 621 .
956 569 1003 625 vis
1019 569 1155 641 quaedam
1180 572 1292 627 naturae
1315 572 1345 627 iu
1371 575 1450 629 omni
1476 577 1604 647 appetitu
1619 579 1676 651 eit,
1699 584 1797 639 amen

52 651 191 707 erameui
200 650 438 724 applaudebat...
449 653 901 727 cumlaetareturorbeperlecto
955 656 1034 713 idem
1048 659 1195 730 appetitus
1211 661 1317 715 rationi
1329 661 1385 731 (52)
1401 661 1558 734 subjectus
1574 670 1620 722 est
1633 668 1692 742 legi
1709 673 1797 728 netu-

52 740 153 808 (Pror.
185 757 255 809 vrri,
277 740 325 812 80,
347 741 405 811 34).
426 742 567 798 Similiter
589 758 661 816 ergo
685 747 713 798 et
736 744 767 798 in
791 743 903 800 tabrioa
955 762 997 801 rae
1013 747 1120 818 ipsius,
1138 751 1166 803 ct
1181 749 1281 804 obedit
1296 750 1333 805 ei.
1351 750 1437 806 Unde
1453 751 1524 808 boui
1540 757 1734 825 speculatoris
1750 758 1798 815 est

52 828 172 885 bomani
196 831 341 901 eorporis
356 833 441 903 grata
460 836 506 889 est
521 831 762 906 uniuscujusque
777 833 903 888 membri
954 835 994 890 ita
1004 837 1191 907 praetendere
1207 838 1315 907 animo,
1332 841 1363 893 ut
1378 841 1526 911 appetitus
1542 857 1638 914 neque
1661 862 1796 916 praecur-

51 917 143 990 portio
160 938 171 972 .·
189 919 248 973 sed
265 918 335 990 plus
351 919 552 975 incommune
568 921 744 991 compositio
760 921 903 978 membro·
954 927 1000 979 rat
1015 925 1168 996 rationem,
1185 941 1283 998 neque
1301 927 1436 999 deserat3
1452 944 1490 984 ue
1505 934 1715 1002 praecurrendo
1730 951 1796 1007 per·

50 1022 109 1062 rou
123 1009 199 1076 apta
215 1006 359 1081 delectat,
374 1009 454 1080 quod
470 1009 508 1064 ita
520 1007 578 1064 sibi
590 1009 736 1081 quadrare
751 1012 780 1065 et
794 1025 902 1067 conve·
954 1012 1053 1068 turbet
1068 1015 1156 1085 atque
1171 1015 1318 1086 excludat,
1328 1031 1452 1090 eamque
1467 1019 1634 1077 deserendo
1645 1021 1796 1081 destituat.

52 1095 107 1151 nire
121 1094 303 1152 videantur.
954 1100 1140 1158 Perturbatio
1148 1103 1224 1159 tollit
1234 1106 1438 1170 constantiam.
1450 1106 1600 1164 destitutio
1610 1108 1708 1181 prodit
1717 1110 1798 1185 igna-

355 1219 483 1278 CAPUT
500 1221 616 1279 XLVII·
953 1189 1043 1261 aiam,
1065 1194 1188 1247 accusat
1208 1193 1369 1266 pigritiam.
1394 1194 1569 1252 Perturbata
1594 1197 1672 1254 enim
1699 1203 1797 1257 mente

954 1278 1042 1335 latius
1057 1296 1091 1336 se
1115 1296 1149 1335 ac
1171 1281 1292 1355 longius
1314 1283 1409 1339 tundit
1423 1285 1580 1357 appetitus,
1606 1290 1635 1342 et
1657 1290 1797 1361 tanquam

954 1364 1075 1424 efferato
1092 1369 1204 1441 impetu
1226 1370 1328 1427 frenos
1356 1373 1480 1430 rationis
1504 1389 1564 1430 nou
1579 1374 1715 1448 suscipit,
1741 1392 1797 1434 uec

955 1456 1015 1511 ulla
1039 1458 1128 1513 sentit
1142 1459 1255 1534 aurigae
1276 1460 1487 1533 moderamine,
1504 1462 1614 1535 quibus
1636 1465 1733 1537 possit
1746 1480 1796 1522 re-

956 1545 1044 1600 flecti.
1055 1546 1141 1603 Unde
1154 1547 1328 1621 plerumque
1344 1566 1403 1606 uon
1421 1550 1518 1606 solum
1534 1552 1650 1609 animus
1665 1554 1796 1628 exagita-

57 1324 128 1383 urm
142 1327 210 1383 rita
228 1331 337 1384 nostra
352 1327 468 1385 eluceat
481 1328 622 1385 decorum
638 1329 722 1397 illud,
735 1330 806 1403 quid
818 1347 901 1404 pra-

76 1403 157 1454 etura
174 1414 236 1454 noe
251 1401 674 1473 oporteat,quosvcappetitus
684 1401 871 1458 refrenare?

81 1486 142 1542 tet.
164 1485 202 1543 Si
218 1488 293 1561 quis
308 1488 404 1561 igitur
417 1487 644 1561 aequabilitatem
654 1491 805 1547 universae
819 1491 899 1563 vitae,

56 1576 816 1740 atmfflzzwziffiuffiffiffisffig'gggffilm
827 1596 900 1725 Ἐξ
956 1638 1013 1704 tur,
1032 1635 1173 1690 amittitur
1193 1637 1267 1692 ratio
1297 1636 1374 1709 (53);
1403 1639 1457 1694 sed
1485 1641 1572 1696 etiam
1600 1642 1797 1702 inflammatur

58 1706 304 1828 ,eguonemquo
318 1755 476 1825 modia,
498 1756 529 1810 in
548 1755 616 1828 ejus
631 1756 691 1812 vita
704 1711 846 1813 decoram
860 1758 898 1813 ss·
912 1780 939 1845 B
953 1721 1066 1794 vultus,
1082 1722 1129 1779 vel
1146 1724 1308 1790 iracundia,
1319 1725 1366 1782 vel
1380 1726 1502 1784 libidine
1514 1744 1519 1783 :
1530 1728 1665 1800 pallescit
1679 1731 1794 1807 timore,

56 1842 103 1912 lud.
113 1842 246 1900 excelli,
261 1847 292 1900 οι
306 1845 394 1917 quasi
404 1844 434 1900 in
449 1843 576 1917 quodam
592 1845 716 1918 speculo
727 1847 822 1902 effice,
831 1847 895 1919 (45).
955 1812 1103 1883 voluptate
1117 1828 1151 1868 se
1166 1829 1225 1868 non
1241 1815 1327 1885 capit,
1344 1819 1372 1870 et
1383 1816 1472 1871 nimia
1487 1817 1578 1890 gestit
1589 1817 1699 1875 laetitia.

80 1932 143 1988 ἧς.
167 1932 308 1988 med„
332 1936 429 1988 ,amen
453 1933 557 1989 suavis
576 1949 686 2006 sermo,
709 1937 741 1990 u,
760 1936 898 1992 concilio,
989 1899 1052 1955 ere.
1074 1901 1146 1956 Haec
1161 1917 1228 1957 cum
1243 1903 1326 1975 tiuut,
1344 1903 1483 1976 abjicitur
1496 1905 1546 1961 illa
1556 1909 1699 1965 naturalis
1710 1925 1795 1981 qute-

956 1989 1022 2044 dam
1038 2005 1165 2045 censura
1180 1991 1248 2062 (54),
1268 1993 1460 2066 gravitasque
1478 2011 1612 2053 morum:
1629 2013 1685 2053 nee
1700 1999 1795 2055 teneri

955 2080 1053 2151 potest
1077 2078 1127 2133 illa
1140 2096 1208 2152 qua
1232 2081 1261 2135 iu
1276 2081 1368 2137 rebus
1384 2084 1527 2154 gerendis
1548 2087 1636 2157 atque
1659 2086 1795 2142 consiliis

955 2166 1018 2221 sola
1034 2169 1132 2238 potest
1146 2169 1348 2224 auctoritatem
1364 2185 1460 2243 euam,
1470 2175 1558 2244 atque
1573 2173 1644 2229 illud
1653 2175 1731 2248 quod
1741 2175 1794 2232 de·

956 2258 1021 2311 eeat
1035 2259 1146 2327 tenere,
1165 2259 1340 2313 constantia.

989 2344 1052 2400 490.
1073 2344 1198 2401 Gravior
1212 2348 1308 2401 autem
1324 2347 1470 2418 appetitus
1481 2363 1519 2403 ex
1533 2348 1734 2422 indignatione
1749 2349 1794 2405 ui-

952 2432 1011 2489 mia
1026 2434 1175 2505 nascitur,
1199 2449 1287 2506 quam
1311 2438 1441 2507 acceptae
1460 2436 1634 2510 plerumque
1658 2441 1794 2496 accendit

54 2020 103 2077 sbi
113 2019 264 2078 affectum
279 2021 462 2077 audientium
476 2021 544 2094 (46),
555 2025 730 2096 gratumque
745 2040 779 2080 se
794 2023 841 2081 vel
856 2025 899 2081 la·

54 2109 231 2180 mitioribus,
248 2109 298 2165 vel
313 2111 442 2180 civibus,
456 2110 515 2182 vel,
527 2110 554 2166 si
570 2110 635 2166 fieri
645 2114 899 2184 potest,omuibus

54 2199 194 2271 praebeat.
214 2199 325 2273 Neque
344 2199 512 2255 adulantem
531 2215 575 2271 se,
599 2215 696 2272 neque
724 2200 902 2258 adulandum

56 2290 193 2362 cuiquam
203 2289 345 2361 exibeat,
361 2289 486 2345 alterum
500 2289 577 2345 enim
592 2289 760 2346 calliditatis
776 2294 832 2363 est,
848 2308 902 2347 aa·

55 2376 152 2433 uitatis
168 2376 312 2434 alterum.

83 2465 150 2524 226.
172 2467 247 2523 Non
270 2465 417 2537 despiciat
439 2465 510 2539 quid
531 2466 568 2522 de
593 2483 627 2524 se
642 2468 849 2541 uuusquisque
873 2473 902 2526 et
954 2521 995 2536 ,,
1037 2523 1042 2534 ,
1433 2525 1439 2537 ,
1641 2526 1647 2539 .
1763 2527 1770 2541 ,

55 2555 249 2613 mimmii„
270 2556 400 2628 emimus
419 2555 528 2611 semia,
547 2556 689 2628 “mmo
716 2557 794 2613 enim
813 2559 900 2617 modo
952 2538 1071 2595 iniuriae
1087 2522 1298 2593 dolortbti).De
1313 2540 1372 2597 quo
1384 2529 1458 2581 satis
1472 2541 1529 2581 nos
1542 2527 1649 2597 psalmi
1664 2543 1792 2599 quemm

55 2644 139 2701 discit
158 2644 257 2701 bonis
279 2644 397 2701 deterre
421 2645 628 2700 reverentiam.
650 2644 726 2701 Nam
747 2645 901 2721 negligere
952 2611 1125 2683 mmmm
1144 2612 1301 2683 p⁰⁸⁰imu⁸
1326 2614 1404 2685 (αφ’
1421 2631 1452 2684 ¹¹'
1470 2614 1496 2685 θ’
1511 2614 1711 2717 iitpraeoepta,
1731 2615 1794 2718 5⁰⁸2

953 2703 1064 2756 truunt.
1080 2700 1208 2756 Pulchre
1225 2703 1322 2757 autem
1346 2704 1374 2756 et
1392 2700 1450 2757 hoe
1464 2702 1581 2774 accidit,
1597 2706 1627 2759 ut
1652 2706 1793 2776 scripturi

953 2788 989 2845 de
1004 2788 1128 2861 Olflciis,
1138 2804 1173 2844 ea
1183 2788 1367 2860 praelationis
1383 2793 1495 2847 nostrae
1509 2793 1677 2848 assertione
1696 2794 1793 2849 utere·

953 2893 1020 2934 mur
1034 2894 1100 2950 quae
1116 2882 1144 2933 et
1159 2878 1224 2950 ipsa
1239 2879 1276 2933 ad
1291 2878 1383 2934 oflicii
1402 2879 1606 2952 magisterium
1620 2882 1791 2951 pertineret.

989 2966 1052 3023 eoi.
1068 2965 1127 3023 Sed
1140 2967 1209 3040 quia
1223 2982 1313 3039 supra
1322 2967 1389 3038 (56),
1399 2970 1430 3023 ut
1440 2967 1601 3040 oportebat,
1618 2969 1793 3044 perstriuxi·

955 3072 1022 3113 mus
1037 3055 1282 3128 quemadmodum
1297 3055 1504 3128 unusquisque
1520 3073 1626 3114 cavere
1644 3058 1741 3130 possit
1755 3074 1792 3116 ue

955 3148 1101 3203 excitetur
1115 3148 1235 3216 accepte
1250 3144 1370 3216 injuria,
1379 3149 1518 3201 verentes
1526 3162 1563 3202 ue
1578 3147 1711 3218 praelatio
1720 3164 1792 3220 pro-

954 3234 1044 3291 lixior
1058 3233 1150 3305 tieret,
1168 3249 1246 3289 nuno
1257 3233 1293 3289 de
1304 3249 1339 3289 eo
1354 3233 1478 3290 uberius
1492 3234 1700 3306 disputandum
1710 3235 1792 3291 arbi·

953 3326 1024 3379 tror.
1052 3323 1151 3378 Locus
1176 3322 1254 3377 enim
1270 3325 1453 3393 opportunus
1475 3326 1531 3391 est,
1554 3325 1585 3378 ut
1608 3323 1791 3394 inpartibus

952 3411 1153 3483 temperantis
1182 3410 1316 3466 dicamus
1341 3411 1588 3483 quemadmodum
1615 3412 1792 3485 reprimatur

952 3499 1116 3556 iracundia.

55 2733 201 2791 bonorum
215 2733 353 2807 judicia,
368 2734 415 2790 vel
438 2734 616 2808 arrogantiae
630 2735 679 2790 vel
695 2734 901 2806 dissolutionis

56 2827 96 2879 eet
110 2840 119 2879 :
135 2822 408 2897 quorumalterum
423 2821 572 2895 superbire
587 2822 757 2897 ascribitur,
777 2823 902 2883 alterum

58 2912 263 2987 negligentiae.

85 3001 146 3058 m.
157 3001 276 3058 Caveat
291 3001 379 3057 etiam
395 3005 493 3058 motus
507 3002 597 3058 animi
608 3003 654 3059 sui
670 3002 736 3075 (t8t3
747 3003 900 3075 ipseenim

60 3088 110 3147 tibi
123 3094 154 3146 et
170 3089 388 3147 observandus
403 3094 432 3146 et
442 3090 728 3163 circumspiciendus
744 3095 790 3149 est
806 3096 854 3149 :et
867 3082 940 3150 utc

59 3179 217 3235 advenum
242 3194 279 3234 se
300 3179 463 3248 carendus,
479 3179 517 3234 ita
539 3181 625 3235 etiam
645 3181 681 3236 de
705 3196 739 3236 se
757 3181 896 3239 tuendus.

58 3266 125 3324 Sunt
137 3268 224 3325 eninr
239 3271 352 3337 motus,
367 3267 399 3323 in
420 3267 530 3339 quibus
544 3272 591 3323 est
609 3269 756 3340 appetitus
771 3269 831 3341 ille,
847 3273 899 3343 qui

58 3358 140 3430 quasi
153 3357 291 3431 quodam
301 3357 467 3428 prorumpit
476 3356 585 3427 impetu
598 3373 606 3427 ς
621 3356 811 3415 unchraeee
836 3365 901 3442 ὁρμὴ

60 3440 162 3497 dicitur
175 3440 261 3514 quod
278 3441 308 3495 ui
332 3440 459 3512 quadem
483 3456 517 3495 se
541 3443 661 3512 repente
676 3441 733 3513 (49)
748 3442 900 3513 proripiat.

61 3524 901 3603 Noumedioerisinbievr'equaedamanimiatquenaturae
1234 3586 1362 3644 CAPUT
1380 3587 1496 3643 XLVIII

62 3622 111 3673 “L
124 3616 200 3685 Quo
215 3620 318 3718 mim
339 3617 387 3672 Vis
400 3617 526 3717 imina
544 3621 606 3689 ‘m'
628 3633 686 3719 una
701 3618 732 3674 in
753 3620 900 3691 appetitu'
953 3677 998 3736 Re
1019 3679 1092 3735 ctito
1109 3692 1171 3733 com
1193 3676 1329 3734 esceudae
1346 3676 1511 3733 iracundiae
1526 3692 1562 3733 ar
1584 3683 1700 3734 umento
1728 3683 1793 3734 tres

61 3705 141 3763 ‘um
154 3724 188 3763 ω
209 3708 447 3777 mmmmm
465 3722 531 3779 ΨΜ
547 3709 708 3779 appmum
723 3707 903 3780 mmmm
989 3696 1090 3805 ‹iitrum
1121 3749 1150 3803 ui
1171 3694 1623 3821 caesariaturinjuriis,ordrires
1637 3720 1792 3821 expiicau·

61 3795 112 3851 ‘ibi
130 3795 330 3852 ⁰b⁰di0¹¹i⁰ffl
353 3797 490 3867 9¹¹oest
516 3797 545 3850 0²
570 3794 657 3851 (¹⁰⁰¹st
680 3812 739 3868 (11¹⁰
763 3796 834 3853 velit
850 3812 856 3852 ³
874 3798 903 3853 ⁰²
988 3828 1085 3887 tur,·a
1123 3836 1242 3892 quorum
1254 3819 1508 3891 perfectissimum
1518 3819 1792 3892 Apostolusaclla·
1872 3852 1874 3857 ·

60 3886 193 3958 tauquam
209 3883 319 3940 sedulo
334 3883 507 3957 magisterio
522 3883 646 3940 edoceat
660 3885 731 3957 quid
746 3884 821 3955 fleri,
831 3885 903 3957 quid
990 3892 1040 3946 vid
1057 3890 1198 3945 dicuutur
1209 3892 1390 3962 pervenisse
1402 3905 1408 3946 :
1422 3890 1473 3945 ubi
1492 3905 1531 3945 ex
1547 3893 1791 3964 occasioneque-

61 3974 156 4030 uiuri
165 3975 320 4045 optimi,
331 3971 459 4028 utbonae
473 3970 619 4028 domitrici
635 3972 691 4044 (50)
708 3972 898 4044 obtemperat.
987 3963 1053 4018 dam
1069 3962 1157 4034 tuqus
1171 3976 1205 4016 ac
1220 3961 1330 4016 futurae
1344 3962 1413 4015 vite
1429 3961 1589 4016 truduntur
1603 3962 1790 4018 discrimina.

88 4060 147 4120 m,
169 4061 304 4119 Solliciti
319 4060 398 4118 enim
414 4060 558 4117 debemus
568 4074 648 4132 esso,
658 4078 695 4116 ne
710 4061 900 4134 quiitemera
987 4049 1050 4106 232.
1071 4049 1140 4104 Tria
1156 4049 1253 4122 itaque
1268 4064 1378 4123 genera
1394 4063 1463 4105 esse
1478 4050 1631 4107 hominum
1652 4050 1792 4123 injuriam

59 4158 99 4209 tut
111 4151 274 4209 incuriose
287 4164 430 4223 &ramus
444 4149 500 4217 (54)
515 4154 565 4204 aut
583 4150 744 4223 quidquam
759 4150 803 4213 61
835 4165 899 4206 om·
951 4138 1161 4210 accipientium
1176 4139 1206 4192 iu
1221 4137 1382 4210 Scripturis
1397 4137 1507 4194 divinis
1521 4139 1726 4196 demonstrare
1735 4154 1792 4196 ro·

62 4231 123 4289 aino
132 4231 230 4306 eujus
240 4230 426 4303 probabilem
439 4247 499 4288 nou
513 4230 667 4302 possimus
679 4229 822 4285 rationem
832 4229 899 4285 red·
951 4229 1060 4297 tumus,
1071 4228 1098 4283 si
1114 4243 1289 4298 possumus.
1305 4226 1403 4282 Unum
1418 4230 1465 4283 est
1477 4242 1579 4284 eorum
1595 4228 1705 4301 quibus
1719 4243 1792 4300 pee-

57 4318 130 4378 em.
146 4322 251 4377 Actus
266 4320 345 4375 enim
365 4320 460 4376 nostri
482 4335 584 4390 causa,
600 4318 656 4374 etsi
681 4332 741 4373 uon
759 4317 897 4374 omnibus
952 4321 1034 4373 cator
1058 4315 1188 4383 insultat,
1215 4315 1408 4385 conviciatur,
1424 4316 1566 4389 inequitat
1580 4315 1647 4388 (57).
1667 4317 1708 4373 Iis
1721 4317 1792 4389 quia

57 4410 198 4466 redditur.
213 4413 317 4465 umen
331 4407 368 4463 ab
384 4408 523 4466 omnibus
537 4408 731 4474 examinatur.
747 4406 811 4462 Nec
825 4422 897 4463 vero
911 4389 938 4453 D
952 4405 1038 4462 deest
1050 4404 1176 4477 iustitia,
1192 4405 1289 4475 pudor
1303 4405 1422 4475 erescit,
1434 4408 1560 4480 augetur
1573 4405 1667 4461 dolor.
1677 4404 1791 4460 Horum

84 4552 141 4613 tt5i
161 4552 228 4608 Cic.
249 4549 336 4606 oruc.
352 4549 404 4607 lib.
420 4569 441 4621 r,
452 4567 521 4624 pag.
532 4551 595 4620 tot,
608 4549 659 4605 liu.
675 4547 710 4606 33
727 4564 760 4605 τι
776 4548 825 4606 Sic
841 4549 898 4605 hoc
989 4546 1045 4618 (te)
1055 4547 1117 4603 Cic.
1133 4545 1208 4601 lib.1
1225 4544 1321 4616 oruc,
1337 4545 1436 4601 limi:
1455 4567 1467 4593 r
1484 4544 1680 4601 Eillcieudum
1694 4546 1791 4599 autem

59 4622 198 4679 iecorum
236 4622 296 4677 uod
307 4621 405 4677 elucet
418 4624 449 4678 in
464 4625 533 4692 vite,
550 4624 658 4688 movet,
674 4644 685 4669 ι
699 4622 755 4676 ete.
952 4622 1042 4674 estut
1056 4617 1203 4699 appetitus
1218 4618 1323 4672 rationi
1337 4615 1484 4685 obediant,
1504 4637 1515 4665 i
1533 4617 1589 4698 ete.
1801 4675 1806 4683 ,

86 4694 145 4764 itt>
162 4638 257 4761 toti,
271 4706 339 4817 pag.
355 4693 418 4761 370,
435 4693 487 4749 lin.
503 4694 530 4750 3.
548 4713 561 4744 ι
582 4692 767 4774 Maximeque
791 4706 899 4746 curan·
988 4689 1045 4772 (53)
1060 4689 1145 4755 thiu,
1159 4703 1231 4813 pag.
1246 4687 1309 4757 365,
1326 4686 1377 4741 lin.
1392 4687 1426 4767 6¹:
1440 4706 1451 4737 ι
1468 4687 1494 4740 A
1508 4686 1618 4756 quibus
1629 4701 1688 4769 uon
1702 4684 1791 4743 modo

57 4763 132 4833 dum,
147 4780 207 4820 eos
222 4765 276 4835 qui
298 4779 404 4819 uacum
419 4779 588 4821 sermonem
606 4761 787 4818 conterimus
801 4765 831 4818 et
846 4777 899 4817 ve·
951 4775 1042 4815 animi
1056 4761 1159 4831 portur
1180 4761 1277 4827 antur,
1297 4757 1352 4812 sed
1379 4758 1466 4811 etiam
1489 4770 1623 4827 corpora.
1641 4758 1724 4814 Licet
1739 4772 1791 4814 ora

58 4838 111 4891 reri
127 4841 160 4891 et
176 4834 307 4906 diligere
317 4834 505 4892 videamur.»
950 4831 1168 4902 ipsecernere,
1188 4851 1199 4876 r
1216 4833 1272 4883 ete.
1498 4898 1504 4909 ι
1562 4899 1568 4911 ι
1748 4899 1755 4912 Ο

88 4906 148 4975 itt,
160 4904 405 4977 ibid.,peg.bbt,
422 4906 474 4961 lin.
489 4906 525 4961 85
541 4921 578 4962 :a
594 4903 770 4959 Adhibenda
784 4904 831 4959 est
842 4903 900 4975 igi·
986 4901 1042 4971 (54)
1057 4901 1143 4971 lbiu,
1160 4899 1211 4982 tiu.
1229 4898 1260 4953 ll
1279 4913 1285 4953 :
1304 4896 1436 4981 alteque
1457 4912 1536 4953 euim
1560 4902 1600 4955 ita
1624 4902 1792 4973 generati...

57 4980 103 5031 tur
114 4976 261 5049 quaedam
270 4975 435 5032 reverentia
450 4977 596 5033 adversus
611 4975 758 5045 hominos,
778 4995 790 5024 ι
807 4978 864 5030 etc.
951 4971 1007 5028 sed
1021 4972 1058 5026 ad
1073 4972 1262 5027 severitatem
1276 4971 1386 5051 potius,
1405 4991 1416 5016 n
1435 4971 1492 5024 etc.

90 5047 149 5115 ite,
170 5046 261 5115 lbid.,
272 5062 341 5118 pag.
357 5046 478 5119 taurin.
493 5046 528 5103 44
544 5062 551 5102 :
566 5069 577 5095 α
594 5045 699 5117 Neque
714 5046 792 5100 enim
804 5045 901 5100 solum
988 5044 1047 5112 (55)
1066 5042 1152 5113 lbid.,
1169 5056 1236 5113 pag.
1251 5039 1313 5109 ³70,
1331 5039 1383 5094 lin.
1398 5039 1474 5095 122.
1495 5041 1619 5097 Rectum
1636 5045 1682 5098 est
1696 5044 1795 5123 autem

149 5118 232 5173 ris...
249 5117 305 5174 sed
319 5117 410 5174 multo
425 5119 513 5173 etiam
527 5118 625 5190 magis
640 5116 741 5187 animi,
760 5139 771 5166 ι
789 5119 846 5172 ete.
955 5115 1042 5170 etiam
1063 5113 1093 5168 iu
1115 5113 1177 5167 illis
1200 5109 1439 5167 contentionibus
1457 5126 1524 5184 quaa
1539 5127 1607 5167 eum
1623 5114 1794 5169 inimicissi-

57 5132 149 5255 a&
170 5189 249 5243 tiss.
264 5188 387 5260 aliquot,
406 5189 437 5243 ri
447 5189 731 5263 quodamserpcute.
955 5186 1012 5240 mis
1027 5184 1111 5254 flunt,
1131 5207 1142 5232 υ
1155 5186 1212 5265 etc,
1316 5253 1322 5266 1
1787 5252 1790 5259 ,

91 5261 151 5327 (50)
171 5260 285 5315 Omnes
299 5259 368 5314 edit.
383 5275 418 5314 ac
433 5274 507 5315 mss.
534 5258 647 5332 aliquot
662 5263 692 5313 ut
709 5257 794 5313 bonae
810 5256 902 5311 donii-
989 5254 1045 5326 (55)
1065 5255 1097 5310 ln
1112 5269 1260 5326 superior,
1276 5253 1346 5311 edit·
1369 5252 1427 5309 hoe
1451 5257 1513 5310 erat
1536 5260 1651 5311 initium
1667 5270 1732 5329 cap.
1747 5251 1793 5328 48,

61 5331 182 5398 nutrici,
195 5331 247 5386 alii
260 5330 363 5403 plures
372 5331 573 5403 potioresque,
587 5335 617 5384 ut
635 5328 720 5384 beura
739 5327 900 5385 domitrici.
955 5326 1010 5383 sed
1025 5325 1222 5382 incommode.
1371 5394 1376 5406 Ι
1401 5395 1406 5407 ¹
1486 5395 1492 5408 .

60 5403 167 5473 aptius
182 5401 214 5457 id
228 5401 368 5474 quidem3
384 5404 509 5458 misrior
518 5401 596 5458 enim
610 5400 649 5455 ad
664 5399 903 5472 superiora,quee
992 5396 1048 5468 (5Ἲ)
1064 5396 1138 5453 Mes.
1156 5397 1276 5478 aliquot,
1288 5395 1614 5479 oouyicratorrutquue:
1625 5411 1714 5480 uuus,
1724 5408 1797 5480 ceu·

148 5478 226 5528 itum
240 5471 390 5537 restaret,
405 5475 463 5529 eto.
959 5469 1087 5525 viciator
1099 5468 1288 5543 iniquitatis:
1304 5463 1353 5521 alu
1368 5480 1428 5521 uon
1441 5471 1798 5549 pauc1,conrrciaturrar·

62 5478 154 5613 *iiii
170 5541 238 5601 Cio.
255 5541 341 5601 otto.
355 5540 408 5601 lib.
426 5558 438 5601 1
529 5541 606 5602 eut
630 5540 683 5601 lin.
699 5539 753 5600 te:
771 5559 783 5595 a
800 5538 904 5598 Omnis
977 5541 1055 5598 uitas
1075 5554 1082 5596 τ
1100 5539 1138 5596 ali
1160 5539 1190 5595 ui
1206 5536 1315 5595 etedit.
1334 5536 1468 5610 Amerb„
1487 5539 1675 5596 conviciatur
1688 5539 1797 5607 iniqui·

62 5616 378 5677 meeum
394 5556 581 5680 adarim
1140 5556 1164 5668 (i

63 5686 112 5768 fi,
158 5689 222 5753 aa.
581 5582 667 5679 'iim
689 5616 719 5676 ⁰⁸
744 5611 904 5692 ”⁰8¹5802·
991 5616 1020 5670 te
1031 5630 1041 5669 .·
1051 5626 1153 5670 nonuu
1165 5611 1196 5668 li.
1212 5624 1247 5666 ao
1260 5606 1335 5666 Erae
1349 5609 1379 5664 et
1392 5607 1462 5679 ou..
1472 5608 1668 5679 oouuciatur,
1681 5603 1795 5678 iuquie-

129 5710 143 5741 ι

957 5686 1024 5747 at:
1042 5681 1112 5762 duo,
1136 5681 1331 5758 courioiatur,
1351 5677 1530 5759 imunitates
1546 5677 1655 5740 incitat
1669 5693 1681 5736 r
1694 5668 1796 5743 osted
