3900 6128
105 338 147 402 47
835 331 868 393 s,
890 328 1112 395 AMBROSII.
1791 332 1833 396 48

27 543 30 549 '
109 535 298 602 senioribus,
322 531 486 587 castitatem
512 530 598 602 tueri,
623 531 669 594 19
702 545 762 585 ιιοιι
785 529 939 600 aspernari
952 511 982 575 Α
996 529 1046 585 bat
1061 529 1091 584 iu
1114 528 1255 600 periculis
1270 527 1422 600 Suzanna,
1439 532 1467 584 et
1482 529 1604 602 gravius
1618 531 1828 602 verecundiae,

106 632 310 702 humilitatem,
328 629 453 702 diligere
468 629 653 684 clementiam
668 643 703 682 ac
718 627 938 698 verecundiam,

107 737 174 793 quae
190 722 362 776 ornamento
379 721 449 774 sunt
464 718 570 773 minori
585 718 672 772 aetati.
689 717 728 771 Ut
747 716 869 772 enimin
890 731 940 770 se-

107 810 195 865 nibus
219 811 361 882 gravitas,
385 808 416 862 iu
427 807 591 879 juvenibus
606 807 758 876 alacritas3
771 807 809 860 ita
823 807 853 860 in
867 806 940 860 ado-

107 898 290 954 lescentibus
305 896 495 967 verecundia,
519 896 601 951 velut
619 895 744 968 quadam
770 895 836 950 dote
861 909 940 948 com·

107 988 263 1043 mandatur
277 991 400 1042 naturae.

143 1077 188 1132 lo.
205 1075 275 1131 Erat
288 1075 371 1131 Isaac
387 1074 543 1131 Dominum
557 1074 676 1145 timens,
694 1075 793 1144 utpote
811 1072 940 1127 Abrahae

108 1165 235 1235 indoles,
258 1163 396 1220 deierans
411 1164 486 1235 patri
507 1178 604 1235 usqua
628 1164 712 1232 adeo,
739 1164 771 1217 ιιι
794 1162 940 1217 adversus

107 1258 260 1326 paternam
272 1253 454 1308 voluntatem
468 1269 524 1307 nac
544 1254 668 1308 mortem
684 1254 837 1307 recusaret
851 1250 939 1321 (Gen.

109 1343 259 1414 xx11,9et
279 1344 368 1414 seq).
392 1341 506 1412 loseph
527 1358 646 1413 quoque
667 1357 734 1396 cum
759 1340 941 1396 somniasset

109 1433 187 1506 quod
204 1432 250 1488 sol
264 1433 293 1487 et
314 1432 383 1486 luna
399 1434 427 1486 ct
443 1430 537 1485 stellae
553 1430 711 1486 adorarent
735 1445 812 1498 eum,
837 1428 941 1484 sedulo

108 1527 206 1579 ιιιιιοιι
221 1522 367 1593 obsequio
382 1518 534 1575 deferebat
555 1519 629 1590 patri
647 1519 734 1589 (Gen.
750 1535 864 1588 xxxva,
880 1515 896 1572 6
913 1522 943 1572 et

110 1613 198 1685 seq).
216 1613 317 1666 castus
340 1611 378 1664 ita
401 1612 432 1664 ιιι
452 1624 489 1664 ne
504 1614 672 1664 sermonem
697 1607 816 1680 quidem
840 1606 942 1662 audire

110 1700 269 1758 velletnisi
281 1699 420 1770 pudicum
433 1697 572 1768 ,humilis
589 1713 684 1770 usque
703 1697 740 1753 ad
758 1696 941 1766 servitutem,

109 1789 297 1847 verecundus
320 1803 415 1860 usquc
439 1788 474 1841 ad
499 1786 618 1858 lugam,
643 1787 758 1857 paticus
785 1796 881 1857 usqne
905 1784 941 1839 ad

998 635 1085 690 quam
1100 620 1171 673 vitae
1183 619 1320 673 damnum
1336 618 1464 689 putabat,
1482 635 1537 674 nec
1549 619 1832 691 arbitrabaturperi·

997 708 1063 763 culo
1080 708 1202 778 pudoris
1211 707 1349 762 tuendam
1359 708 1494 763 salutem.
1511 709 1571 764 Deo
1582 710 1638 764 soli
1654 709 1832 780 loquebatur

995 797 1080 865 (Itan.
1094 814 1156 866 xrrr,
1172 795 1229 867 35),
1239 797 1286 852 cui
1299 800 1413 868 poterat
1428 798 1698 875 caslaverecundia
1710 799 1830 870 eloqui:

994 884 1162 956 refugiebat
1171 901 1222 941 ora
1233 886 1339 940 intueri
1350 887 1497 956 virorum,
1510 890 1556 941 est
1567 887 1644 941 enim
1653 890 1680 942 et
1692 888 1721 941 in
1734 887 1832 942 oculis

994 974 1184 1045 verecundia,
1202 977 1232 1029 ιιι
1248 991 1303 1029 nec
1318 975 1420 1030 videre
1436 975 1518 1030 viros
1534 975 1652 1046 femina,
1665 991 1720 1031 nec
1734 976 1832 1031 videri

994 1062 1075 1119 velit.

1030 1151 1073 1208 69.
1082 1153 1186 1225 Neque
1200 1154 1440 1226 veroquisquam
1455 1154 1550 1211 solius
1566 1155 1642 1209 hauc
1653 1155 1769 1210 laudem
1780 1156 1829 1221 20

995 1250 1138 1306 castitatis
1156 1253 1247 1322 putat.
1261 1250 1315 1306 Est
1331 1252 1409 1307 enim
1419 1253 1598 1307 verecundia
1613 1253 1761 1324 pudicitiae
1777 1269 1831 1309 co-

996 1355 1071 1410 mes,
1089 1339 1176 1411 cujus
1192 1339 1710 1412 societatecastitataipsatutiorest.
1727 1342 1829 1399 Bonus

995 1429 1074 1484 enim
1088 1429 1228 1501 regendae
1244 1430 1387 1485 castitatis
1408 1430 1504 1501 pudor
1518 1433 1565 1486 est
1589 1445 1690 1486 comes
1708 1446 1714 1487 :
1732 1432 1783 1504 qui
1802 1432 1830 1488 si

996 1534 1030 1573 se
1045 1519 1207 1588 praetendat
1220 1518 1257 1573 ad
1271 1534 1306 1573 ea
1325 1535 1392 1590 quae
1411 1520 1504 1590 prima
1519 1519 1650 1590 pericula
1668 1524 1738 1575 sunt
1752 1519 1832 1592 (79),

996 1609 1165 1679 pudicitiam
1180 1609 1318 1663 temerari
1329 1624 1388 1662 uon
1400 1609 1487 1663 sinat.
1504 1609 1560 1664 Hic
1575 1611 1688 1680 primus
1707 1610 1737 1664 in
1756 1611 1824 1680 ipso

997 1697 1175 1769 cognitionis
1200 1697 1351 1768 ingressu,
1376 1697 1491 1752 Domini
1503 1701 1624 1752 matrem
1647 1698 1835 1754 commendat

997 1785 1177 1858 legentibus,
1194 1789 1221 1841 et
1232 1788 1369 1856 tanquam
1379 1787 1466 1841 tostis
1478 1786 1622 1858 locuples,
1632 1787 1751 1860 dignam
1763 1804 1831 1860 quae

111 1895 271 1949 carcerem,
287 1877 432 1933 remissor
441 1875 560 1948 injuriae
575 1876 719 1948 usquead
734 1875 944 1931 remuneratio·
999 1875 1035 1930 ad
1050 1875 1106 1929 tale
1122 1890 1230 1930 munus
1255 1873 1424 1947 eligeretur,
1448 1877 1554 1930 astruit
1575 1891 1582 1932 :
1605 1877 1683 1947 quod
1699 1877 1730 1931 in
1745 1876 1832 1933 cubi-

110 1967 294 2039 remeatus
309 1970 387 2021 lanta
401 1966 581 2022 verecundia
604 1964 672 2035 fuit,
689 1967 721 2020 ut
745 1964 942 2035 comprehen-

110 2075 190 2115 susa
204 2057 338 2126 muliere,
348 2059 461 2111 vestem
471 2054 501 2109 in
513 2054 650 2110 manibus
661 2054 728 2128 eius
740 2053 859 2126 lugiens
870 2051 941 2108 mal-

109 2146 336 2218 lctrelinquere,
354 2159 443 2215 quam
462 2143 672 2198 verecundiam
687 2142 837 2213 deponere
853 2141 940 2211 (Gen.

110 2253 215 2307 xxxix,
241 2234 258 2289 8
283 2240 312 2288 et
330 2232 418 2303 scq.l.
443 2232 563 2302 lloyses
592 2247 710 2303 quoque
737 2235 765 2286 et
796 2230 941 2285 ieremias

111 2324 198 2382 electi
222 2321 389 2391 altamira,
414 2322 446 2375 ιιι
460 2320 578 2375 oracula
595 2320 649 2374 Dei
671 2319 868 2391 praedicarent
886 2335 942 2390 po·

110 2415 190 2486 pulo,
207 2411 286 2485 quod
300 2412 435 2481 poterant
457 2425 510 2480 per
534 2410 658 2482 gratiam
684 2409 868 2464 excusabant
890 2424 944 2480 per

110 2500 321 2560 verecundiam
337 2498 446 2570 (Erod.
462 2514 501 2565 vv,
520 2497 569 2568 l0;
587 2497 697 2554 darem.
715 2515 734 2568 r,
750 2496 789 2570 6).

401 2586 529 2642 CAPUT
548 2586 653 2642 xv111.

110 2677 301 2752 Departibus
309 2675 496 2732 verecundiae
508 2696 516 2730 :
527 2674 768 2747 quemadmodum
777 2690 943 2731 sermonem

148 2767 182 2806 ac
192 2749 343 2805 silentiam
354 2751 508 2827 temperet,
517 2747 691 2818 pudicitiam
702 2747 867 2812 comitetur,
877 2762 945 2818 pre-

148 2838 199 2877 ces
219 2825 338 2876 nestras
356 2818 412 2873 Dor
430 2818 623 2886 commendet,
642 2818 771 2872 motibus
790 2818 943 2889 corporeis

146 2893 321 2948 moderetur
329 2910 338 2955 ,·
351 2890 401 2944 ubi
411 2888 549 2943 refertur
558 2889 686 2943 tristoria
705 2889 742 2944 de
757 2889 871 2944 duobus
882 2888 943 2944 cla-

147 2964 224 3019 ricis
233 2963 395 3017 observatu
406 2960 526 3014 minime
536 2960 659 3032 indigna
672 2981 680 3014 :
692 2967 750 3014 tum
769 2959 944 3014 subnecitar

147 3052 204 3107 qua
215 3035 331 3088 ratione
342 3031 557 3102 componendus
567 3047 606 3085 ex
615 3031 716 3086 eadem
730 3033 841 3086 virtute
850 3032 944 3086 inces-

148 3123 208 3176 sue,
222 3111 371 3176 quantave
392 3103 534 3157 cautione
554 3102 627 3173 quid
637 3102 870 3157 inverecundam
890 3088 985 3157 oreC

143 3178 329 3251 proteratur,
342 3180 391 3229 ant
402 3173 560 3244 dctepatur
575 3175 606 3227 in
617 3189 749 3244 corpore,
774 3173 943 3228 adhibenda

147 3250 188 3304 sit
200 3266 207 3300 :
221 3255 251 3304 et
269 3248 332 3302 baec
351 3246 447 3301 ouiriia
459 3244 603 3317 exernplis
614 3245 845 3317 appositissimis
860 3245 944 3300 illus·

148 3327 277 3376 trantar.

147 3411 193 3467 67.
209 3408 336 3464 Pulchra
348 3407 439 3480 igitur
446 3407 541 3462 virtus
553 3404 609 3479 (77)
621 3403 864 3462 estverecundiae
874 3404 942 3479 (78),

111 3504 140 3557 et
154 3498 256 3556 suavis
265 3497 369 3568 gratia,
381 3512 447 3567 quae
458 3511 517 3551 non
529 3496 626 3551 solum
636 3495 771 3566 intactis,
787 3497 841 3550 sed
859 3495 946 3550 etiam

111 3590 142 3644 in
153 3588 228 3659 ipsis
245 3587 395 3657 spectatur
406 3584 612 3655 sermonibus3
634 3600 670 3640 ne
688 3584 807 3640 modum
821 3600 945 3656 progre-

111 3678 203 3733 diaris
221 3674 370 3746 loquendi,
387 3673 509 3745 nequid
527 3674 700 3729 indecorum
712 3689 810 3728 sermo
825 3676 946 3729 resonet

111 3769 192 3822 tuus.
209 3763 368 3835 Speculum
387 3762 464 3817 enim
479 3762 587 3816 mentis
601 3762 774 3834 plerumque
796 3764 827 3817 in
843 3763 943 3818 verbis

112 3853 250 3927 refulget.
276 3853 376 3923 lpsum
398 3851 482 3906 vocis
508 3867 614 3906 sonum
634 3852 721 3907 librat
734 3852 889 3919 modestia,
908 3867 944 3907 ne

113 3944 270 4016 cujusdam
286 3939 414 3996 offendat
436 3955 537 3995 aurem
551 3957 611 3995 vox
626 3940 739 3996 sortior.
761 3942 894 4014 Denique
914 3941 944 3996 in

111 4034 179 4105 ipso
205 4030 327 4086 cauendi
353 4045 464 4102 genere
485 4030 578 4099 prima
593 4029 750 4101 disciplina
765 4032 945 4086 verecundia

113 4126 159 4178 est
175 4138 181 4177 :
198 4122 255 4176 imo
271 4121 359 4175 etiam
373 4120 405 4173 in
427 4120 506 4173 omni
521 4135 579 4174 usu
601 4118 755 4191 loquendi,
777 4121 809 4173 ut
831 4120 944 4175 sensim

112 4212 181 4284 quis
203 4213 252 4264 aut
266 4208 404 4280 psallere,
421 4213 470 4262 aut
486 4225 602 4278 canere,
618 4211 668 4263 aut
689 4212 840 4279 postremo
863 4209 945 4281 loqui

111 4300 249 4372 incipiat,
265 4301 297 4353 ut
311 4298 479 4353 verecunda
494 4299 638 4368 principia
654 4297 859 4353 commendent
872 4314 943 4370 pro·

113 4405 245 4447 cessum.

1000 1964 1077 2033 culo,
1095 1965 1173 2035 quod
1190 1963 1264 2033 sola,
1283 1965 1362 2035 quod
1380 1964 1504 2018 salutata
1520 1965 1556 2019 ab
1572 1965 1678 2036 angelo
1693 1967 1785 2036 tacet,
1802 1969 1834 2021 et

998 2056 1139 2108 mouest
1157 2053 1278 2107 introitu
1300 2052 1376 2124 ejus,
1394 2053 1473 2124 quod
1488 2053 1524 2108 ad
1540 2054 1636 2109 virilis
1653 2069 1745 2111 sexus
1762 2069 1830 2125 spa·

1000 2143 1075 2197 ciem
1091 2142 1278 2213 peregrinam
1298 2142 1433 2196 turbatur
1454 2146 1594 2213 aspectus
1619 2141 1674 2213 (88)
1696 2143 1831 2216 Virginis

997 2233 1067 2287 Luc.
1084 2230 1108 2300 l,
1124 2229 1158 2286 89
1175 2237 1204 2285 et
1225 2228 1298 2303 seq).
1319 2229 1423 2302 ltaque
1439 2231 1576 2302 quamvis
1591 2235 1674 2287 esset
1693 2232 1825 2303 humilis,

997 2336 1060 2391 prae
1075 2320 1253 2375 verecundia
1268 2322 1365 2374 umen
1382 2320 1557 2375 salutantem
1573 2336 1632 2376 non
1646 2321 1830 2393 resalutavit,

1001 2425 1056 2464 noc
1070 2408 1163 2464 ullum
1184 2423 1361 2479 responsum
1384 2408 1492 2479 retulit,
1517 2410 1576 2464 nisi
1599 2410 1651 2464 ubi
1672 2410 1708 2466 da
1731 2411 1832 2466 susci-

997 2498 1105 2569 pienda
1120 2498 1235 2553 Domini
1247 2497 1437 2568 generatione
1453 2499 1608 2571 cognovit3
1620 2502 1651 2554 ut
1661 2501 1830 2571 qualitatem

999 2585 1124 2643 effectus
1140 2587 1279 2658 disceret,
1296 2602 1355 2642 non
1370 2591 1401 2642 ut
1416 2603 1584 2644 sermonem
1600 2589 1733 2645 referret.

1034 2692 1207 2764 70.1nipsa
1232 2693 1362 2749 oratione
1384 2699 1487 2750 nostra
1513 2696 1636 2751 multum
1652 2696 1833 2752 verecundia

998 2782 1832 2857 placet,rnultumconciliatgratiaeepudlleumnostrum.

998 2872 1105 2927 Nonne
1120 2871 1185 2926 haec
1201 2872 1329 2942 praetulit
1343 2873 1550 2944 publicanum,
1574 2876 1602 2928 el
1617 2874 1834 2930 commendavit

999 2976 1066 3016 eum
1076 2961 1125 3033 qui
1138 2976 1193 3015 nec
1202 2960 1305 3017 oculos
1315 2977 1389 3017 suos
1402 2963 1528 3017 audebat
1538 2963 1575 3016 ad
1586 2963 1694 3019 coelum
1708 2963 1834 3019 levarat

998 3050 1067 3105 ldeo
1082 3049 1263 3120 justificatur
1277 3053 1374 3123 magis
1400 3052 1514 3108 Domini
1528 3052 1653 3123 judicio,
1670 3069 1758 3124 quam
1783 3053 1833 3111 ille

1000 3139 1189 3209 Pharisaeus,
1216 3156 1303 3211 quem
1327 3140 1504 3196 deformavit
1528 3144 1720 3212 praesumptio
1747 3140 1833 3203 (Luc.

1000 3225 1138 3298 xv111,13,
1156 3225 1207 3291 ll).
1225 3228 1351 3300 ldeoque
1361 3245 1480 3285 oremus
1492 3231 1521 3283 in
1537 3230 1757 3301 incorruptione
1768 3233 1835 3304 qui·

1000 3317 1039 3372 eti
1053 3320 1082 3371 et
1097 3317 1223 3371 modesti
1238 3317 1372 3388 spiritus,
1398 3318 1449 3390 qui
1469 3320 1516 3372 est
1538 3319 1605 3373 ante
1629 3318 1723 3373 Deum
1746 3320 1832 3376 locu·

999 3405 1075 3476 ples,
1086 3408 1118 3460 ut
1132 3406 1172 3460 ait
1182 3405 1287 3461 Petrus
1303 3405 1327 3465 ll
1334 3406 1424 3462 Patr.
1437 3406 1487 3467 ιιι).
1497 3407 1604 3480 Magna
1615 3408 1706 3480 igitur
1715 3409 1832 3466 modes·

1000 3494 1049 3564 tia,
1066 3510 1133 3566 quae
1149 3511 1215 3550 cum
1231 3495 1270 3549 sit
1288 3496 1375 3550 etiam
1397 3495 1444 3550 sui
1465 3495 1544 3567 juris
1567 3498 1733 3568 remissior,
1758 3498 1832 3554 nihil

1001 3583 1059 3637 sibi
1084 3599 1242 3654 usurpans,
1269 3584 1341 3638 nihil
1366 3585 1535 3655 vindicans,
1561 3588 1590 3640 et
1613 3586 1831 3657 quodammodo

998 3672 1077 3726 intra
1092 3673 1173 3727 vires
1189 3689 1260 3728 suas
1277 3673 1464 3743 contractior,
1481 3675 1565 3729 dives
1577 3678 1623 3729 est
1632 3676 1709 3746 apud
1725 3676 1829 3748 Deum,

999 3761 1076 3832 apud
1095 3778 1183 3833 quem
1197 3778 1283 3818 nemo
1299 3763 1393 3823 dives.
1418 3762 1508 3819 Dives
1523 3765 1569 3819 cst
1584 3765 1739 3834 modestia,
1759 3766 1830 3837 quia

999 3851 1094 3922 portio
1111 3850 1163 3906 Dei
1178 3855 1233 3907 ast.
1261 3852 1370 3907 Paulus
1395 3869 1513 3924 quoque
1538 3855 1699 3909 orationem
1720 3854 1832 3910 deterri

999 3941 1141 4011 praecepit
1165 3957 1232 3995 cum
1253 3942 1433 3996 verecundia
1453 3946 1482 3997 ct
1505 3942 1675 3999 sobrietate.
1703 3943 1831 3998 Primam

999 4029 1075 4084 hanc
1089 4033 1118 4085 et
1132 4032 1218 4101 quasi
1234 4031 1376 4100 praeviam
1389 4031 1452 4086 vult
1466 4047 1536 4087 esse
1556 4032 1698 4087 orationis
1713 4032 1831 4102 iuturae,

998 4121 1030 4172 ιιι
1044 4134 1104 4173 ιιοιι
1114 4118 1258 4191 glorietur
1272 4121 1438 4190 peccatoris
1453 4121 1550 4176 oratio
1568 4137 1574 4176 :
1592 4122 1644 4176 sed
1656 4121 1743 4192 quasi
1758 4121 1835 4175 colo·

998 4223 1031 4263 re
1046 4206 1168 4278 pudoris
1183 4208 1309 4263 abducta
1334 4206 1396 4279 (18),
1414 4225 1472 4281 quo
1487 4210 1554 4281 plus
1576 4210 1671 4264 desert
1686 4225 1833 4265 verecun-

1001 4296 1057 4351 diae
1068 4296 1104 4350 de
1119 4296 1323 4351 recordatione
1338 4297 1448 4367 delicti,
1464 4298 1521 4353 hoc
1530 4298 1700 4355 uberiorem
1714 4313 1833 4354 merca·

1002 4387 1052 4439 tur
1065 4386 1189 4458 gratiam
1204 4386 1232 4455 (l
1248 4385 1320 4441 Tinr.
1336 4403 1366 4455 11,
1384 4384 1450 4449 1-9).

148 4478 193 4536 68·
210 4477 365 4535 Silentium
376 4476 613 4550 q¹10tl1¹⁰il³⁸¹¹¹¹¹2
634 4476 663 4530 1¹¹
679 4493 737 4548 ‘1¹10
754 4481 800 4533 ⁰⁵2
814 4469 986 4550 leliqua·D
1038 4490 1083 4548 71.
1099 4493 1152 4547 Est
1166 4493 1253 4546 etiam
1267 4492 1298 4547 in
1321 4493 1388 4564 ipso
1403 4498 1484 4549 motu
1499 4492 1561 4565 (88),
1587 4497 1685 4568 gestu,
1710 4494 1834 4552 incessu
1871 4480 1875 4501 ¹

112 4585 178 4624 rum
193 4571 332 4623 virtutum
355 4567 456 4635 olium,
482 4565 629 4620 maximus
652 4569 736 4621 actus
756 4566 944 4622 verecundia

113 4660 169 4711 est.
187 4657 319 4726 Denique
331 4657 357 4711 si
373 4659 422 4709 aut
437 4653 568 4710 infantiae
583 4656 701 4725 putatur
714 4659 763 4709 aut
778 4656 943 4727 superbiae,

112 4744 222 4816 probro
237 4744 323 4799 datur
339 4759 345 4799 :
363 4745 389 4799 si
403 4744 602 4814 verecundiae,
616 4744 695 4799 laudi
710 4744 836 4800 ducitur.
853 4745 946 4800 Taca-

113 4906 200 4974 locis,
218 4919 343 4975 quorum
359 4920 374 4957 c
386 4904 479 4974 primo
491 4907 665 4977 expungunt
674 4920 779 4960 vocem
790 4904 941 4976 lionorcm,

114 4992 180 5049 quae
197 4977 227 5030 in
245 4975 313 5030 edit.
336 4977 431 5045 posita
452 4979 606 5045 arctante,
624 4976 786 5032 deierans:
802 4977 832 5030 in
853 4978 945 5033 altero

114 5051 212 5102 autom
222 5046 357 5100 scribunt
365 5046 467 5101 scdulo
477 5053 573 5101 tamen
584 5048 737 5119 obsequio,
747 5064 800 5119 pro
811 5049 945 5104 sedatum

116 5127 212 5173 taurea
224 5118 405 5188 obsequium,
418 5118 589 5174 editionum.

150 5190 208 5260 (il)
231 5189 361 5244 Nonnuli
380 5205 465 5261 ruas,
494 5191 591 5246 virtus
610 5195 656 5246 cst
680 5192 897 5249 misericordiae
917 5198 946 5249 et

114 5261 217 5316 suavis
227 5263 343 5333 gratiae.

150 5333 209 5404 (78)
224 5333 285 5385 llic.
304 5331 388 5387 ltllic.
406 5333 456 5401 lib,
475 5350 494 5401 1,
510 5350 578 5406 pag.
593 5330 656 5402 369,
673 5333 724 5388 lin.
740 5331 794 5390 43:
815 5357 825 5385 ι
843 5336 876 5391 ln
890 5337 947 5407 pri·

114 5405 171 5460 mis
193 5403 357 5475 provident,
383 5420 419 5458 no
444 5421 543 5460 sermo
568 5405 669 5459 vilium
692 5405 810 5477 aliquod
837 5407 946 5463 indicet

112 5478 216 5532 inesse
232 5475 376 5540 moribus,
396 5497 407 5525 ι
426 5480 481 5531 ctc.

149 5545 207 5619 (79)
222 5548 264 5601 lta
287 5547 355 5602 edit.
374 5565 408 5602 ac
423 5564 497 5603 mss.
515 5547 678 5618 perpauci:
699 5546 749 5602 alii
763 5548 945 5621 frequentis·

114 5620 192 5691 simi,
208 5619 260 5692 qui
270 5619 298 5674 si
304 5619 483 5692 praetendat,
497 5625 526 5675 et
536 5635 601 5691 qaae
608 5619 739 5690 prima„
761 5621 873 5676 tentari
888 5637 945 5678 non

12 5718 15 5723 ·
113 5690 193 5748 sinat
203 5711 212 5749 .·
223 5704 310 5763 unus,
319 5692 372 5768 qai
383 5689 445 5749 sibi
451 5690 631 5768 praetendat,
644 5695 674 5746 at
684 5691 864 5770 quapriina,
874 5695 944 5771 etc,

1002 4583 1128 4637 tenenda
1142 4581 1333 4637 verecundia.
1350 4583 1475 4638 Habitus
1491 4584 1569 4638 enim
1585 4585 1692 4639 mentis
1714 4583 1744 4638 in
1765 4600 1833 4640 cor-

1002 4672 1083 4742 poris
1099 4674 1176 4725 statu
1193 4671 1333 4726 cernitur.
1347 4672 1423 4726 Hinc
1441 4673 1529 4728 homo
1550 4674 1650 4728 cordis
1661 4673 1835 4728 nostriabs·

1003 4760 1149 4831 conditus,
1165 4763 1215 4815 aut
1228 4760 1332 4833 levior,
1349 4762 1399 4816 aut
1411 4761 1584 4834 jactantior,
1601 4766 1651 4817 aut
1664 4762 1810 4818 turbidior·
1826 4778 1833 4818 :
1850 4736 1875 4847 i

1003 4903 1089 5028 tallius,
1102 4903 1187 4976 quasi
1201 4903 1382 4975 praetendat,
1400 4907 1468 4975 etc,
1483 4920 1550 4975 quaa
1565 4904 1652 4961 lectio
1668 4904 1742 4960 satis
1757 4904 1835 4959 arri-

1024 4979 1061 5029 ct.

1039 5044 1090 5112 (80)
1105 5045 1180 5116 blss,
1193 5062 1248 5102 nac
1267 5047 1364 5117 pauci,
1376 5062 1430 5102 nec
1442 5047 1593 5102 interioris
1606 5049 1693 5118 notae,
1705 5048 1835 5119 speciem

1000 5118 1367 5190 pc1·cprinatur,quidam,
1381 5120 1604 5190 peregrinatus
1618 5127 1765 5190 aspectae,
1779 5122 1836 5173 etc.

1003 5191 1078 5243 intra
1093 5205 1165 5244 vero
1177 5190 1227 5244 ubi
1238 5190 1306 5244 edit.
1319 5204 1353 5242 ac
1370 5190 1456 5260 pauci
1475 5206 1548 5245 mse.
1562 5206 1727 5245 sermonem
1739 5188 1836 5245 refel-

1003 5260 1096 5325 leret,·
1107 5261 1213 5331 reliqui
1224 5262 1325 5330 legunt
1343 5261 1458 5328 partim,
1472 5276 1637 5315 sermonem
1653 5260 1832 5332 praeterret,

1004 5331 1106 5402 aliqui,
1116 5332 1288 5403 proterret:
1295 5330 1411 5400 partim,
1423 5346 1590 5386 sermonem
1601 5332 1746 5400 referret,
1756 5331 1837 5402 quod

1004 5403 1138 5458 ultimum
1154 5401 1258 5456 sensui
1269 5400 1387 5455 videtur
1397 5416 1466 5456 asse
1476 5403 1573 5475 magis
1585 5418 1761 5474 congruum.

1039 5471 1096 5544 (81)
1108 5473 1181 5527 Mss.
1194 5471 1518 5541 haudpauci,colorc1n
1550 5474 1652 5529 adoris
1667 5474 1803 5529 obducat.

1039 5544 1093 5610 (88)
1103 5543 1164 5599 Cic.
1177 5542 1227 5598 lib.
1244 5560 1253 5597 1
1266 5541 1363 5611 otta,
1374 5558 1443 5616 pag.
1453 5541 1515 5614 368,
1526 5491 1579 5600 fin.
1591 5543 1626 5602 t8
1643 5560 1650 5601 :
1669 5567 1680 5596 ι
1693 5544 1751 5601 Sed
1762 5559 1837 5618 quo·

1003 5617 1082 5673 niam
1096 5614 1238 5671 decorum
1256 5612 1328 5670 illud
1347 5616 1378 5670 in
1388 5616 1526 5672 omnibus
1546 5615 1633 5673 tactis
1648 5617 1677 5674 et
1693 5615 1791 5689 dictis,
1804 5615 1838 5678 in

1003 5687 1139 5766 cameris
1148 5685 1275 5763 denique
1286 5687 1368 5746 mota
1382 5689 1412 5747 et
1421 5689 1500 5750 statu
1510 5689 1650 5750 cernitur.
1665 5708 1678 5744 ι
