3900 6128
106 343 188 411 roos
363 384 370 396 .
692 333 999 408 nrrsronaartn
1027 338 1235 433 caassrsr.
1758 343 1839 416 ‚1006

107 547 241 602 mentem
259 548 361 600 tuam:
379 559 417 599 ne
440 542 489 598 vel
522 542 762 614 respondendum
785 523 988 598 secundumd
1004 540 1150 596 habebam
1166 556 1172 597 :
1189 540 1311 610 imperio
1326 557 1372 596 me
1384 542 1595 599 decederenon
1606 545 1753 618 ingemui;
1770 548 1840 619 quia

108 634 292 708 hujusmodi
302 633 472 705 petitionem
496 633 651 704 gentilium
676 646 822 700 censeas,
850 631 897 685 rel
918 630 949 685 ia
1004 629 1127 701 imperia
1142 646 1217 700 mea,
1233 631 1400 700 praesertim
1417 632 1452 686 de
1474 633 1619 705 religione
1640 634 1749 708 divina,
1779 652 1841 692 om·

107 724 264 798 ejusmodi
278 738 424 794 responsa
440 721 631 792 sacrilegium
655 720 885 790 subscriptionis
899 719 949 773 ad-
1005 719 1094 773 nibus
1110 720 1231 774 saeculis
1247 735 1386 775 mansura
1397 721 1580 777 credebam?
1596 723 1659 778 llos
1675 739 1747 797 ergo
1773 725 1841 781 litu·

102 814 234 886 J'ungas.
250 811 335 868 Certe
351 811 431 867 refer
445 811 483 865 ad
497 812 649 881 parentem
664 809 781 879 pietatis
797 811 855 862 tuas
869 808 949 879 prin·
1006 807 1052 861 los
1068 808 1124 878 piae
1145 808 1262 863 virtutis
1284 824 1447 880 erexeram,
1469 811 1524 865 has
1544 811 1580 866 de
1603 812 1714 869 saeoulo
1737 829 1842 869 manu-

104 903 208 974 cipem
221 900 432 969 Theodosium,
449 915 537 970 quem
552 913 643 968 super
658 897 795 953 omnibus
811 896 873 951 lere
888 912 949 950 ma·
1006 895 1083 966 bias,
1100 895 1165 951 hacc
1184 897 1280 967 spolia
1296 898 1331 952 de
1355 898 1483 969 diabolo,
1500 899 1555 954 has
1575 915 1631 973 ego
1647 902 1684 957 da
1699 901 1842 958 adversa·

99 991 228 1063 joribus
244 990 344 1045 causis
360 988 518 1043 consulere
531 987 694 1042 consuesti.
705 984 787 1041 Nihil
797 985 950 1056 majusest
1006 984 1052 1038 rio
1066 986 1196 1039 omnium
1212 986 1348 1057 exuvias,
1366 985 1537 1058 offerebam,
1554 988 1708 1060 inquibus
1733 993 1843 1047 aeterna

104 1079 267 1152 religione,
283 1078 356 1133 nihil
368 1076 526 1133 sublimius
542 1076 618 1143 lide„
1006 1072 1130 1128 victoria
1145 1076 1201 1129 est.
1212 1073 1288 1139 Quid
1307 1075 1379 1130 mihi
1393 1076 1461 1147 plus
1481 1077 1575 1148 potuit
1585 1093 1670 1134 meus
1684 1078 1781 1135 hostis
1796 1096 1845 1135 au·

143 1166 189 1224 13.
208 1167 239 1222 Si
255 1167 352 1221 civilis
369 1182 460 1221 oausa
476 1167 567 1234 esset,
585 1164 713 1218 diversae
728 1163 805 1233 parti
821 1177 948 1233 respon·
1006 1160 1107 1217 ferre?
1121 1162 1283 1235 Abrogasti
1297 1164 1415 1220 decreta
1426 1181 1492 1221 mea
1509 1181 1515 1222 :
1532 1166 1714 1237 quodadbuo
1725 1167 1775 1223 ills
1791 1169 1844 1240 qui

106 1257 158 1313 sio
172 1257 362 1324 servaretur3
379 1270 468 1310 causa
476 1253 632 1326 religionis
642 1255 699 1321 est,
712 1251 950 1322 episeopuscon·
1009 1254 1110 1305 contra
1124 1266 1172 1306 me
1187 1252 1296 1307 levavit
1320 1269 1410 1324 arma,
1432 1270 1491 1309 non
1515 1254 1594 1310 lacit.
1613 1255 1699 1311 Nune
1721 1258 1845 1328 grauiam

107 1347 199 1402 vome
216 1342 283 1416 (78).
302 1343 376 1409 827
393 1342 485 1397 Datur
498 1341 572 1396 mihi
586 1340 752 1411 exemplum
766 1340 951 1395 missaerela.
1009 1339 1100 1394 telum
1125 1356 1249 1411 corpore
1267 1342 1389 1413 recipio,
1407 1343 1486 1414 quod
1508 1359 1526 1397 a
1540 1342 1631 1399 hatra
1645 1359 1710 1400 mea
1737 1347 1845 1401 statuta

107 1433 213 1505 tionis,
229 1434 262 1488 ut
275 1447 333 1504 ego
347 1431 464 1502 plenius
480 1428 692 1499 respondeam3
711 1431 740 1483 et
759 1428 804 1483 sie
829 1428 864 1483 de
889 1443 951 1482 om·
1008 1427 1192 1483 damnantur.
1209 1429 1330 1484 Meliore
1346 1434 1428 1501 parte
1443 1432 1501 1487 mei
1525 1432 1603 1503 apud
1626 1435 1654 1488 te
1677 1433 1845 1505 periclitor;

111 1523 203 1579 nibus
218 1520 374 1577 consultus
390 1518 554 1573 clementiae
569 1521 627 1572 tuae
643 1532 752 1587 parens
767 1516 950 1587 respondere
1006 1515 1056 1569 illa
1071 1516 1150 1570 enim
1160 1532 1241 1572 mors
1253 1520 1398 1589 corporis,
1414 1519 1471 1574 ista
1478 1521 1596 1576 virtutis
1611 1524 1667 1578 est.
1677 1522 1764 1578 Nunc
1774 1523 1848 1578 mihi

108 1612 261 1684 dignetur.
278 1609 364 1664 Certe
379 1609 406 1662 si
417 1607 652 1673 aliudstaluitur,¹
659 1605 793 1676 episcopi
801 1606 950 1676 horaeque
1007 1604 1167 1676 abrogatur
1181 1606 1355 1677 imperium,
1372 1610 1401 1662 at
1415 1609 1495 1680 quod
1510 1611 1557 1664 est
1576 1610 1700 1681 gravius
1719 1612 1849 1685 abroga-

108 1700 212 1756 aaimo
227 1699 287 1769 pali
303 1701 332 1752 et
352 1696 541 1752 dissimulare
566 1710 626 1751 non
646 1710 826 1766 possumus;
851 1693 952 1748 licebit
1006 1705 1055 1757 tur
1069 1709 1086 1747 a
1100 1694 1170 1764 tuis,
1186 1693 1373 1766 abrogatura
1383 1697 1461 1751 meis
1478 1712 1486 1767 3
1503 1699 1531 1751 et
1545 1696 1575 1751 id
1586 1699 1756 1772 abrogatur,
1769 1702 1850 1773 quod

105 1789 163 1844 tibi
178 1788 217 1843 ad
227 1787 395 1843 Ecclesiam
410 1785 586 1855 convenir03
599 1785 652 1839 sed
667 1783 728 1838 illio
738 1798 797 1839 non
812 1784 950 1839 invenies
1006 1779 1037 1836 in
1054 1797 1102 1837 me
1113 1784 1200 1837 etiam
1211 1783 1269 1836 mei
1279 1783 1443 1839 adversarii
1460 1785 1670 1855 praedicarunt.
1696 1788 1729 1845 Si
1738 1791 1847 1848 volans

109 1876 312 1947 sacerdotem,
328 1879 378 1930 aut
391 1874 527 1929 invenies
536 1873 736 1928 resistentem.
968 1897 995 1960 B
1008 1870 1195 1941 acquievisti,
1211 1871 1358 1926 damnasti
1372 1872 1461 1928 fidem
1474 1889 1570 1929 meam
1586 1892 1592 1930 :
1610 1876 1637 1930 si
1652 1877 1764 1935 invitus
1782 1896 1849 1937 oes-

147 1965 195 2021 lt.
224 1965 300 2032 Quid
321 1962 519 2034 respondebis
549 1961 697 2017 sacerdoti
723 1961 832 2017 dicenti
866 1960 920 2016 tibi
944 1976 951 2016 :
1009 1959 1087 2030 sisti,
1108 1959 1267 2031 prodidisti
1281 1963 1371 2015 luam.
1389 1960 1480 2034 Ergo,
1498 1964 1577 2034 quod
1593 1965 1718 2036 gravius
1732 1970 1789 2039 est,
1819 1973 1851 2026 et

110 2055 238 2111 Munera
254 2051 374 2124 lualid)
389 2068 449 2107 non
464 2051 571 2122 quaerit
589 2049 738 2120 Ecclesia,
763 2050 830 2121 quia
846 2049 953 2120 templa
1008 2046 1039 2101 in
1053 2050 1082 2101 te
1097 2047 1260 2117 periclitor.

110 2143 270 2217 gentilium
289 2141 463 2197 muneribus
482 2140 657 2195 adornasti?
678 2141 737 2193 Ara
752 2137 863 2193 Christi
878 2139 954 2193 dona
1045 2134 1088 2190 16.
1108 2134 1185 2200 Quid
1200 2136 1396 2207 respondebis
1412 2137 1500 2192 etiam
1518 2140 1603 2211 patri,
1626 2143 1719 2213 quite
1733 2144 1848 2219 majora

109 2236 163 2288 tua
177 2232 301 2303 respuit,
318 2229 457 2303 quoniam
471 2245 553 2283 aram
573 2227 743 2283 simulacris
761 2226 878 2296 fecisti3
894 2242 954 2281 vox
1011 2224 1112 2279 dolore
1128 2225 1294 2296 conveniet,
1309 2224 1413 2280 diceas
1431 2243 1437 2281 :
1453 2227 1495 2282 De
1510 2243 1567 2298 me,
1577 2228 1640 2304 filli,
1655 2232 1731 2298 828
1745 2236 1849 2305 pessi-

110 2321 193 2377 0nim
207 2323 267 2390 tua,
289 2334 393 2374 manus
408 2320 468 2387 tua,
485 2320 513 2372 et
529 2315 710 2387 subscriptio
725 2319 789 2386 tua,
813 2331 888 2386 opus
908 2318 955 2371 cst
1011 2328 1057 2367 me
1069 2311 1224 2383 judicasti,
1242 2313 1292 2384 qui
1301 2313 1411 2384 putasti
1426 2315 1505 2385 quod
1520 2330 1576 2388 ego
1591 2320 1754 2389 gentilibus
1774 2339 1849 2379 con-

108 2414 205 2466 tuum.
222 2408 405 2480 Obsequium
420 2410 502 2462 tuum
516 2405 661 2460 Dominus
677 2404 768 2459 lesus
790 2406 910 2459 recusat
925 2406 954 2458 el
1011 2401 1171 2456 niventiam
1185 2402 1415 2473 prestitissem3
1430 2418 1517 2460 nemo
1533 2405 1571 2459 ad
1585 2421 1632 2462 me
1648 2408 1751 2466 detulit
1769 2426 1851 2467 aram

114 2498 243 2570 respuit,
260 2498 398 2569 quoniam
412 2495 500 2550 idolis
526 2494 688 2549 obsecutus
706 2507 760 2562 es3
782 2492 856 2547 dixit
877 2492 955 2546 enim
1011 2506 1081 2546 esse
1099 2491 1128 2544 in
1143 2490 1192 2544 illa
1209 2490 1341 2546 Romana
1356 2492 1439 2547 curia
1461 2492 1518 2564 (81)
1534 2508 1542 2564 ς
1563 2511 1714 2568 nunquam
1736 2501 1849 2556 tantum

113 2588 171 2644 tibi
187 2604 194 2643 :
215 2609 226 2634 a
243 2586 310 2641 Non
318 2585 444 2657 potestis
456 2584 573 2640 duobus
585 2583 713 2638 dominis
724 2582 839 2637 servire
846 2581 956 2651 (Matth
1012 2579 1097 2635 aelus
1113 2579 1237 2650 credidi,
1255 2580 1333 2651 quod
1347 2581 1378 2635 ia
1388 2583 1537 2638 communi
1547 2583 1597 2639 illo
1612 2583 1850 2646 Christianorum
1884 2633 1891 2641 .

112 2693 155 2746 vr,
169 2675 227 2742 sl),
246 2696 256 2723 ι
275 2674 434 2746 Privilegia
451 2677 500 2729 tua
516 2674 641 2727 sacratae
666 2670 727 2725 Deo
749 2670 882 2742 virgines
898 2684 971 2730 non,
1012 2668 1225 2740 gentiliumque
1247 2669 1372 2724 concilio
1400 2670 1604 2728 sacrificarent
1627 2677 1766 2750 gentiles,
1793 2678 1852 2734 hoo

115 2765 243 2834 habent,
264 2766 292 2819 et
312 2762 464 2817 vindicant
486 2761 620 2832 virgines
635 2759 759 2815 Vestae‘.>
778 2758 837 2814 Cur
860 2774 959 2814 sacer·
1013 2760 1068 2828 est,
1086 2757 1262 2812 insultarent
1272 2758 1401 2829 gentiles
1416 2762 1618 2830 praesentibus
1634 2761 1813 2822 Christianis
1824 2769 1853 2822 et

109 2853 211 2934 dotes
220 2852 274 2907 Dei
288 2851 430 2922 requiris,
443 2849 552 2922 quibus
562 2849 719 2919 petitiones
735 2848 875 2918 profanas
886 2864 959 2919 gea·
1012 2846 1097 2900 inviti
1125 2845 1285 2901 Christiani
1302 2847 1449 2903 interesse
1471 2851 1631 2906 sacrificiis
1659 2857 1851 2927 cogerentur.

109 2943 211 2998 tilium
225 2940 406 3013 praetulisti?
424 2938 521 2993 Alieni
537 2938 648 2993 erroris
670 2937 843 2993 societatem
858 2937 958 2992 susci·
1012 2934 1102 2989 Multa
1119 2939 1147 2990 et
1161 2935 1280 2990 diversa
1296 2936 1429 3007 erimina,
1442 2953 1488 2993 me
1504 2939 1677 3013 imperante,
1691 2944 1852 3000 commissa

112 3045 189 3104 pere
203 3044 448 3102 nonpossumus.
877 3044 885 3055 ‘
1013 3026 1092 3094 sunt,
1110 3024 1188 3078 ultus
1203 3039 1270 3078 sum
1292 3040 1478 3097 quaecuuque
1500 3030 1570 3083 sunt
1590 3029 1777 3100 deprehensa
1799 3032 1852 3088 :si

153 3118 200 3174 15.
217 3118 293 3184 Quid
308 3115 507 3187 respondebis
522 3115 570 3170 his
591 3114 717 3170 verbis?
736 3115 865 3169 Puerum
888 3128 958 3168 esse
1014 3113 1082 3184 quis
1098 3115 1167 3167 tuno
1182 3112 1275 3182 latuit,
1292 3113 1381 3169 debet
1404 3129 1476 3187 ergo
1499 3116 1598 3172 dicere
1622 3133 1669 3173 me
1692 3120 1850 3192 probasse,

111 3213 143 3265 te
158 3208 304 3278 lapsum?
319 3205 422 3260 Omnis
438 3207 511 3260 stas
527 3203 658 3275 perlecta
677 3201 795 3257 Christo
811 3205 877 3272 e·st;
895 3216 959 3256 om·
977 3200 1093 3316 cquod
1104 3200 1141 3254 ad
1158 3217 1204 3256 me
1220 3216 1305 3256 nemo
1320 3202 1488 3258 detulerat?
1503 3204 1545 3260 De
1560 3221 1607 3261 me
1624 3208 1756 3277 pessime
1768 3207 1852 3280 judi·

115 3297 167 3352 nis
183 3296 245 3351 Deo
268 3294 365 3366 plana.
391 3293 521 3348 Puerilia
548 3292 618 3347 fidei
640 3307 701 3347 noa
723 3290 865 3362 probatur
879 3290 934 3360 (80)
951 3305 958 3345 ε
1015 3290 1099 3359 casti,
1117 3289 1143 3343 si
1159 3289 1230 3343 mihi
1246 3290 1422 3361 superstitio
1434 3292 1539 3364 aliena,
1556 3310 1615 3350 non
1626 3295 1702 3352 lldes
1716 3312 1853 3354 messer·

117 3383 236 3457 parvuli
251 3384 339 3439 etiam
353 3381 504 3438 Christum
519 3380 666 3452 intrepido
688 3379 834 3435 adversus
854 3393 959 3451 perse·
1014 3377 1270 3448 vavitimperium.

120 3477 240 3530 catores
256 3487 307 3529 ore
323 3471 458 3528 confessi
474 3473 553 3525 suut.
1051 3467 1094 3521 ll.
1112 3466 1196 3522 Unde
1217 3484 1284 3523 cum
1306 3467 1336 3522 id
1356 3468 1503 3541 advertas,
1526 3471 1696 3545 imperator,
1712 3473 1774 3531 Deo
1793 3477 1853 3547 pri·

155 3560 199 3618 lo.
214 3560 291 3627 Quid
306 3559 505 3632 respondebis
520 3573 662 3632 germano
681 3558 756 3612 tuo?
778 3557 884 3612 Nonne
907 3556 960 3623 tior
1015 3572 1105 3625 mum,
1131 3555 1236 3611 deinde
1264 3556 1339 3626 patri
1354 3560 1383 3611 et
1407 3557 1491 3613 fratri
1505 3559 1631 3632 iujurias
1654 3563 1792 3636 irrogari,
1823 3564 1851 3619 sl

61 3716 66 3723 .
128 3649 222 3707 dicet:
239 3651 355 3706 Victum
371 3646 712 3716 meesseaoncredidi,
729 3645 839 3718 quiate
861 3646 958 3716 impe·
1015 3645 1085 3717 quid
1100 3645 1157 3700 lale
1173 3644 1338 3716 decernas3
1361 3649 1429 3716 peto
1444 3651 1476 3703 ut
1490 3647 1521 3703 id
1536 3651 1639 3722 iacias,
1657 3653 1737 3724 quod
1762 3652 1852 3709 saluti

61 3790 65 3799 ,
131 3741 251 3795 retorem
263 3738 372 3811 reliqui
388 3737 482 3794 :mori
498 3753 558 3792 non
573 3735 664 3807 dolui,
685 3735 753 3807 quia
767 3737 796 3789 te
811 3733 961 3789 haeredem
1015 3737 1073 3789 lusa
1089 3733 1166 3805 apud
1182 3732 1425 3806 Deumintelligis
1440 3736 1638 3807 prolaturum.

61 3860 71 3887 '¹
140 3881 371 3949 quemadmodum
383 3880 483 3954 legem
497 3879 663 3950 proximam
678 3894 712 3933 ea
728 3878 805 3933 reah
816 3878 881 3948 ipso
892 3880 962 3931 hm·
1015 3881 1157 3948 tempora,
1173 3893 1241 3949 quaa
1255 3877 1330 3933 tales
1344 3880 1518 3935 sacerdotes
1534 3881 1653 3938 edidere
1668 3881 1675 3938 l

73 3960 81 3989 ·-
140 3947 226 4009 brasio
240 3952 371 4010 tortasse
386 3952 643 4020 dietamvidimus,
657 3950 746 4021 quod,
763 3953 845 4004 esset
859 3949 961 4004 ultima
1052 3950 1108 4018 (80)
1123 3948 1233 4004 Omnes
1249 3949 1318 4003 edil.
1335 3965 1369 4004 aa
1385 3950 1487 4020 plures
1503 3968 1624 4022 mss.,«
1653 3953 1772 4012 Christo
1796 3959 1852 4012 est.

144 4017 234 4078 tuliani
247 4023 445 4095 imperatoris.
1016 4021 1120 4076 Omnis
1132 4019 1193 4074 Ileo
1209 4020 1296 4091 plena
1310 4023 1435 4090 pueritia
1458 4022 1525 4078 fidei
1537 4024 1750 4094 comprobatur
1765 4044 1771 4082 :
1791 4047 1802 4078 a
1819 4043 1854 4082 ao

173 4092 221 4165 llll)
234 4095 309 4151 tiss.
325 4094 446 4165 aliquot,
461 4114 472 4144 ι
491 4107 506 4147 e
529 4092 650 4163 isoopos
675 4091 830 4147 convenio.
849 4112 860 4138 a
877 4089 961 4156 Quod
1017 4092 1115 4147 locum
1130 4091 1218 4146 nobis
1233 4092 1390 4146 restituere
1406 4093 1471 4148 cod.
1488 4094 1582 4165 Belv.,
1599 4096 1725 4166 Thura,
1738 4098 1814 4170 Reg.
1827 4100 1856 4152 et

86 4204 92 4209 .
148 4165 225 4219 eatam
246 4165 355 4221 dicitur
375 4181 434 4221 aon
456 4109 656 4234 mudopost:
688 4163 884 4217 «clementiae
903 4167 961 4242 tuae
1016 4161 1114 4231 Carol.
1126 4163 1197 4217 utin
1215 4165 1306 4217 textu.
1323 4161 1367 4217 lbi
1381 4167 1478 4219 autem
1494 4165 1854 4223 observauonobsouram

147 4243 244 4304 pamas,
260 4236 374 4291 »dictio
391 4250 523 4307 «parens
541 4256 552 4283 a
570 4248 628 4289 non
641 4233 690 4287 hio
710 4235 823 4287 naturae
838 4232 957 4304 signill-
1016 4233 1193 4288 allusionem
1208 4232 1244 4287 ad
1261 4234 1659 4306 ApostolicaillalCor.x1v,
1676 4238 1711 4292 ⁶20
1727 4253 1734 4292 ε
1751 4237 1855 4293 Nolite

151 4304 273 4362 ationem
288 4307 386 4376 habet,
408 4307 462 4361 sed
479 4305 602 4360 honoris
618 4320 652 4358 ao
672 4304 897 4359 benevolentiae.
914 4303 961 4357 Si·
1015 4305 1104 4376 pueri
1119 4303 1200 4358 ellici
1214 4304 1364 4374 sensibus,
1393 4308 1449 4360 etc.
1472 4305 1675 4376 Opportunum
1689 4322 1778 4378 porro
1798 4306 1856 4363 hoo

150 4373 247 4439 quidm
262 4395 297 4434 ea
332 4378 398 4433 ussi
412 4374 963 4432 moneturValentinianusadolsscen·
1018 4378 1135 4445 tempus
1154 4375 1264 4447 pagani
1287 4375 1323 4428 ad
1347 4391 1500 4430 sacrorum
1523 4376 1711 4432 obtinendam
1732 4379 1855 4433 restitu-

95 4458 98 4463 ·
151 4394 377 4518 talaaetaddiuo
392 4448 592 4503 submaterna
610 4444 699 4500 tutela
714 4446 902 4514 constitutus,
931 4447 964 4498 ut
1017 4446 1127 4501 tionem
1143 4444 1275 4500 arbitrati
1286 4449 1364 4514 sunt,
1383 4462 1441 4500 non
1456 4446 1551 4500 solum
1561 4449 1682 4517 propter
1695 4448 1852 4517 imperato·

153 4506 331 4576 Theodosium
346 4519 398 4574 lilii
414 4534 513 4573 amore
531 4533 565 4572 ao
587 4517 776 4572 veneratione
797 4531 962 4587 prosequa-
1017 4518 1060 4571 ris
1083 4516 1238 4586 pueritiam
1261 4531 1315 4586 per
1338 4531 1426 4586 quam
1448 4517 1581 4598 regimen
1609 4532 1679 4573 esse
1700 4520 1857 4575 consuevit

98 4642 101 4647 .
151 4580 194 4639 t¹¹1·
978 4605 1007 4670 D
1019 4588 1169 4642 debilius:
1188 4586 1242 4640 sed
1254 4589 1282 4640 et
1291 4590 1411 4710 propter
1421 4586 1580 4667 hlaximum
1590 4588 1757 4660 tyrannum,
1769 4606 1785 4645 a
1796 4605 1855 4662 quo

177 4654 221 4730 (ld)
233 4661 306 4717 Cum
321 4660 544 4716 Valentinianus
554 4660 650 4714 adhuc
660 4661 772 4714 tantum
788 4661 870 4713 esset
886 4661 962 4711 cate·
1018 4659 1109 4713 ltaliae
1129 4660 1283 4711 cruentum
1319 4657 1408 4711 ellum
1418 4658 1598 4712 imminebat.

154 4719 305 4803 ehamarus,
321 4747 377 4787 neo
400 4733 428 4786 ei
442 4733 545 4786 missas
569 4730 698 4785 fidelium
720 4731 827 4784 adesse
848 4727 961 4798 liceret,
1055 4729 1112 4798 (sl)
1128 4728 1274 4782 Baronius
1290 4727 1326 4780 ad
1341 4743 1388 4781 aa.
1400 4727 1449 4781 371
1468 4728 1532 4783 haec
1543 4729 1632 4784 verba
1645 4731 1741 4803 magis
1754 4733 1856 4789 rheto-

153 4788 202 4853 haea
213 4819 330 4859 munera
341 4818 400 4857 non
415 4804 542 4874 possunt
556 4801 681 4872 intelligi
696 4800 732 4854 de
741 4801 778 4854 iis
788 4799 962 4853 muneribus
1020 4800 1082 4854 rico
1092 4800 1201 4869 impetu
1213 4796 1456 4853 addeliniendum
1466 4799 1694 4857 Valentininiani
1704 4806 1789 4874 pueri
1799 4804 1859 4860 ani-

156 4870 275 4945 ledonis,
293 4890 360 4946 quae
376 4873 463 4928 iidem
479 4873 583 4927 lideles
599 4875 630 4927 ut
650 4887 687 4926 ex
702 4871 761 4925 illis
776 4886 792 4923 a
807 4869 963 4925 sacerdote
1019 4885 1109 4937 mum,
1144 4883 1210 4923 uam
1225 4883 1264 4922 ex
1278 4868 1400 4923 veritate
1419 4870 1496 4924 dicta
1519 4872 1678 4928 existimat.
1699 4875 1858 4931 Seniorem

156 4946 316 5016 trasecratis
332 4944 596 5011 communicarent,
613 4941 774 4997 offerebant
790 4958 796 4995 :
814 4940 867 4995 sed
883 4941 963 4994 uoci·
1021 4941 1098 5019 enim
1113 4886 1161 5019 idda
1176 4940 1315 5062 ignorare
1330 4955 1390 4994 non
1404 4941 1539 5010 potuisse
1555 4958 1562 4996 ι
1579 4958 1633 4998 nee
1650 4959 1723 5000 sans
1738 4947 1856 5017 mirum,

155 5015 236 5073 lttada
246 5019 316 5071 sunt
331 5016 367 5071 de
381 5016 473 5069 variis
487 5014 548 5069 illis
563 5013 704 5082 donariis,
715 5028 782 5083 quae
793 5011 829 5065 ad
845 5011 965 5081 templo·
1023 5012 1050 5066 si
1066 5011 1192 5064 dissrmu
1205 5012 1270 5078 aut,
1284 5025 1351 5064 oum
1365 5010 1449 5082 leges
1461 5012 1547 5067 etiam
1558 5015 1790 5088 promulgaverit
1804 5033 1858 5088 pro

155 5088 199 5138 ttm
213 5092 322 5155 ornata,
340 5087 449 5141 victum
464 5085 677 5152 ministrorum,
693 5083 827 5154 aliosque
845 5082 964 5136 similes
1022 5083 1155 5137 libertale
1171 5080 1472 5153 ethnicaereligionis.
1489 5083 1546 5138 Sed
1561 5088 1714 5154 paoetanti
1725 5089 1792 5158 viri,
1805 5101 1859 5142 na-

154 5158 208 5211 tans
222 5157 381 5213 Christiani
401 5157 456 5211 'am
472 5157 539 5211 inda
555 5172 571 5209 a
586 5154 964 5225 priscistemporibuscon-
1023 5169 1080 5224 qua
1104 5167 1169 5205 uam
1186 5151 1302 5205 videtur
1315 5153 1489 5225 prudentias,
1513 5171 1570 5226 qua
1586 5164 1648 5211 erat
1669 5158 1857 5225 Ambrosius,

154 5215 274 5284 terebant.
297 5228 382 5283 Unde
394 5174 598 5281 ddaroellimus
608 5225 804 5280 calumniandi
814 5226 965 5304 Romanos
1023 5224 1071 5277 illa
1083 5168 1198 5304 dixisse
1214 5238 1337 5293 quorum
1353 5223 1510 5279 salsitatem
1528 5243 1586 5280 non
1602 5229 1731 5283 nesciret
1745 5229 1810 5282 lore
1821 5226 1859 5279 ab

153 5300 287 5360 Pontifices
307 5315 411 5354 ausam
430 5298 587 5367 arripiens,
608 5297 714 5350 mirum
737 5311 805 5350 esse
825 5299 923 5365 negat,
940 5311 966 5347 sr
1024 5295 1195 5348 adversario
1211 5310 1298 5364 quam
1315 5293 1452 5351 facillime
1467 5298 1688 5353 revincendum.
1700 5298 1735 5351 Et
1746 5311 1817 5351 sane
1829 5298 1860 5349 ut

152 5371 322 5443 pontificatus
341 5370 378 5423 ab
399 5369 473 5451 ipsis
494 5368 638 5421 ambiatur
655 5383 660 5420 :
681 5366 777 5421 «Cum
792 5366 821 5420 id
837 5366 965 5434 adepti»
1024 5365 1119 5420 eidem
1129 5365 1253 5435 principi
1266 5366 1469 5438 ignorarcnon
1480 5369 1678 5423 licuerithanc
1689 5368 1768 5420 illam
1779 5378 1859 5420 aram

150 5443 236 5513 nquit,
254 5465 265 5490 ι
284 5440 373 5495 futuri
392 5440 506 5494 sintita
531 5439 640 5505 securi,
657 5437 969 5491 utdilonturoblatio·
1025 5437 1054 5490 in
1071 5437 1152 5490 curia
1170 5438 1297 5507 positam
1314 5437 1418 5505 luisse,
1446 5441 1572 5494 maxime
1601 5445 1697 5492 tamen
1718 5435 1860 5491 credibile

148 5508 222 5567 uibus
232 5514 445 5580 matronarum,
466 5535 477 5558 r
495 5512 550 5565 elo.
567 5508 712 5563 Caelerum
737 5508 805 5578 quis
825 5523 883 5562 non
913 5507 968 5560 mi·
1026 5511 1072 5562 est
1096 5508 1131 5563 de
1147 5508 1317 5578 sacrificiis,
1343 5509 1452 5580 quihus
1467 5510 1576 5563 ibidem
1592 5509 1739 5561 interesse
1754 5506 1861 5579 adige·

147 5584 215 5640 atur
241 5598 301 5639 non
321 5582 409 5638 modo
438 5596 527 5653 quam
551 5579 729 5634 Ambrosius
753 5594 814 5648 prae
840 5594 873 5633 se
902 5578 968 5645 lert,
1025 5577 1861 5650 banturchristiani,dequejuramentisquoeabhisexi-

147 5664 240 5711 aarum
266 5653 355 5710 etiam
377 5666 465 5725 qaam
493 5652 523 5707 in
547 5649 728 5706 antistitibus
752 5648 819 5703 aliis
847 5648 970 5721 praelul-
1027 5649 1449 5727 garesolebantinssdeles,ad
1464 5665 1531 5708 eum
1546 5647 1618 5707 nihil
1637 5646 1765 5711 delatura
1780 5663 1860 5721 esse.

144 5723 216 5787 tissa
236 5727 363 5787 testatm
382 5722 583 5800 episcopalem
611 5719 841 5791 tortitudinem?
860 5719 971 5786 l'elieis
