3900 6128
535 280 844 355 nrrsrouaauu
865 286 1034 353 cmssrs
1056 278 1088 356 ι.·
1232 232 1237 241 ’
1573 236 1682 361 asaa'

101 490 208 547 merito
223 489 369 545 creditum
382 489 461 562 quod
476 490 576 546 divino
590 493 673 547 essct
687 490 761 545 eleo
774 469 804 533 Ᾱ
817 488 891 546 deos
907 494 1004 548 autem
1018 491 1170 565 dijudicm.
1197 494 1259 551 Stet
1282 497 1368 553 vobis
1393 501 1426 551 ut
1448 496 1600 569 defensor,
1621 500 1654 554 ut

85 578 182 650 affl),
199 595 286 651 quem
301 595 405 636 omues
423 580 666 651 postulavissent.
682 580 761 637 Con-
816 578 914 635 bonus
928 586 1050 652 pastor,
1067 598 1104 638 ne
1118 598 1174 641 vos
1188 584 1249 655 lupi
1265 586 1417 641 incursent
1431 602 1552 659 graves.

85 684 126 724 ur
147 671 181 723 ut
204 670 371 741 sequamini
400 671 566 741 exemplum
595 674 759 741 parentum,
851 669 878 723 7.
894 669 957 735 Quo
980 686 1039 726 non
1062 672 1157 729 otiose
1181 678 1283 729 nostra
1312 676 1469 731 admonitio
1502 676 1648 745 dellectit;

85 774 97 813 1
111 773 179 813 cum
193 762 324 815 asancto
334 759 510 815 confessore
520 760 672 814 institutos
682 764 761 814 tanto
816 758 903 815 audio
917 759 995 816 enim
1010 761 1131 817 vonisse
1146 748 1252 819 advos
1267 764 1481 820 Sarmationom
1499 770 1527 821 et
1543 766 1652 822 ltarba·

85 848 217 919 patribus
233 864 302 904 esse
312 852 455 919 oporteat,
469 853 577 920 quanto
588 866 642 905 vos
658 850 762 905 melior
815 847 938 919 tiauum,
953 849 1130 923 vaniloquos
1146 851 1281 910 hominos
1297 854 1364 925 (31),
1390 855 1441 925 qui
1465 854 1563 910 dicuni
1582 856 1650 911 nul·

85 936 170 993 stituit
193 937 249 1008 (30)
273 942 361 1010 atque
384 939 532 1005 erudivit;
549 939 761 1011 modestiaque
816 936 877 991 lum
891 952 961 993 esse
976 939 1162 996 abstineutiae
1176 943 1325 1013 meritum,
1337 943 1447 1000 nnllam
1458 944 1649 1017 frugalitatis,

93 1026 261 1083 concordie
285 1027 404 1099 insigne
424 1028 523 1097 edere,
541 1032 572 1084 ut
588 1029 761 1102 congruatis
815 1026 925 1082 nullam
939 1027 1121 1101 virginitatis
1145 1033 1282 1104 gratiam,
1307 1033 1371 1103 pari
1387 1049 1491 1089 omnes
1507 1034 1651 1089 aestimari

86 1114 328 1187 dpostalandum
343 1117 542 1173 sacerdotem.
815 1116 921 1185 pretio,
938 1116 1067 1174 delirare
1082 1134 1135 1174 eos
1149 1120 1200 1192 qui
1214 1121 1340 1193 jejuniis
1360 1123 1507 1195 castigent
1530 1138 1651 1178 carnem

85 1204 120 1259 im
133 1204 161 1259 ai
172 1204 259 1276 juxta
274 1205 457 1262 Dominioam
476 1209 661 1277 sententiam,
682 1208 761 1280 quod
816 1219 911 1274 suum,
936 1209 969 1261 ut
986 1208 1077 1262 menti
1100 1210 1249 1265 subditam
1268 1211 1386 1267 laeiaut.
1402 1211 1485 1278 Quod
1500 1227 1650 1284 nunquam

85 1296 232 1351 ›nvenerit
246 1311 338 1367 super
352 1297 474 1366 terram,
486 1297 522 1353 de
531 1298 611 1352 omni
620 1313 653 1353 re
663 1313 761 1369 quam·
815 1293 948 1364 iecisset,
964 1310 1114 1368 nunquam
1129 1300 1285 1370 scripisset
1299 1301 1335 1356 ad
1350 1301 1562 1356 instituendum
1576 1301 1651 1356 alios

85 1384 204 1455 ttierint,
222 1385 281 1455 liet,
297 1386 400 1457 inquit,
417 1386 477 1441 illis
493 1387 611 1441 aPatro
630 1402 695 1442 mco
710 1388 759 1459 qui
815 1382 926 1439 Paulus
941 1387 1104 1456 apostolus,
1122 1388 1149 1443 si
1164 1388 1389 1446 deliramentum
1407 1394 1552 1461 putasset,
1578 1389 1650 1447 Glo-

88 1477 135 1529 est
151 1490 157 1527 :
185 1496 197 1521 a
215 1472 274 1529 Uhi
293 1475 370 1530 enim
386 1478 456 1531 sunt
471 1476 529 1530 duo
544 1477 591 1531 vel
608 1481 670 1532 tres
686 1492 759 1532 con·
815 1472 907 1527 riatur
921 1474 1018 1546 itaque
1034 1475 1137 1533 dicens
1153 1495 1159 1533 :
1179 1499 1191 1529 ι
1209 1478 1267 1534 Sed
1282 1480 1398 1552 castigo
1413 1496 1524 1551 corpus
1539 1493 1648 1549 meum,

85 1563 220 1618 [nomine
235 1578 311 1632 meo,
328 1564 368 1619 ibi
384 1580 440 1637 ego
456 1581 524 1620 sum
539 1566 568 1620 in
584 1566 680 1621 medio
707 1583 759 1622 00-
815 1565 843 1615 ct
857 1563 993 1618 servituti
1007 1565 1133 1638 redigo;
1150 1582 1186 1622 ne
1201 1568 1267 1622 aliis
1278 1569 1456 1639 predicans,
1469 1570 1534 1640 ipse
1545 1583 1648 1640 repro·
1762 1592 1767 1599 ·

85 1652 137 1707 ult.
162 1669 245 1719 xvrn,
271 1653 317 1723 30)
339 1670 345 1707 :
372 1657 480 1726 quanto
496 1656 593 1727 magis
608 1656 659 1711 ubi
673 1656 760 1726 plena
813 1650 872 1706 bus
886 1650 1063 1722 iuveniori!
1075 1653 1143 1711 Gor.
1159 1673 1189 1724 ιι,
1207 1656 1271 1727 33);
1291 1677 1302 1708 ι
1320 1657 1401 1730 Ergo
1417 1658 1467 1729 qui
1482 1674 1541 1714 non
1556 1658 1649 1714 casti·

85 1740 148 1797 aine
163 1742 278 1797 Domini
295 1744 499 1817 congregatio,
525 1745 576 1799 ubi
600 1745 759 1800 universo·
815 1744 886 1811 gant
900 1756 1011 1812 corpus
1027 1758 1125 1815 suum,
1141 1748 1170 1799 et
1184 1744 1286 1800 volunt
1300 1746 1463 1816 praedicare
1489 1746 1565 1816 aliis,
1591 1748 1651 1819 ipsi

85 1829 165 1887 ilatio
180 1832 327 1903 congruit,
344 1832 479 1889 dubitare
495 1850 550 1889 nos
575 1849 760 1906 nequaquam
816 1830 935 1901 reprobi
950 1830 1106 1887 habentur.

85 1920 108 1975 ai
123 1921 279 1976 Dominum
293 1922 397 1977 lesum
422 1926 450 1978 ot
472 1924 632 1978 voluntatis
657 1926 759 1979 aucto·
851 1919 878 1974 6.
895 1922 941 1974 An
955 1919 1115 1993 quidquam
1130 1925 1188 1977 tam
1204 1925 1374 1995 reprobum,
1397 1940 1485 1996 quam
1511 1926 1589 1998 quod
1615 1926 1652 1982 ad

85 2009 227 2082 petitionis
253 2012 398 2067 arbitrum
422 2012 496 2081 lore,
513 2016 542 2067 et
565 2012 760 2068 ordinationis
774 2022 802 2086 Β
817 2010 975 2081 luxuriam,
991 2011 1029 2065 ad
1044 2013 1252 2083 corruptelam,
1269 2014 1305 2068 ad
1320 2014 1474 2069 lasciviam
1488 2019 1650 2085 provocat;

85 2120 100 2169 ι,
115 2100 162 2155 vel
178 2100 351 2172 largituram
368 2101 491 2175 gratiael

85 2204 106 2245 e
119 2204 193 2261 ergo
209 2205 265 2245 vos
280 2190 388 2263 dignos
403 2190 508 2261 videri,
525 2206 653 2263 quorum
664 2192 693 2246 in
703 2207 761 2248 mc-
815 2188 1036 2244 incontinentiae
1061 2189 1167 2258 fomes,
1190 2189 1359 2245 incendium
1375 2192 1567 2261 cupiditatis?
1579 2190 1651 2258 Quae

85 2283 129 2335 tus
143 2279 192 2334 eit.
210 2278 268 2335 Ubi
282 2280 360 2335 enim
374 2296 441 2351 pax,
457 2280 497 2335 ibi
517 2280 676 2347 Christus;
692 2281 761 2353 quia
815 2276 891 2333 istos
906 2276 1069 2348 Epicureos
1085 2293 1162 2333 nova
1177 2277 1279 2334 schola
1298 2278 1402 2334 misit‘?
1425 2280 1492 2336 Non
1515 2280 1650 2352 philoso-

85 2371 138 2424 tus
153 2368 279 2441 (Ephes.
296 2386 327 2437 ιι,
344 2368 388 2439 tl)
405 2385 411 2424 :
429 2368 613 2442 ubijustitia,
625 2370 666 2425 ibi
676 2368 760 2425 Chri·
815 2367 951 2437 phorum,
968 2371 1000 2421 ιιι
1015 2367 1073 2439 ipsi
1088 2367 1178 2438 aiunt,
1195 2368 1249 2423 sed
1263 2368 1475 2439 imperitorum,
1491 2370 1542 2441 qui
1552 2370 1652 2442 volup
1667 2399 1670 2403 ·

85 2478 90 2513 ι
103 2456 244 2513 Christus
255 2457 373 2530 justitia
389 2458 415 2529 (1
426 2457 493 2514 Cor.
507 2476 526 2528 r,
538 2457 594 2527 80).
606 2457 649 2513 Sit
663 2459 694 2513 in
704 2474 761 2514 me-
816 2460 904 2513 tutem
931 2456 1111 2526 praedicent,
1135 2456 1258 2512 delicias
1282 2458 1421 2528 suadent,
1448 2461 1651 2517 castimoniam

85 2564 136 2617 ιιιι,
152 2552 184 2603 ut
198 2548 323 2603 videatis
335 2564 420 2603 eum:
437 2564 474 2603 ne
490 2548 643 2604 dicaturet
654 2548 758 2604 vobis:
815 2546 888 2602 nulli
904 2546 972 2601 usui
988 2561 1058 2603 esse
1074 2546 1192 2602 ducant.
1205 2545 1336 2603 Fuerunt
1345 2547 1511 2619 nobiscum,
1527 2549 1582 2605 sed
1592 2565 1651 2606 non

90 2640 188 2694 autem
201 2641 336 2694 vestrum
351 2641 421 2708 stat,
438 2653 526 2709 quem
539 2653 595 2693 vos
610 2653 669 2693 nen
683 2639 762 2694 vide·
816 2636 935 2691 fuorunt
949 2652 986 2691 ex
1000 2635 1087 2691 nohis
1102 2635 1132 2709 (I
1143 2636 1226 2691 Joan.
1246 2653 1276 2707 ιι,
1303 2635 1368 2708 17);
1394 2653 1490 2709 neque
1506 2639 1584 2694 enim
1597 2655 1650 2710 pu-

109 2745 131 2799 ι,
157 2728 244 2798 36).»
269 2728 336 2783 Νοιι
359 2728 441 2782 ιιιιιιιι
455 2727 593 2784 viderunt
608 2727 715 2798 ludaei,
731 2729 761 2782 in
816 2724 865 2780 det
888 2724 999 2803 dicore,
1024 2725 1104 2799 quod
1124 2724 1195 2780 dicit
1220 2726 1406 2799 evangelista
1429 2727 1571 2784 loannes.
1591 2726 1651 2785 Sed

85 2817 294 2873 ‚crediderunt
311 2834 317 2873 :
333 2834 389 2873 nos
404 2818 485 2873 illum
500 2817 655 2874 devotione
671 2833 761 2874 cons·
816 2814 865 2870 hie
889 2815 979 2885 positi
1001 2814 1098 2886 primo
1117 2814 1305 2887 jejunabant,
1335 2815 1413 2871 intra
1439 2817 1653 2873 monasterium

85 2906 140 2963 ilde
156 2907 318 2963 cernimus
816 2904 1043 2960 continebantur
1058 2920 1065 2959 :
1081 2903 1182 2958 nullus
1198 2908 1262 2959 erat
1285 2904 1412 2960 luxuria]
1436 2904 1533 2976 locus,
1559 2905 1652 2962 inter·

85 2997 176 3069 igitur
194 2997 224 3051 in
248 2997 344 3052 medio
367 3000 512 3067 vestrum,
538 2999 570 3052 ut
592 2998 763 3069 aperiantur
817 2994 894 3049 dicta
908 2993 1082 3049 ludibriosae
1097 2993 1290 3063 disputationi
1305 2993 1433 3049 licentia.

89 3086 108 3157 i,
125 3086 177 3158 qui
191 3090 331 3142 enarrant
346 3087 472 3159 gloriam
492 3086 544 3142 Dei
563 3087 658 3156 (Psal.
679 3105 761 3157 xvnr,
851 3082 878 3140 9.
899 3084 964 3138 lloc
987 3082 1104 3139 delicati
1129 3098 1188 3138 non
1207 3086 1366 3154 potuerunt
1391 3084 1481 3139 serre.
1508 3084 1652 3141 abierunt

85 3178 209 3231 anatem
224 3176 291 3247 ejus
312 3177 437 3245 faciatis,
459 3180 488 3232 ot
508 3177 671 3247 operemini
687 3193 762 3248 opus
817 3172 899 3227 foras
916 3189 922 3229 :
939 3172 1044 3228 deindo
1059 3173 1194 3227 volentes
1209 3172 1318 3242 redire,
1343 3188 1402 3228 non
1426 3176 1496 3228 sunt
1518 3173 1649 3245 recepti;

91 3264 172 3321 videt
194 3266 309 3334 lesum,
335 3265 402 3321 eoeli
429 3265 457 3321 ci
480 3266 661 3336 aperiuntur,
685 3267 765 3322 sicut
816 3261 957 3334 pleraque
972 3262 1050 3319 enim
1065 3262 1217 3317 audieram
1232 3260 1299 3332 (32),
1315 3277 1383 3334 quae
1397 3262 1538 3318 deberem
1562 3277 1651 3319 cave·

85 3357 107 3411 rt
120 3352 271 3425 Stephano
286 3355 393 3410 dicenti
411 3372 417 3411 :
447 3378 458 3403 a
476 3355 553 3411 Ecca
567 3356 654 3411 video
670 3357 763 3413 coelos
818 3368 850 3408 re
866 3369 872 3407 :
890 3367 1072 3421 monueram,
1099 3352 1172 3407 nihil
1197 3351 1394 3422 profeceram.
1413 3349 1651 3409 Ellervesoentes

85 3446 113 3500 et
137 3444 228 3499 lesus
255 3448 381 3500 stantem
397 3446 433 3500 ad
449 3445 601 3501 dexteram
615 3445 667 3500 Dei
683 3446 762 3515 (Act.
817 3442 916 3514 itaque
931 3441 1127 3497 disseminare
1143 3440 1210 3496 talia
1226 3445 1389 3511 coeperunt,
1401 3441 1510 3512 quibus
1521 3440 1652 3497 incento-

109 3531 211 3590 Stabat
232 3535 324 3589 lesus
345 3536 432 3605 quasi
457 3535 641 3590 advocatus:
667 3536 764 3590 stabat
817 3546 867 3586 res
883 3534 986 3586 essent
1001 3530 1139 3586 vitiorum
1156 3529 1285 3584 omnium
1302 3529 1499 3585 miserabiles.
1514 3530 1653 3585 Perdide-

85 3622 202 3691 llicitus,
233 3628 264 3678 ut
293 3622 392 3690 1024
415 3623 596 3694 Stephanum
625 3624 763 3680 athletam
818 3622 886 3675 runt
901 3620 1002 3692 utique
1017 3618 1096 3691 quod
1109 3618 1345 3691 jejunaverunt:
1366 3618 1558 3688 perdiderunt
1572 3620 1651 3691 quod

84 3716 192 3767 tantem
206 3712 328 3785 juvaret
344 3729 350 3766 :
369 3715 465 3770 stabat
481 3715 567 3787 quasi
583 3719 716 3787 paratus,
733 3722 765 3774 ut
817 3725 851 3765 se
866 3710 964 3782 aliquo
979 3709 1189 3766 continuerunt
1204 3712 1346 3777 tempore.
1362 3708 1448 3762 Nunc
1463 3708 1561 3780 itaquo
1585 3707 1649 3763 din-

100 3817 188 3858 suum
204 3806 376 3874 martyrem.
816 3799 913 3855 bolico
938 3798 1036 3855 studio
1060 3798 1192 3854 invident
1220 3797 1347 3852 aliorum
1377 3796 1518 3867 operibus
1542 3796 1649 3870 bonis,

85 3893 177 3966 igitur
192 3896 220 3947 et
234 3893 332 3963 vobis,
354 3896 385 3946 ut
409 3908 476 3949 eum
497 3909 555 3949 non
569 3894 697 3950 timeatis
713 3910 764 3950 se·
817 3905 943 3962 quorum
959 3888 1018 3959 ipsi
1031 3888 1130 3944 fructu
1146 3886 1330 3943 exciderunt.

85 3981 521 4054 aedensenimjudiout,sicut
544 3984 646 4039 Daniel
670 3983 762 4040 dicit:
852 3976 896 4034 lo.
922 3978 994 4044 Quae
1016 3977 1103 4050 virgo
1128 3977 1226 4032 audiat
1251 3977 1364 4032 nullum
1396 3976 1551 4048 praemium
1581 3992 1651 4033 cese

85 4071 270 4141 multisunt,
297 4076 325 4126 et
349 4072 417 4127 lieri
441 4074 533 4142 aperti
549 4076 627 4143 sunt,
645 4077 673 4129 et
688 4074 764 4128 anti·
819 4067 916 4132 1025
938 4066 1125 4140 integritatis,
1149 4070 1177 4121 et
1194 4081 1252 4121 non
1268 4066 1465 4139 ingemiscat;
1480 4066 1559 4121 ausa
1574 4066 1652 4122 enim

85 4175 145 4216 rum
170 4160 249 4215 sedit
272 4160 358 4231 (Dan
375 4179 425 4231 vn,
441 4161 479 4231 9),
500 4180 511 4211 ι
534 4162 565 4217 ln
580 4163 764 4235 octogesimo
817 4162 848 4212 ut
873 4158 959 4214 facile
984 4157 1094 4227 credat,
1120 4159 1200 4213 certe
1224 4161 1254 4212 ut
1277 4174 1335 4212 non
1357 4157 1455 4213 studia
1469 4157 1607 4228 deponat,
1623 4160 1652 4213 et

84 4250 180 4322 primo
196 4252 311 4320 psalmo
328 4251 472 4322 scriptum
488 4255 534 4307 est
547 4267 553 4307 :
568 4274 579 4299 a
592 4252 673 4307 Deus
684 4253 765 4308 stetit
817 4248 1007 4304 intentionem
1022 4263 1086 4302 sum
1102 4248 1209 4303 montis
1225 4248 1382 4303 inflectat?
1399 4263 1465 4319 quaa
1479 4247 1568 4301 vidua
1583 4262 1651 4301 cum

85 4340 215 4413 tgatione
239 4341 386 4395 deorum:
414 4342 444 4394 in
466 4341 563 4396 medio
579 4344 676 4396 autem
691 4341 764 4397 deos
817 4338 995 4409 compererit
1023 4337 1080 4407 (33)
1100 4336 1214 4392 ιιιιιιιιιιι
1237 4352 1307 4393 esso
1330 4337 1461 4392 fructum
1482 4333 1649 4403 viduitatis,

95 4428 191 4499 (Psal.
208 4446 308 4498 cxxxi,
327 4429 363 4499 ι).
378 4453 389 4478 a
402 4428 517 4486 Sedens
534 4430 626 4502 igitur
639 4429 763 4502 judicat,
816 4426 916 4483 mallet
928 4442 1052 4483 servare
1068 4426 1155 4482 fldem
1171 4424 1315 4499 conjugii,
1342 4430 1371 4481 ct
1394 4425 1424 4480 in
1444 4423 1580 4480 tristibus
1596 4421 1649 4478 de-

85 4518 197 4586 adicat;
224 4523 252 4574 et
273 4516 387 4591 judicat
412 4520 448 4574 de
473 4519 667 4590 imperfectis,
687 4520 764 4575 inter
816 4532 899 4589 gere,
915 4531 1003 4589 quam
1017 4532 1051 4573 se
1066 4516 1189 4572 credere
1204 4514 1396 4570 laetioribus?
1417 4512 1490 4579 Quae
1514 4509 1648 4584 conjugii

85 4761 278 4818 relectionem
296 4761 597 4831 etpostulationema
619 4760 763 4815 todistin-
816 4759 888 4814 nulli
914 4759 1022 4813 hahent
1052 4756 1227 4829 plerumque
1258 4768 1313 4825 pro
1338 4760 1367 4816 τὸ
1387 4753 1531 4827 pleraque
1556 4773 1565 4809 :
1591 4754 1650 4810 illae

85 4834 128 4888 3¹¹⁸
144 4837 266 4898 noster;
292 4837 322 4886 ut
337 4833 476 4887 nimitum
490 4833 569 4887 illum
584 4776 669 4897 tYori.
686 4832 762 4887 hanc
815 4854 886 4894 vcro
911 4854 965 4908 pro
988 4837 1130 4893 deberem
1153 4841 1265 4907 ponunt
1287 4833 1456 4901 deberent,·
1471 4834 1548 4889 sieut
1563 4832 1650 4889 etiam

85 4903 146 4959 isse
166 4904 334 4975 signiticot;
352 4904 598 5029 {rrcmadmodum
613 4904 699 4972 epist.
716 4901 760 4971 15,
817 4911 902 4965 Rom.
918 4910 999 4975 edit,
1017 4924 1084 4980 quae
1099 4913 1244 4976 praeterea
1259 4904 1353 4974 eiiert,
1372 4929 1383 4954 ι
1401 4904 1511 4962 caveri.
1528 4904 1648 4961 Monoe-

102 4979 256 5046 utramque
281 4976 352 5046 liqui
375 4991 391 5030 o
416 4975 576 5044 separavit,
598 4974 634 5029 do
657 4978 761 5029 sancto
815 4997 889 5047 ram,
914 4980 987 5034 nihil
1009 4978 1163 5051 proieci.»
1190 4978 1284 5033 lntolli
1308 4977 1366 5032 itur
1400 4981 1497 5033 autem
1521 4991 1559 5032 ex
1581 4976 1649 5032 istis

85 5062 105 5102 a
120 5046 246 5117 loquens
263 5063 269 5101 :
289 5070 300 5093 a
318 5048 342 5099 h
357 5045 569 5101 Macedonibus
584 5046 760 5102 obsecratus
815 5052 917 5107 verbis
940 5049 1132 5107 Ambrosium
1157 5066 1211 5120 per
1233 5065 1268 5104 se
1286 4994 1384 5119 §radias
1406 5047 1595 5118 monasterii,
1621 5048 1652 5103 in

85 5118 186 5174 *tectus
202 5135 218 5171 «t
233 5118 451 5172 sacerdotibus·
472 5142 482 5165 r
773 5135 874 5198 uno
899 5123 1033 5178 vixerant
1054 5121 1220 5178 Sarmatian
1244 5138 1278 5176 ac
1307 5120 1522 5188 ltarhatianus,
1548 5134 1651 5175 curam

85 5189 242 5257 texuero,
258 5188 632 5244 ¹1¹0110tttt¹⁰t⁰tittstttt¹it
649 5211 660 5237 r
817 5210 933 5269 gerere,
958 5194 1074 5250 tametsi
1095 5194 1123 5247 ei
1148 5192 1333 5248 sacerdotem
1356 5207 1475 5265 quoque
1498 5190 1652 5262 proesocis·

85 5276 118 5317 us
132 5259 225 5315 hosce
250 5263 400 5330 apostatas
421 5262 583 5317 monachos
594 5258 658 5332 jam
671 5275 760 5330 pers·
817 5271 873 5337 set,
890 5270 922 5322 ut
936 5269 1062 5322 testatur
1075 5264 1263 5338 Augustinus
1279 5264 1329 5318 lib.
1346 5264 1390 5319 Do
1409 5261 1542 5319 moribus
1565 5260 1649 5317 Eccl.

85 5334 167 5387 actus
182 5332 371 5399 Ambrosiam,
390 5332 495 5387 linarr.
512 5333 541 5387 in
557 5331 637 5386 Psoi.
657 5347 760 5400 xxxvl,
818 5338 904 5395 Cam,
925 5354 990 5408 cap,
1011 5336 1056 5405 33,
1080 5351 1208 5407 quocum
1231 5351 1298 5408 quaa
1322 5335 1400 5389 idem
1424 5333 1474 5389 lib.
1495 5349 1558 5402 van,
1576 5330 1650 5386 Con-

85 5402 136 5459 ubi
151 5404 238 5458 tacito
255 5419 357 5458 ⁰01'tttss
373 5404 499 5470 ss0ffli¹t⁰a
509 5419 597 5474 quam
614 5403 762 5457 simillima
815 5410 889 5466 less.
906 5427 931 5466 e.
948 5410 1017 5465 (ide
1031 5407 1135 5465 eodem
1151 5408 1296 5463 asceterio
1307 5409 1459 5475 memorat,
1470 5399 1650 5459 conseranda

85 5475 121 5530 ric
138 5472 286 5543 dicuntur,
312 5476 341 5528 in
365 5475 432 5529 illos
449 5475 564 5530 scribit.
582 5474 692 5529 Eorum
708 5491 762 5528 au·
816 5485 895 5537 sunt,

85 5545 132 5601 sis
146 5561 183 5601 ex
198 5550 274 5601 tetro
288 5546 436 5601 loviniani
453 5547 532 5601 sonte
547 5549 645 5601 ortum
669 5544 762 5600 dare-
850 5552 907 5623 (33)
923 5553 998 5609 Edit,
1014 5566 1119 5608 omnes
1155 5568 1191 5609 ac
1214 5550 1300 5620 pauci
1315 5566 1401 5617 mss„
1425 5568 1437 5595 a
1455 5558 1523 5599 eum
1538 5558 1647 5597 concc-

85 5616 143 5690 ljtls
159 5617 315 5672 erroribus·
332 5618 439 5691 agitur,
457 5616 543 5687 epist.
568 5616 602 5670 ’Ὠ
626 5615 663 5671 ud
678 5615 763 5688 Syri·
814 5626 889 5752 Eripit
903 5669 919 5752 ‚f
929 5649 941 5675 ι
957 5594 1303 5753 gligdmsfi,3'010ffinlius‚
1321 5644 1333 5667 a
1349 5634 1418 5744 ultimi}
1432 5613 1650 5743 ttoffiell‘lffiua

826 5712 1038 5753 siurac.
1094 5712 1154 5759 e..
1221 5707 1326 5750 amco

91 5773 150 5825 vet.
169 5770 236 5826 edit.
254 5774 283 5825 ct
298 5786 384 5831 mss,
402 5770 460 5827 nisi
476 5769 554 5842 quod
569 5768 676 5824 horum
691 5784 763 5825 non·
815 5769 985 5843 fragilitate.
1006 5792 1017 5815 a
1112 5713 1133 5768 g
1327 5708 1359 5763 ω
1383 5705 1403 5761 g
