<?xml version="1.0" encoding="UTF-8"?>
<!DOCTYPE html PUBLIC "-//W3C//DTD XHTML 1.0 Transitional//EN"
    "http://www.w3.org/TR/xhtml1/DTD/xhtml1-transitional.dtd">
<html xmlns="http://www.w3.org/1999/xhtml" xml:lang="en" lang="en">
 <head>
  <title>
</title>
<meta http-equiv="Content-Type" content="text/html;charset=utf-8" />
  <meta name='ocr-system' content='tesseract 3.04.00' />
  <meta name='ocr-capabilities' content='ocr_page ocr_carea ocr_par ocr_line ocrx_word'/>
</head>
<body>
  <div class='ocr_page' id='page_1' title='image "./patrologiaecurs70unkngoog_0468.png"; bbox 0 0 3900 6128; ppageno 0'>
   <div class='ocr_carea' id='block_1_1' title="bbox 545 272 1682 411">
    <p class='ocr_par' dir='ltr' id='par_1_1' title="bbox 545 272 1682 411">
     <span class='ocr_line' id='line_1_1' title="bbox 545 272 1682 411; baseline -0.004 -17"><span class='ocrx_word' id='word_1_1' title='bbox 545 309 851 395; x_wconf 77' lang='lat' dir='ltr'><strong>srisiomnmi</strong></span> <span class='ocrx_word' id='word_1_2' title='bbox 870 307 1044 394; x_wconf 79' lang='lat' dir='ltr'><strong>cnissis</strong></span> <span class='ocrx_word' id='word_1_3' title='bbox 1063 327 1087 393; x_wconf 88' lang='lat'><strong>1.</strong></span> <span class='ocrx_word' id='word_1_4' title='bbox 1513 272 1517 283; x_wconf 68' lang='grc'><strong>’</strong></span> <span class='ocrx_word' id='word_1_5' title='bbox 1620 333 1682 411; x_wconf 69' lang='lat' dir='ltr'><strong>cn,</strong></span> 
     </span>
    </p>
   </div>
   <div class='ocr_carea' id='block_1_2' title="bbox 84 521 1686 4456">
    <p class='ocr_par' dir='ltr' id='par_1_2' title="bbox 84 521 1682 2304">
     <span class='ocr_line' id='line_1_2' title="bbox 85 521 1679 614; baseline 0.006 -21"><span class='ocrx_word' id='word_1_6' title='bbox 85 552 106 593; x_wconf 93' lang='lat' dir='ltr'><strong>n</strong></span> <span class='ocrx_word' id='word_1_7' title='bbox 119 537 239 594; x_wconf 80' lang='lat' dir='ltr'><strong>defluat.</strong></span> <span class='ocrx_word' id='word_1_8' title='bbox 256 539 394 596; x_wconf 89' lang='lat' dir='ltr'><strong>Secundo</strong></span> <span class='ocrx_word' id='word_1_9' title='bbox 418 543 448 597; x_wconf 90' lang='lat' dir='ltr'><strong>et</strong></span> <span class='ocrx_word' id='word_1_10' title='bbox 470 541 556 599; x_wconf 87' lang='lat' dir='ltr'><strong>tertio</strong></span> <span class='ocrx_word' id='word_1_11' title='bbox 579 541 645 599; x_wconf 92' lang='lat' dir='ltr'><strong>loco</strong></span> <span class='ocrx_word' id='word_1_12' title='bbox 665 542 695 598; x_wconf 86' lang='lat' dir='ltr'><strong>iii</strong></span> <span class='ocrx_word' id='word_1_13' title='bbox 710 541 789 598; x_wconf 86' lang='lat' dir='ltr'><strong>Scri·</strong></span> <span class='ocrx_word' id='word_1_14' title='bbox 801 521 832 591; x_wconf 68' lang='grc' dir='ltr'><strong><em>λ</em></strong></span> <span class='ocrx_word' id='word_1_15' title='bbox 845 554 948 596; x_wconf 83' lang='lat' dir='ltr'><strong>aarum</strong></span> <span class='ocrx_word' id='word_1_16' title='bbox 962 538 1098 595; x_wconf 77' lang='lat' dir='ltr'><strong>arbitror.</strong></span> <span class='ocrx_word' id='word_1_17' title='bbox 1115 537 1172 595; x_wconf 90' lang='lat' dir='ltr'><strong>Sed</strong></span> <span class='ocrx_word' id='word_1_18' title='bbox 1189 538 1257 611; x_wconf 89' lang='lat' dir='ltr'><strong>quia</strong></span> <span class='ocrx_word' id='word_1_19' title='bbox 1267 538 1454 613; x_wconf 89' lang='lat' dir='ltr'><strong>pleraquead</strong></span> <span class='ocrx_word' id='word_1_20' title='bbox 1465 542 1597 614; x_wconf 85' lang='lat' dir='ltr'><strong>speeiem</strong></span> <span class='ocrx_word' id='word_1_21' title='bbox 1608 543 1679 602; x_wconf 86' lang='lat' dir='ltr'><strong>laci·</strong></span> 
     </span>
     <span class='ocr_line' id='line_1_3' title="bbox 85 621 1679 706; baseline 0.006 -23"><span class='ocrx_word' id='word_1_22' title='bbox 85 627 234 684; x_wconf 79' lang='lat' dir='ltr'><strong>tacuimus</strong></span> <span class='ocrx_word' id='word_1_23' title='bbox 256 621 331 685; x_wconf 77' lang='lat'><strong>768</strong></span> <span class='ocrx_word' id='word_1_24' title='bbox 355 630 533 686; x_wconf 74' lang='lat' dir='ltr'><strong>obstetrices</strong></span> <span class='ocrx_word' id='word_1_25' title='bbox 548 631 715 701; x_wconf 70' lang='lat' dir='ltr'><strong>adhibitas,</strong></span> <span class='ocrx_word' id='word_1_26' title='bbox 736 631 790 686; x_wconf 91' lang='lat' dir='ltr'><strong>sed</strong></span> <span class='ocrx_word' id='word_1_27' title='bbox 844 644 923 699; x_wconf 88' lang='lat' dir='ltr'><strong>mus,</strong></span> <span class='ocrx_word' id='word_1_28' title='bbox 935 627 1041 683; x_wconf 91' lang='lat' dir='ltr'><strong>uouad</strong></span> <span class='ocrx_word' id='word_1_29' title='bbox 1056 627 1226 697; x_wconf 68' lang='lat' dir='ltr'><strong>veritatem,</strong></span> <span class='ocrx_word' id='word_1_30' title='bbox 1249 631 1277 683; x_wconf 92' lang='lat' dir='ltr'><strong>et</strong></span> <span class='ocrx_word' id='word_1_31' title='bbox 1291 629 1404 685; x_wconf 86' lang='lat' dir='ltr'><strong>erroris</strong></span> <span class='ocrx_word' id='word_1_32' title='bbox 1418 631 1512 703; x_wconf 91' lang='lat' dir='ltr'><strong>gratia</strong></span> <span class='ocrx_word' id='word_1_33' title='bbox 1527 634 1679 706; x_wconf 90' lang='lat' dir='ltr'><strong>complura</strong></span> 
     </span>
     <span class='ocr_line' id='line_1_4' title="bbox 85 715 1679 792; baseline 0.006 -22"><span class='ocrx_word' id='word_1_34' title='bbox 85 717 186 787; x_wconf 85' lang='lat' dir='ltr'><strong>partui,</strong></span> <span class='ocrx_word' id='word_1_35' title='bbox 201 733 349 790; x_wconf 90' lang='lat' dir='ltr'><strong>nusquam</strong></span> <span class='ocrx_word' id='word_1_36' title='bbox 359 720 548 790; x_wconf 88' lang='lat' dir='ltr'><strong>inspectioni.</strong></span> <span class='ocrx_word' id='word_1_37' title='bbox 560 720 660 775; x_wconf 87' lang='lat' dir='ltr'><strong>Primo</strong></span> <span class='ocrx_word' id='word_1_38' title='bbox 671 719 720 774; x_wconf 91' lang='lat' dir='ltr'><strong>ubi</strong></span> <span class='ocrx_word' id='word_1_39' title='bbox 734 721 790 775; x_wconf 83' lang='lat' dir='ltr'><strong>Re·</strong></span> <span class='ocrx_word' id='word_1_40' title='bbox 844 717 1016 790; x_wconf 79' lang='lat' dir='ltr'><strong>frequenter</strong></span> <span class='ocrx_word' id='word_1_41' title='bbox 1038 715 1250 787; x_wconf 74' lang='lat' dir='ltr'><strong>praetendimus</strong></span> <span class='ocrx_word' id='word_1_42' title='bbox 1273 720 1356 785; x_wconf 90' lang='lat' dir='ltr'><strong>(suat</strong></span> <span class='ocrx_word' id='word_1_43' title='bbox 1375 718 1455 775; x_wconf 90' lang='lat' dir='ltr'><strong>enim</strong></span> <span class='ocrx_word' id='word_1_44' title='bbox 1477 721 1529 792; x_wconf 91' lang='lat' dir='ltr'><strong>qui</strong></span> <span class='ocrx_word' id='word_1_45' title='bbox 1543 723 1679 781; x_wconf 74' lang='lat' dir='ltr'><strong>nesciam</strong></span> 
     </span>
     <span class='ocr_line' id='line_1_5' title="bbox 85 804 1677 882; baseline 0.006 -21"><span class='ocrx_word' id='word_1_46' title='bbox 85 805 162 861; x_wconf 86' lang='lat' dir='ltr'><strong>turit</strong></span> <span class='ocrx_word' id='word_1_47' title='bbox 177 805 264 875; x_wconf 86' lang='lat' dir='ltr'><strong>(Geir.</strong></span> <span class='ocrx_word' id='word_1_48' title='bbox 284 824 376 877; x_wconf 81' lang='lat' dir='ltr'><strong>xxxv,</strong></span> <span class='ocrx_word' id='word_1_49' title='bbox 398 806 453 878; x_wconf 63' lang='lat'><strong>185,</strong></span> <span class='ocrx_word' id='word_1_50' title='bbox 473 807 580 864; x_wconf 89' lang='lat' dir='ltr'><strong>deinde</strong></span> <span class='ocrx_word' id='word_1_51' title='bbox 599 809 649 864; x_wconf 92' lang='lat' dir='ltr'><strong>ubi</strong></span> <span class='ocrx_word' id='word_1_52' title='bbox 664 809 792 864; x_wconf 79' lang='lat' dir='ltr'><strong>Thamar</strong></span> <span class='ocrx_word' id='word_1_53' title='bbox 845 809 924 861; x_wconf 89' lang='lat' dir='ltr'><strong>recte</strong></span> <span class='ocrx_word' id='word_1_54' title='bbox 947 804 1055 875; x_wconf 84' lang='lat' dir='ltr'><strong>iacere,</strong></span> <span class='ocrx_word' id='word_1_55' title='bbox 1080 804 1138 860; x_wconf 90' lang='lat' dir='ltr'><strong>nisi</strong></span> <span class='ocrx_word' id='word_1_56' title='bbox 1164 807 1242 860; x_wconf 89' lang='lat' dir='ltr'><strong>metu</strong></span> <span class='ocrx_word' id='word_1_57' title='bbox 1265 807 1372 877; x_wconf 76' lang='lat' dir='ltr'><strong>poenae)</strong></span> <span class='ocrx_word' id='word_1_58' title='bbox 1395 807 1598 882; x_wconf 86' lang='lat' dir='ltr'><strong>relinquamus</strong></span> <span class='ocrx_word' id='word_1_59' title='bbox 1620 813 1677 870; x_wconf 91' lang='lat' dir='ltr'><strong>hoc</strong></span> 
     </span>
     <span class='ocr_line' id='line_1_6' title="bbox 85 894 1677 972; baseline 0.006 -21"><span class='ocrx_word' id='word_1_60' title='bbox 85 909 134 951; x_wconf 86' lang='lat' dir='ltr'><strong>eri.</strong></span> <span class='ocrx_word' id='word_1_61' title='bbox 151 910 276 965; x_wconf 85' lang='lat' dir='ltr'><strong>xxxviii,</strong></span> <span class='ocrx_word' id='word_1_62' title='bbox 292 895 449 967; x_wconf 68' lang='lat' dir='ltr'><strong>il);tai·tio</strong></span> <span class='ocrx_word' id='word_1_63' title='bbox 465 899 516 953; x_wconf 92' lang='lat' dir='ltr'><strong>ubi</strong></span> <span class='ocrx_word' id='word_1_64' title='bbox 531 898 791 954; x_wconf 87' lang='lat' dir='ltr'><strong>necandosmares</strong></span> <span class='ocrx_word' id='word_1_65' title='bbox 844 894 915 964; x_wconf 90' lang='lat' dir='ltr'><strong>illis,</strong></span> <span class='ocrx_word' id='word_1_66' title='bbox 940 909 1017 967; x_wconf 88' lang='lat' dir='ltr'><strong>quas</strong></span> <span class='ocrx_word' id='word_1_67' title='bbox 1039 909 1099 950; x_wconf 90' lang='lat' dir='ltr'><strong>non</strong></span> <span class='ocrx_word' id='word_1_68' title='bbox 1123 895 1302 950; x_wconf 89' lang='lat' dir='ltr'><strong>verecundia</strong></span> <span class='ocrx_word' id='word_1_69' title='bbox 1319 900 1438 952; x_wconf 81' lang='lat' dir='ltr'><strong>revocat</strong></span> <span class='ocrx_word' id='word_1_70' title='bbox 1460 914 1478 953; x_wconf 93' lang='lat' dir='ltr'><strong>a</strong></span> <span class='ocrx_word' id='word_1_71' title='bbox 1501 899 1598 972; x_wconf 91' lang='lat' dir='ltr'><strong>lapsu,</strong></span> <span class='ocrx_word' id='word_1_72' title='bbox 1621 905 1677 962; x_wconf 87' lang='lat' dir='ltr'><strong>sed</strong></span> 
     </span>
     <span class='ocr_line' id='line_1_7' title="bbox 85 974 1677 1064; baseline 0.006 -25"><span class='ocrx_word' id='word_1_73' title='bbox 85 984 205 1039; x_wconf 87' lang='lat' dir='ltr'><strong>mandat</strong></span> <span class='ocrx_word' id='word_1_74' title='bbox 222 984 417 1040; x_wconf 79' lang='lat' dir='ltr'><strong>Hebraeorum</strong></span> <span class='ocrx_word' id='word_1_75' title='bbox 426 986 639 1042; x_wconf 86' lang='lat' dir='ltr'><strong>obstetricibus</strong></span> <span class='ocrx_word' id='word_1_76' title='bbox 649 987 758 1052; x_wconf 81' lang='lat' dir='ltr'><strong>(Fxod.</strong></span> <span class='ocrx_word' id='word_1_77' title='bbox 770 1003 790 1056; x_wconf 91' lang='lat' dir='ltr'><strong>i,</strong></span> <span class='ocrx_word' id='word_1_78' title='bbox 844 981 929 1038; x_wconf 91' lang='lat' dir='ltr'><strong>solus</strong></span> <span class='ocrx_word' id='word_1_79' title='bbox 951 980 1070 1054; x_wconf 80' lang='lat' dir='ltr'><strong>injuriae</strong></span> <span class='ocrx_word' id='word_1_80' title='bbox 1096 974 1225 1039; x_wconf 84' lang='lat' dir='ltr'><strong>d&#39;eterret</strong></span> <span class='ocrx_word' id='word_1_81' title='bbox 1252 987 1348 1040; x_wconf 90' lang='lat' dir='ltr'><strong>metus</strong></span> <span class='ocrx_word' id='word_1_82' title='bbox 1374 1001 1381 1041; x_wconf 96' lang='lat'><strong>:</strong></span> <span class='ocrx_word' id='word_1_83' title='bbox 1407 976 1480 1042; x_wconf 78' lang='lat'><strong>769</strong></span> <span class='ocrx_word' id='word_1_84' title='bbox 1505 989 1581 1060; x_wconf 90' lang='lat' dir='ltr'><strong>apud</strong></span> <span class='ocrx_word' id='word_1_85' title='bbox 1601 1004 1677 1064; x_wconf 88' lang='lat' dir='ltr'><strong>quas</strong></span> 
     </span>
     <span class='ocr_line' id='line_1_8' title="bbox 85 1070 1677 1150; baseline 0.008 -26"><span class='ocrx_word' id='word_1_86' title='bbox 85 1089 98 1139; x_wconf 93' lang='lat'><strong>,·</strong></span> <span class='ocrx_word' id='word_1_87' title='bbox 120 1073 239 1146; x_wconf 89' lang='lat' dir='ltr'><strong>quando</strong></span> <span class='ocrx_word' id='word_1_88' title='bbox 263 1074 483 1144; x_wconf 87' lang='lat' dir='ltr'><strong>responderunt</strong></span> <span class='ocrx_word' id='word_1_89' title='bbox 499 1075 568 1144; x_wconf 89' lang='lat' dir='ltr'><strong>illae,</strong></span> <span class='ocrx_word' id='word_1_90' title='bbox 584 1091 643 1130; x_wconf 92' lang='lat' dir='ltr'><strong>noa</strong></span> <span class='ocrx_word' id='word_1_91' title='bbox 658 1090 694 1130; x_wconf 92' lang='lat' dir='ltr'><strong>eo</strong></span> <span class='ocrx_word' id='word_1_92' title='bbox 709 1089 791 1130; x_wconf 89' lang='lat' dir='ltr'><strong>more</strong></span> <span class='ocrx_word' id='word_1_93' title='bbox 844 1070 924 1127; x_wconf 91' lang='lat' dir='ltr'><strong>nulla</strong></span> <span class='ocrx_word' id='word_1_94' title='bbox 946 1086 1018 1127; x_wconf 87' lang='lat' dir='ltr'><strong>cura</strong></span> <span class='ocrx_word' id='word_1_95' title='bbox 1037 1070 1171 1142; x_wconf 90' lang='lat' dir='ltr'><strong>pudoris,</strong></span> <span class='ocrx_word' id='word_1_96' title='bbox 1186 1076 1215 1126; x_wconf 91' lang='lat' dir='ltr'><strong>et</strong></span> <span class='ocrx_word' id='word_1_97' title='bbox 1231 1073 1375 1129; x_wconf 89' lang='lat' dir='ltr'><strong>castitatis</strong></span> <span class='ocrx_word' id='word_1_98' title='bbox 1389 1075 1494 1148; x_wconf 90' lang='lat' dir='ltr'><strong>gratia,</strong></span> <span class='ocrx_word' id='word_1_99' title='bbox 1511 1077 1566 1133; x_wconf 90' lang='lat' dir='ltr'><strong>sed</strong></span> <span class='ocrx_word' id='word_1_100' title='bbox 1581 1094 1677 1150; x_wconf 73' lang='lat' dir='ltr'><strong>paenae</strong></span> 
     </span>
     <span class='ocr_line' id='line_1_9' title="bbox 85 1159 1677 1236; baseline 0.006 -20"><span class='ocrx_word' id='word_1_101' title='bbox 85 1174 102 1216; x_wconf 89' lang='lat' dir='ltr'><strong>s</strong></span> <span class='ocrx_word' id='word_1_102' title='bbox 121 1160 249 1216; x_wconf 76' lang='lat' dir='ltr'><strong>feminas</strong></span> <span class='ocrx_word' id='word_1_103' title='bbox 269 1177 383 1232; x_wconf 88' lang='lat' dir='ltr'><strong>parere,</strong></span> <span class='ocrx_word' id='word_1_104' title='bbox 405 1177 463 1235; x_wconf 92' lang='lat' dir='ltr'><strong>quo</strong></span> <span class='ocrx_word' id='word_1_105' title='bbox 483 1163 600 1234; x_wconf 88' lang='lat' dir='ltr'><strong>pariunt</strong></span> <span class='ocrx_word' id='word_1_106' title='bbox 614 1163 789 1235; x_wconf 76' lang='lat' dir='ltr'><strong>AEgyptiae:</strong></span> <span class='ocrx_word' id='word_1_107' title='bbox 844 1160 933 1214; x_wconf 88' lang='lat' dir='ltr'><strong>timor</strong></span> <span class='ocrx_word' id='word_1_108' title='bbox 946 1163 1003 1215; x_wconf 91' lang='lat' dir='ltr'><strong>ast.</strong></span> <span class='ocrx_word' id='word_1_109' title='bbox 1015 1159 1677 1236; x_wconf 77' lang='lat' dir='ltr'><strong>Relinquamusremaculis,quibusformido</strong></span> 
     </span>
     <span class='ocr_line' id='line_1_10' title="bbox 85 1247 1678 1324; baseline 0.006 -21"><span class='ocrx_word' id='word_1_110' title='bbox 85 1264 172 1305; x_wconf 72' lang='lat' dir='ltr'><strong>iroeas</strong></span> <span class='ocrx_word' id='word_1_111' title='bbox 186 1250 271 1320; x_wconf 88' lang='lat' dir='ltr'><strong>prius</strong></span> <span class='ocrx_word' id='word_1_112' title='bbox 285 1266 400 1322; x_wconf 89' lang='lat' dir='ltr'><strong>parere,</strong></span> <span class='ocrx_word' id='word_1_113' title='bbox 415 1267 504 1324; x_wconf 88' lang='lat' dir='ltr'><strong>quain</strong></span> <span class='ocrx_word' id='word_1_114' title='bbox 527 1253 674 1307; x_wconf 89' lang='lat' dir='ltr'><strong>introeant</strong></span> <span class='ocrx_word' id='word_1_115' title='bbox 688 1251 792 1307; x_wconf 88' lang='lat' dir='ltr'><strong>obste·</strong></span> <span class='ocrx_word' id='word_1_116' title='bbox 846 1251 892 1303; x_wconf 87' lang='lat' dir='ltr'><strong>est</strong></span> <span class='ocrx_word' id='word_1_117' title='bbox 906 1247 1086 1320; x_wconf 75' lang='lat' dir='ltr'><strong>deprehendi</strong></span> <span class='ocrx_word' id='word_1_118' title='bbox 1100 1250 1197 1321; x_wconf 89' lang='lat' dir='ltr'><strong>magis</strong></span> <span class='ocrx_word' id='word_1_119' title='bbox 1212 1265 1301 1321; x_wconf 90' lang='lat' dir='ltr'><strong>quam</strong></span> <span class='ocrx_word' id='word_1_120' title='bbox 1315 1266 1469 1322; x_wconf 89' lang='lat' dir='ltr'><strong>peccasse.</strong></span> <span class='ocrx_word' id='word_1_121' title='bbox 1484 1253 1603 1312; x_wconf 77' lang='lat' dir='ltr'><strong>Absita</strong></span> <span class='ocrx_word' id='word_1_122' title='bbox 1618 1257 1678 1314; x_wconf 87' lang='lat' dir='ltr'><strong>vir·</strong></span> 
     </span>
     <span class='ocr_line' id='line_1_11' title="bbox 85 1336 1678 1418; baseline 0.006 -25"><span class='ocrx_word' id='word_1_123' title='bbox 85 1338 99 1393; x_wconf 88' lang='lat' dir='ltr'><strong>l</strong></span> <span class='ocrx_word' id='word_1_124' title='bbox 112 1353 177 1395; x_wconf 90' lang='lat' dir='ltr'><strong>eas.</strong></span> <span class='ocrx_word' id='word_1_125' title='bbox 192 1338 248 1404; x_wconf 93' lang='lat' dir='ltr'><strong>Qui</strong></span> <span class='ocrx_word' id='word_1_126' title='bbox 262 1339 348 1395; x_wconf 91' lang='lat' dir='ltr'><strong>locus</strong></span> <span class='ocrx_word' id='word_1_127' title='bbox 362 1343 394 1395; x_wconf 91' lang='lat' dir='ltr'><strong>ut</strong></span> <span class='ocrx_word' id='word_1_128' title='bbox 408 1341 557 1411; x_wconf 83' lang='lat' dir='ltr'><strong>superiori</strong></span> <span class='ocrx_word' id='word_1_129' title='bbox 580 1340 661 1395; x_wconf 90' lang='lat' dir='ltr'><strong>utilis</strong></span> <span class='ocrx_word' id='word_1_130' title='bbox 677 1340 713 1396; x_wconf 92' lang='lat' dir='ltr'><strong>ad</strong></span> <span class='ocrx_word' id='word_1_131' title='bbox 730 1340 791 1395; x_wconf 86' lang='lat' dir='ltr'><strong>lle·</strong></span> <span class='ocrx_word' id='word_1_132' title='bbox 845 1337 916 1409; x_wconf 90' lang='lat' dir='ltr'><strong>gine</strong></span> <span class='ocrx_word' id='word_1_133' title='bbox 932 1352 1029 1408; x_wconf 88' lang='lat' dir='ltr'><strong>saera,</strong></span> <span class='ocrx_word' id='word_1_134' title='bbox 1044 1340 1076 1392; x_wconf 89' lang='lat' dir='ltr'><strong>ut</strong></span> <span class='ocrx_word' id='word_1_135' title='bbox 1089 1336 1279 1395; x_wconf 85' lang='lat' dir='ltr'><strong>obstetricem</strong></span> <span class='ocrx_word' id='word_1_136' title='bbox 1294 1342 1411 1396; x_wconf 86' lang='lat' dir='ltr'><strong>noverit</strong></span> <span class='ocrx_word' id='word_1_137' title='bbox 1435 1356 1442 1397; x_wconf 91' lang='lat'>:</span> <span class='ocrx_word' id='word_1_138' title='bbox 1465 1347 1568 1413; x_wconf 90' lang='lat' dir='ltr'><strong>partus</strong></span> <span class='ocrx_word' id='word_1_139' title='bbox 1591 1348 1678 1418; x_wconf 87' lang='lat' dir='ltr'><strong>puta·</strong></span> 
     </span>
     <span class='ocr_line' id='line_1_12' title="bbox 85 1425 1677 1502; baseline 0.006 -19"><span class='ocrx_word' id='word_1_140' title='bbox 85 1427 245 1483; x_wconf 87' lang='lat' dir='ltr'><strong>nsalutem</strong></span> <span class='ocrx_word' id='word_1_141' title='bbox 258 1443 267 1498; x_wconf 74' lang='grc' dir='ltr'><strong>ς</strong></span> <span class='ocrx_word' id='word_1_142' title='bbox 281 1429 321 1483; x_wconf 90' lang='lat' dir='ltr'><strong>ita</strong></span> <span class='ocrx_word' id='word_1_143' title='bbox 337 1430 452 1500; x_wconf 90' lang='lat' dir='ltr'><strong>reliquo</strong></span> <span class='ocrx_word' id='word_1_144' title='bbox 469 1429 668 1502; x_wconf 89' lang='lat' dir='ltr'><strong>coalragosus</strong></span> <span class='ocrx_word' id='word_1_145' title='bbox 684 1429 721 1484; x_wconf 90' lang='lat' dir='ltr'><strong>ud</strong></span> <span class='ocrx_word' id='word_1_146' title='bbox 735 1427 791 1485; x_wconf 90' lang='lat' dir='ltr'><strong>ob·</strong></span> <span class='ocrx_word' id='word_1_147' title='bbox 845 1429 903 1496; x_wconf 92' lang='lat' dir='ltr'><strong>tur,</strong></span> <span class='ocrx_word' id='word_1_148' title='bbox 933 1429 962 1481; x_wconf 91' lang='lat' dir='ltr'><strong>at</strong></span> <span class='ocrx_word' id='word_1_149' title='bbox 984 1425 1148 1482; x_wconf 84' lang='lat' dir='ltr'><strong>remedium</strong></span> <span class='ocrx_word' id='word_1_150' title='bbox 1171 1425 1284 1484; x_wconf 89' lang='lat' dir='ltr'><strong>doloris</strong></span> <span class='ocrx_word' id='word_1_151' title='bbox 1309 1428 1436 1500; x_wconf 78' lang='lat' dir='ltr'><strong>ducitur,</strong></span> <span class='ocrx_word' id='word_1_152' title='bbox 1464 1447 1524 1487; x_wconf 90' lang='lat' dir='ltr'><strong>non</strong></span> <span class='ocrx_word' id='word_1_153' title='bbox 1552 1448 1677 1492; x_wconf 81' lang='lat' dir='ltr'><strong>examen</strong></span> 
     </span>
     <span class='ocr_line' id='line_1_13' title="bbox 85 1514 1678 1595; baseline 0.007 -25"><span class='ocrx_word' id='word_1_154' title='bbox 85 1531 114 1573; x_wconf 89' lang='lat' dir='ltr'><strong>m</strong></span> <span class='ocrx_word' id='word_1_155' title='bbox 125 1517 224 1587; x_wconf 89' lang='lat' dir='ltr'><strong>tidem,</strong></span> <span class='ocrx_word' id='word_1_156' title='bbox 239 1533 306 1590; x_wconf 89' lang='lat' dir='ltr'><strong>quaa</strong></span> <span class='ocrx_word' id='word_1_157' title='bbox 318 1518 483 1574; x_wconf 89' lang='lat' dir='ltr'><strong>didicerunt</strong></span> <span class='ocrx_word' id='word_1_158' title='bbox 493 1519 610 1574; x_wconf 90' lang='lat' dir='ltr'><strong>mentiri</strong></span> <span class='ocrx_word' id='word_1_159' title='bbox 620 1534 674 1589; x_wconf 88' lang='lat' dir='ltr'><strong>pro</strong></span> <span class='ocrx_word' id='word_1_160' title='bbox 684 1518 790 1590; x_wconf 89' lang='lat' dir='ltr'><strong>salute,</strong></span> <span class='ocrx_word' id='word_1_161' title='bbox 844 1514 977 1587; x_wconf 89' lang='lat' dir='ltr'><strong>pudoris.</strong></span> <span class='ocrx_word' id='word_1_162' title='bbox 995 1515 1209 1587; x_wconf 83' lang='lat' dir='ltr'><strong>Relinquamue</strong></span> <span class='ocrx_word' id='word_1_163' title='bbox 1223 1517 1310 1572; x_wconf 89' lang='lat' dir='ltr'><strong>etiam</strong></span> <span class='ocrx_word' id='word_1_164' title='bbox 1325 1518 1395 1591; x_wconf 87' lang='lat' dir='ltr'><strong>illie,</strong></span> <span class='ocrx_word' id='word_1_165' title='bbox 1409 1521 1434 1574; x_wconf 92' lang='lat' dir='ltr'><strong>si</strong></span> <span class='ocrx_word' id='word_1_166' title='bbox 1451 1536 1519 1594; x_wconf 89' lang='lat' dir='ltr'><strong>quaa</strong></span> <span class='ocrx_word' id='word_1_167' title='bbox 1533 1523 1678 1595; x_wconf 89' lang='lat' dir='ltr'><strong>gravibus</strong></span> 
     </span>
     <span class='ocr_line' id='line_1_14' title="bbox 85 1603 1679 1685; baseline 0.013 -36"><span class='ocrx_word' id='word_1_168' title='bbox 85 1618 171 1677; x_wconf 57' lang='lat' dir='ltr'><strong>epm</strong></span> <span class='ocrx_word' id='word_1_169' title='bbox 186 1607 388 1662; x_wconf 68' lang='lat' dir='ltr'><strong>excusatione,</strong></span> <span class='ocrx_word' id='word_1_170' title='bbox 844 1604 981 1675; x_wconf 74' lang='lat' dir='ltr'><strong>appetita</strong></span> <span class='ocrx_word' id='word_1_171' title='bbox 1008 1603 1176 1676; x_wconf 86' lang='lat' dir='ltr'><strong>calumniis,</strong></span> <span class='ocrx_word' id='word_1_172' title='bbox 1206 1621 1360 1678; x_wconf 79' lang='lat' dir='ltr'><strong>eppiessaa</strong></span> <span class='ocrx_word' id='word_1_173' title='bbox 1392 1611 1571 1668; x_wconf 88' lang='lat' dir='ltr'><strong>testimoniis</strong></span> <span class='ocrx_word' id='word_1_174' title='bbox 1599 1612 1679 1685; x_wconf 81' lang='grc'>(60),</span> 
     </span>
     <span class='ocr_line' id='line_1_15' title="bbox 85 1691 1678 1774; baseline 0.006 -25"><span class='ocrx_word' id='word_1_175' title='bbox 85 1693 129 1749; x_wconf 85' lang='lat' dir='ltr'><strong>uid</strong></span> <span class='ocrx_word' id='word_1_176' title='bbox 143 1694 236 1766; x_wconf 89' lang='lat' dir='ltr'><strong>igitur</strong></span> <span class='ocrx_word' id='word_1_177' title='bbox 250 1700 388 1765; x_wconf 86' lang='lat' dir='ltr'><strong>suspecta</strong></span> <span class='ocrx_word' id='word_1_178' title='bbox 405 1696 532 1752; x_wconf 88' lang='lat' dir='ltr'><strong>etdubia</strong></span> <span class='ocrx_word' id='word_1_179' title='bbox 544 1700 694 1768; x_wconf 89' lang='lat' dir='ltr'><strong>captamus</strong></span> <span class='ocrx_word' id='word_1_180' title='bbox 705 1712 713 1766; x_wconf 82' lang='lat'>3</span> <span class='ocrx_word' id='word_1_181' title='bbox 725 1712 792 1752; x_wconf 93' lang='lat' dir='ltr'><strong>cuni</strong></span> <span class='ocrx_word' id='word_1_182' title='bbox 845 1691 1037 1766; x_wconf 82' lang='lat' dir='ltr'><strong>strangulatis</strong></span> <span class='ocrx_word' id='word_1_183' title='bbox 1061 1695 1256 1766; x_wconf 71' lang='lat' dir='ltr'><strong>argumentis,</strong></span> <span class='ocrx_word' id='word_1_184' title='bbox 1279 1696 1316 1751; x_wconf 90' lang='lat' dir='ltr'><strong>ad</strong></span> <span class='ocrx_word' id='word_1_185' title='bbox 1337 1696 1368 1751; x_wconf 93' lang='lat' dir='ltr'><strong>id</strong></span> <span class='ocrx_word' id='word_1_186' title='bbox 1391 1698 1574 1774; x_wconf 71' lang='lat' dir='ltr'><strong>confugiant,</strong></span> <span class='ocrx_word' id='word_1_187' title='bbox 1598 1704 1631 1757; x_wconf 89' lang='lat' dir='ltr'><strong>ut</strong></span> <span class='ocrx_word' id='word_1_188' title='bbox 1644 1717 1678 1758; x_wconf 89' lang='lat' dir='ltr'><strong>se</strong></span> 
     </span>
     <span class='ocr_line' id='line_1_16' title="bbox 84 1780 1681 1861; baseline 0.004 -22"><span class='ocrx_word' id='word_1_189' title='bbox 84 1783 211 1839; x_wconf 86' lang='lat' dir='ltr'><strong>aintalia</strong></span> <span class='ocrx_word' id='word_1_190' title='bbox 222 1785 425 1841; x_wconf 81' lang='lat' dir='ltr'><strong>examinandis</strong></span> <span class='ocrx_word' id='word_1_191' title='bbox 435 1787 567 1841; x_wconf 84' lang='lat' dir='ltr'><strong>veritatis</strong></span> <span class='ocrx_word' id='word_1_192' title='bbox 578 1787 754 1842; x_wconf 89' lang='lat' dir='ltr'><strong>documenta</strong></span> <span class='ocrx_word' id='word_1_193' title='bbox 764 1789 792 1842; x_wconf 91' lang='lat' dir='ltr'><strong>et</strong></span> <span class='ocrx_word' id='word_1_194' title='bbox 845 1780 969 1836; x_wconf 81' lang='lat' dir='ltr'><strong>offerant</strong></span> <span class='ocrx_word' id='word_1_195' title='bbox 993 1781 1186 1854; x_wconf 85' lang='lat' dir='ltr'><strong>inspectioni,</strong></span> <span class='ocrx_word' id='word_1_196' title='bbox 1210 1798 1269 1855; x_wconf 92' lang='lat' dir='ltr'><strong>quo</strong></span> <span class='ocrx_word' id='word_1_197' title='bbox 1299 1786 1346 1841; x_wconf 85' lang='lat' dir='ltr'><strong>rel</strong></span> <span class='ocrx_word' id='word_1_198' title='bbox 1374 1788 1510 1858; x_wconf 88' lang='lat' dir='ltr'><strong>corporis</strong></span> <span class='ocrx_word' id='word_1_199' title='bbox 1538 1790 1681 1861; x_wconf 87' lang='lat' dir='ltr'><strong>probetur</strong></span> 
     </span>
     <span class='ocr_line' id='line_1_17' title="bbox 85 1870 1680 1968; baseline 0.008 -42"><span class='ocrx_word' id='word_1_200' title='bbox 85 1871 792 1948; x_wconf 79' lang='lat' dir='ltr'><strong>iia,inquibuseiipressiorainsiguiaielteme</strong></span> <span class='ocrx_word' id='word_1_201' title='bbox 807 1871 981 1968; x_wconf 56' lang='lat' dir='ltr'><strong>„custodia</strong></span> <span class='ocrx_word' id='word_1_202' title='bbox 1003 1870 1032 1926; x_wconf 90' lang='lat' dir='ltr'><strong>si</strong></span> <span class='ocrx_word' id='word_1_203' title='bbox 1055 1874 1153 1926; x_wconf 88' lang='lat' dir='ltr'><strong>tamen</strong></span> <span class='ocrx_word' id='word_1_204' title='bbox 1174 1872 1356 1944; x_wconf 85' lang='lat' dir='ltr'><strong>deprehendi</strong></span> <span class='ocrx_word' id='word_1_205' title='bbox 1378 1880 1490 1949; x_wconf 85' lang='lat' dir='ltr'><strong>potest,</strong></span> <span class='ocrx_word' id='word_1_206' title='bbox 1515 1879 1546 1935; x_wconf 92' lang='lat' dir='ltr'><strong>in</strong></span> <span class='ocrx_word' id='word_1_207' title='bbox 1568 1878 1680 1952; x_wconf 90' lang='lat' dir='ltr'><strong>quibus</strong></span> 
     </span>
     <span class='ocr_line' id='line_1_18' title="bbox 85 1958 1680 2040; baseline 0.007 -24"><span class='ocrx_word' id='word_1_208' title='bbox 85 1961 150 2016; x_wconf 89' lang='lat' dir='ltr'><strong>oris</strong></span> <span class='ocrx_word' id='word_1_209' title='bbox 166 1962 249 2017; x_wconf 84' lang='lat' dir='ltr'><strong>sint?</strong></span> <span class='ocrx_word' id='word_1_210' title='bbox 263 1962 338 2028; x_wconf 87' lang='lat' dir='ltr'><strong>Quid</strong></span> <span class='ocrx_word' id='word_1_211' title='bbox 353 1965 432 2018; x_wconf 89' lang='lat' dir='ltr'><strong>enim</strong></span> <span class='ocrx_word' id='word_1_212' title='bbox 442 1965 576 2036; x_wconf 89' lang='lat' dir='ltr'><strong>estquod</strong></span> <span class='ocrx_word' id='word_1_213' title='bbox 587 1966 683 2037; x_wconf 90' lang='lat' dir='ltr'><strong>magis</strong></span> <span class='ocrx_word' id='word_1_214' title='bbox 693 1964 792 2037; x_wconf 89' lang='lat' dir='ltr'><strong>publi·</strong></span> <span class='ocrx_word' id='word_1_215' title='bbox 847 1963 928 2016; x_wconf 90' lang='lat' dir='ltr'><strong>nutat</strong></span> <span class='ocrx_word' id='word_1_216' title='bbox 941 1958 1066 2030; x_wconf 90' lang='lat' dir='ltr'><strong>pudoris</strong></span> <span class='ocrx_word' id='word_1_217' title='bbox 1080 1960 1184 2032; x_wconf 86' lang='lat' dir='ltr'><strong>gratia,</strong></span> <span class='ocrx_word' id='word_1_218' title='bbox 1201 1964 1229 2016; x_wconf 91' lang='lat' dir='ltr'><strong>et</strong></span> <span class='ocrx_word' id='word_1_219' title='bbox 1239 1960 1395 2034; x_wconf 89' lang='lat' dir='ltr'><strong>disciplina</strong></span> <span class='ocrx_word' id='word_1_220' title='bbox 1404 1967 1592 2040; x_wconf 75' lang='lat' dir='ltr'><strong>integritatis.</strong></span> <span class='ocrx_word' id='word_1_221' title='bbox 1604 1969 1680 2028; x_wconf 84' lang='lat' dir='ltr'><strong>Male</strong></span> 
     </span>
     <span class='ocr_line' id='line_1_19' title="bbox 85 2047 1682 2131; baseline 0.016 -42"><span class='ocrx_word' id='word_1_222' title='bbox 85 2065 195 2122; x_wconf 56' lang='lat' dir='ltr'><strong>‚quam</strong></span> <span class='ocrx_word' id='word_1_223' title='bbox 210 2049 322 2108; x_wconf 60' lang='lat' dir='ltr'><strong>offensa</strong></span> <span class='ocrx_word' id='word_1_224' title='bbox 337 2054 470 2124; x_wconf 59' lang='lat' dir='ltr'><strong>pudoris,</strong></span> <span class='ocrx_word' id='word_1_225' title='bbox 487 2058 515 2107; x_wconf 65' lang='lat'><strong>01</strong></span> <span class='ocrx_word' id='word_1_226' title='bbox 530 2054 682 2110; x_wconf 62' lang='lat' dir='ltr'><strong>defloratio</strong></span> <span class='ocrx_word' id='word_1_227' title='bbox 698 2055 791 2128; x_wconf 58' lang='lat' dir='ltr'><strong>virgi.</strong></span> <span class='ocrx_word' id='word_1_228' title='bbox 847 2052 943 2105; x_wconf 74' lang='lat' dir='ltr'><strong>tanim</strong></span> <span class='ocrx_word' id='word_1_229' title='bbox 958 2063 992 2103; x_wconf 90' lang='lat' dir='ltr'><strong>se</strong></span> <span class='ocrx_word' id='word_1_230' title='bbox 1007 2047 1096 2103; x_wconf 90' lang='lat' dir='ltr'><strong>babet</strong></span> <span class='ocrx_word' id='word_1_231' title='bbox 1111 2065 1210 2119; x_wconf 88' lang='lat' dir='ltr'><strong>causa,</strong></span> <span class='ocrx_word' id='word_1_232' title='bbox 1236 2051 1286 2106; x_wconf 93' lang='lat' dir='ltr'><strong>ubi</strong></span> <span class='ocrx_word' id='word_1_233' title='bbox 1308 2047 1405 2123; x_wconf 82' lang='lat' dir='ltr'><strong>potior</strong></span> <span class='ocrx_word' id='word_1_234' title='bbox 1417 2058 1464 2110; x_wconf 89' lang='lat' dir='ltr'><strong>eat</strong></span> <span class='ocrx_word' id='word_1_235' title='bbox 1478 2057 1577 2113; x_wconf 86' lang='lat' dir='ltr'><strong>carnis</strong></span> <span class='ocrx_word' id='word_1_236' title='bbox 1592 2073 1682 2131; x_wconf 87' lang='lat' dir='ltr'><strong>quain</strong></span> 
     </span>
     <span class='ocr_line' id='line_1_20' title="bbox 97 2138 1682 2220; baseline 0.007 -27"><span class='ocrx_word' id='word_1_237' title='bbox 97 2139 181 2195; x_wconf 86' lang='lat' dir='ltr'><strong>Nihil</strong></span> <span class='ocrx_word' id='word_1_238' title='bbox 196 2140 329 2211; x_wconf 84' lang='lat' dir='ltr'><strong>prolecto</strong></span> <span class='ocrx_word' id='word_1_239' title='bbox 340 2143 419 2215; x_wconf 93' lang='lat' dir='ltr'><strong>quod</strong></span> <span class='ocrx_word' id='word_1_240' title='bbox 430 2144 568 2216; x_wconf 87' lang='lat' dir='ltr'><strong>magisse</strong></span> <span class='ocrx_word' id='word_1_241' title='bbox 578 2143 691 2214; x_wconf 89' lang='lat' dir='ltr'><strong>prodat,</strong></span> <span class='ocrx_word' id='word_1_242' title='bbox 704 2159 792 2216; x_wconf 92' lang='lat' dir='ltr'><strong>quam</strong></span> <span class='ocrx_word' id='word_1_243' title='bbox 847 2138 954 2193; x_wconf 91' lang='lat' dir='ltr'><strong>mentis</strong></span> <span class='ocrx_word' id='word_1_244' title='bbox 969 2139 1177 2209; x_wconf 73' lang='lat' dir='ltr'><strong>praerogativa.</strong></span> <span class='ocrx_word' id='word_1_245' title='bbox 1194 2138 1271 2195; x_wconf 87' lang='lat' dir='ltr'><strong>Malo</strong></span> <span class='ocrx_word' id='word_1_246' title='bbox 1286 2156 1401 2197; x_wconf 91' lang='lat' dir='ltr'><strong>morum</strong></span> <span class='ocrx_word' id='word_1_247' title='bbox 1417 2143 1682 2220; x_wconf 84' lang='lat' dir='ltr'><strong>signaculo,quaai</strong></span> 
     </span>
     <span class='ocr_line' id='line_1_21' title="bbox 86 2226 1492 2304; baseline 0.015 -36"><span class='ocrx_word' id='word_1_248' title='bbox 86 2243 103 2285; x_wconf 64' lang='lat'>⁸</span> <span class='ocrx_word' id='word_1_249' title='bbox 118 2228 316 2300; x_wconf 55' lang='lat' dir='ltr'><strong>dispendium,</strong></span> <span class='ocrx_word' id='word_1_250' title='bbox 329 2231 481 2286; x_wconf 63' lang='lat' dir='ltr'><strong>qumeseji</strong></span> <span class='ocrx_word' id='word_1_251' title='bbox 495 2232 590 2304; x_wconf 59' lang='lat' dir='ltr'><strong>alvus,</strong></span> <span class='ocrx_word' id='word_1_252' title='bbox 607 2234 636 2288; x_wconf 66' lang='lat' dir='ltr'><strong>et</strong></span> <span class='ocrx_word' id='word_1_253' title='bbox 650 2232 793 2288; x_wconf 63' lang='lat' dir='ltr'><strong>inceden.</strong></span> <span class='ocrx_word' id='word_1_254' title='bbox 848 2227 984 2298; x_wconf 90' lang='lat' dir='ltr'><strong>corporis</strong></span> <span class='ocrx_word' id='word_1_255' title='bbox 998 2226 1128 2282; x_wconf 89' lang='lat' dir='ltr'><strong>claustro</strong></span> <span class='ocrx_word' id='word_1_256' title='bbox 1143 2227 1341 2300; x_wconf 88' lang='lat' dir='ltr'><strong>virginitatem</strong></span> <span class='ocrx_word' id='word_1_257' title='bbox 1357 2233 1492 2303; x_wconf 86' lang='lat' dir='ltr'><strong>exprimi.</strong></span> 
     </span>
    </p>

    <p class='ocr_par' dir='ltr' id='par_1_3' title="bbox 85 2314 1686 4456">
     <span class='ocr_line' id='line_1_22' title="bbox 85 2314 1682 2395; baseline 0.006 -23"><span class='ocrx_word' id='word_1_258' title='bbox 85 2333 123 2373; x_wconf 90' lang='lat' dir='ltr'><strong>us</strong></span> <span class='ocrx_word' id='word_1_259' title='bbox 145 2320 193 2373; x_wconf 91' lang='lat' dir='ltr'><strong>sui</strong></span> <span class='ocrx_word' id='word_1_260' title='bbox 218 2335 308 2374; x_wconf 89' lang='lat' dir='ltr'><strong>onera</strong></span> <span class='ocrx_word' id='word_1_261' title='bbox 332 2325 474 2392; x_wconf 73' lang='lat' dir='ltr'><strong>giriaci,</strong></span> <span class='ocrx_word' id='word_1_262' title='bbox 489 2325 520 2377; x_wconf 89' lang='lat' dir='ltr'><strong>ut</strong></span> <span class='ocrx_word' id='word_1_263' title='bbox 534 2323 793 2392; x_wconf 65' lang='lat' dir='ltr'><strong>praetermittamus</strong></span> <span class='ocrx_word' id='word_1_264' title='bbox 884 2315 929 2371; x_wconf 82' lang='lat'><strong>15.</strong></span> <span class='ocrx_word' id='word_1_265' title='bbox 954 2314 1019 2371; x_wconf 81' lang='lat' dir='ltr'><strong>lam</strong></span> <span class='ocrx_word' id='word_1_266' title='bbox 1041 2314 1113 2371; x_wconf 90' lang='lat' dir='ltr'><strong>illud</strong></span> <span class='ocrx_word' id='word_1_267' title='bbox 1135 2316 1321 2389; x_wconf 80' lang='lat' dir='ltr'><strong>praeclarum,</strong></span> <span class='ocrx_word' id='word_1_268' title='bbox 1345 2321 1425 2392; x_wconf 89' lang='lat' dir='ltr'><strong>quod</strong></span> <span class='ocrx_word' id='word_1_269' title='bbox 1444 2322 1593 2395; x_wconf 86' lang='lat' dir='ltr'><strong>scripsisti</strong></span> <span class='ocrx_word' id='word_1_270' title='bbox 1607 2325 1682 2382; x_wconf 89' lang='lat' dir='ltr'><strong>insi·</strong></span> 
     </span>
     <span class='ocr_line' id='line_1_23' title="bbox 85 2405 1683 2487; baseline 0.008 -26"><span class='ocrx_word' id='word_1_271' title='bbox 85 2406 152 2462; x_wconf 91' lang='lat' dir='ltr'><strong>ibus</strong></span> <span class='ocrx_word' id='word_1_272' title='bbox 168 2423 201 2463; x_wconf 90' lang='lat' dir='ltr'><strong>se</strong></span> <span class='ocrx_word' id='word_1_273' title='bbox 215 2409 262 2464; x_wconf 88' lang='lat' dir='ltr'><strong>vel</strong></span> <span class='ocrx_word' id='word_1_274' title='bbox 278 2410 365 2464; x_wconf 87' lang='lat' dir='ltr'><strong>tacita</strong></span> <span class='ocrx_word' id='word_1_275' title='bbox 380 2410 478 2480; x_wconf 90' lang='lat' dir='ltr'><strong>prodit</strong></span> <span class='ocrx_word' id='word_1_276' title='bbox 492 2411 684 2467; x_wconf 86' lang='lat' dir='ltr'><strong>conscientia.</strong></span> <span class='ocrx_word' id='word_1_277' title='bbox 849 2408 971 2463; x_wconf 90' lang='lat' dir='ltr'><strong>nuatum</strong></span> <span class='ocrx_word' id='word_1_278' title='bbox 998 2405 1051 2460; x_wconf 91' lang='lat' dir='ltr'><strong>tibi</strong></span> <span class='ocrx_word' id='word_1_279' title='bbox 1078 2420 1095 2459; x_wconf 93' lang='lat' dir='ltr'><strong>a</strong></span> <span class='ocrx_word' id='word_1_280' title='bbox 1117 2405 1296 2479; x_wconf 89' lang='lat' dir='ltr'><strong>quibusdam</strong></span> <span class='ocrx_word' id='word_1_281' title='bbox 1320 2408 1400 2481; x_wconf 90' lang='lat' dir='ltr'><strong>quod</strong></span> <span class='ocrx_word' id='word_1_282' title='bbox 1423 2426 1610 2487; x_wconf 87' lang='lat' dir='ltr'><strong>nequaquam</strong></span> <span class='ocrx_word' id='word_1_283' title='bbox 1628 2416 1683 2474; x_wconf 89' lang='lat' dir='ltr'><strong>tibi</strong></span> 
     </span>
     <span class='ocr_line' id='line_1_24' title="bbox 85 2493 1682 2576; baseline 0.008 -27"><span class='ocrx_word' id='word_1_284' title='bbox 85 2494 178 2573; x_wconf 82' lang='lat' dir='ltr'><strong>tiorte</strong></span> <span class='ocrx_word' id='word_1_285' title='bbox 189 2496 353 2552; x_wconf 81' lang='lat' dir='ltr'><strong>sterilitatis</strong></span> <span class='ocrx_word' id='word_1_286' title='bbox 362 2499 482 2555; x_wconf 89' lang='lat' dir='ltr'><strong>obtentu</strong></span> <span class='ocrx_word' id='word_1_287' title='bbox 493 2500 637 2555; x_wconf 87' lang='lat' dir='ltr'><strong>abscondi</strong></span> <span class='ocrx_word' id='word_1_288' title='bbox 645 2500 676 2555; x_wconf 92' lang='lat' dir='ltr'><strong>in</strong></span> <span class='ocrx_word' id='word_1_289' title='bbox 685 2499 793 2573; x_wconf 89' lang='lat' dir='ltr'><strong>aliqui·</strong></span> <span class='ocrx_word' id='word_1_290' title='bbox 850 2493 1113 2564; x_wconf 87' lang='lat' dir='ltr'><strong>communicarent,</strong></span> <span class='ocrx_word' id='word_1_291' title='bbox 1129 2496 1156 2549; x_wconf 93' lang='lat' dir='ltr'><strong>si</strong></span> <span class='ocrx_word' id='word_1_292' title='bbox 1170 2511 1236 2551; x_wconf 91' lang='lat' dir='ltr'><strong>eam</strong></span> <span class='ocrx_word' id='word_1_293' title='bbox 1250 2495 1317 2552; x_wconf 89' lang='lat' dir='ltr'><strong>siaa</strong></span> <span class='ocrx_word' id='word_1_294' title='bbox 1331 2496 1499 2557; x_wconf 89' lang='lat' dir='ltr'><strong>visitatione</strong></span> <span class='ocrx_word' id='word_1_295' title='bbox 1514 2503 1682 2576; x_wconf 89' lang='lat' dir='ltr'><strong>suscipien-</strong></span> 
     </span>
     <span class='ocr_line' id='line_1_25' title="bbox 85 2582 1681 2660; baseline 0.011 -24"><span class='ocrx_word' id='word_1_296' title='bbox 85 2584 127 2640; x_wconf 87' lang='lat' dir='ltr'><strong>sit</strong></span> <span class='ocrx_word' id='word_1_297' title='bbox 141 2585 294 2657; x_wconf 79' lang='lat' dir='ltr'><strong>flagitium.</strong></span> <span class='ocrx_word' id='word_1_298' title='bbox 311 2587 367 2641; x_wconf 88' lang='lat' dir='ltr'><strong>Hic</strong></span> <span class='ocrx_word' id='word_1_299' title='bbox 382 2604 453 2645; x_wconf 82' lang='lat' dir='ltr'><strong>varo</strong></span> <span class='ocrx_word' id='word_1_300' title='bbox 464 2604 531 2644; x_wconf 90' lang='lat' dir='ltr'><strong>cum</strong></span> <span class='ocrx_word' id='word_1_301' title='bbox 542 2589 639 2645; x_wconf 88' lang='lat' dir='ltr'><strong>editus</strong></span> <span class='ocrx_word' id='word_1_302' title='bbox 649 2594 752 2660; x_wconf 87' lang='lat' dir='ltr'><strong>partus</strong></span> <span class='ocrx_word' id='word_1_303' title='bbox 764 2592 793 2644; x_wconf 93' lang='lat' dir='ltr'><strong>et</strong></span> <span class='ocrx_word' id='word_1_304' title='bbox 849 2585 916 2639; x_wconf 90' lang='lat' dir='ltr'><strong>dein</strong></span> <span class='ocrx_word' id='word_1_305' title='bbox 931 2582 1081 2640; x_wconf 87' lang='lat' dir='ltr'><strong>crederes.</strong></span> <span class='ocrx_word' id='word_1_306' title='bbox 1098 2582 1178 2656; x_wconf 85' lang='lat' dir='ltr'><strong>Ergo</strong></span> <span class='ocrx_word' id='word_1_307' title='bbox 1189 2582 1344 2657; x_wconf 79' lang='lat' dir='ltr'><strong>judicandi</strong></span> <span class='ocrx_word' id='word_1_308' title='bbox 1356 2588 1499 2660; x_wconf 88' lang='lat' dir='ltr'><strong>accepisti</strong></span> <span class='ocrx_word' id='word_1_309' title='bbox 1514 2590 1681 2654; x_wconf 83' lang='lat' dir='ltr'><strong>formulam.</strong></span> 
     </span>
     <span class='ocr_line' id='line_1_26' title="bbox 85 2672 1682 2752; baseline 0.008 -24"><span class='ocrx_word' id='word_1_310' title='bbox 85 2688 127 2744; x_wconf 88' lang='lat' dir='ltr'><strong>as,</strong></span> <span class='ocrx_word' id='word_1_311' title='bbox 142 2674 191 2729; x_wconf 84' lang='lat' dir='ltr'><strong>vel</strong></span> <span class='ocrx_word' id='word_1_312' title='bbox 207 2681 329 2731; x_wconf 89' lang='lat' dir='ltr'><strong>necatus</strong></span> <span class='ocrx_word' id='word_1_313' title='bbox 351 2676 429 2747; x_wconf 79' lang='lat' dir='ltr'><strong>(dum</strong></span> <span class='ocrx_word' id='word_1_314' title='bbox 449 2677 566 2733; x_wconf 80' lang='lat' dir='ltr'><strong>invidiae</strong></span> <span class='ocrx_word' id='word_1_315' title='bbox 582 2679 688 2752; x_wconf 89' lang='lat' dir='ltr'><strong>magis,</strong></span> <span class='ocrx_word' id='word_1_316' title='bbox 705 2694 794 2750; x_wconf 90' lang='lat' dir='ltr'><strong>quam</strong></span> <span class='ocrx_word' id='word_1_317' title='bbox 849 2672 958 2739; x_wconf 89' lang='lat' dir='ltr'><strong>Quales</strong></span> <span class='ocrx_word' id='word_1_318' title='bbox 981 2672 1034 2742; x_wconf 89' lang='lat' dir='ltr'><strong>illi,</strong></span> <span class='ocrx_word' id='word_1_319' title='bbox 1059 2673 1110 2745; x_wconf 89' lang='lat' dir='ltr'><strong>qui</strong></span> <span class='ocrx_word' id='word_1_320' title='bbox 1134 2674 1236 2730; x_wconf 86' lang='lat' dir='ltr'><strong>volunt</strong></span> <span class='ocrx_word' id='word_1_321' title='bbox 1257 2677 1454 2747; x_wconf 76' lang='lat' dir='ltr'><strong>praescribere</strong></span> <span class='ocrx_word' id='word_1_322' title='bbox 1475 2682 1682 2742; x_wconf 87' lang='lat' dir='ltr'><strong>sacerdotibus</strong></span> 
     </span>
     <span class='ocr_line' id='line_1_27' title="bbox 85 2762 1684 2843; baseline 0.008 -24"><span class='ocrx_word' id='word_1_323' title='bbox 85 2763 127 2819; x_wconf 80' lang='lat' dir='ltr'><strong>ini</strong></span> <span class='ocrx_word' id='word_1_324' title='bbox 141 2765 317 2836; x_wconf 82' lang='lat' dir='ltr'><strong>consulitur)</strong></span> <span class='ocrx_word' id='word_1_325' title='bbox 333 2765 497 2836; x_wconf 88' lang='lat' dir='ltr'><strong>dissipatus</strong></span> <span class='ocrx_word' id='word_1_326' title='bbox 513 2768 553 2823; x_wconf 90' lang='lat' dir='ltr'><strong>sit</strong></span> <span class='ocrx_word' id='word_1_327' title='bbox 566 2783 715 2838; x_wconf 88' lang='lat' dir='ltr'><strong>perauree</strong></span> <span class='ocrx_word' id='word_1_328' title='bbox 726 2770 794 2823; x_wconf 85' lang='lat' dir='ltr'><strong>uni·</strong></span> <span class='ocrx_word' id='word_1_329' title='bbox 850 2763 920 2835; x_wconf 87' lang='lat' dir='ltr'><strong>quid</strong></span> <span class='ocrx_word' id='word_1_330' title='bbox 936 2762 1022 2834; x_wconf 90' lang='lat' dir='ltr'><strong>sequi</strong></span> <span class='ocrx_word' id='word_1_331' title='bbox 1037 2762 1199 2819; x_wconf 83' lang='lat' dir='ltr'><strong>debeamus</strong></span> <span class='ocrx_word' id='word_1_332' title='bbox 1209 2766 1224 2819; x_wconf 82' lang='lat' dir='ltr'><strong>‘l</strong></span> <span class='ocrx_word' id='word_1_333' title='bbox 1234 2764 1440 2823; x_wconf 72' lang='lat' dir='ltr'><strong>liberavimus</strong></span> <span class='ocrx_word' id='word_1_334' title='bbox 1450 2767 1549 2843; x_wconf 88' lang='lat' dir='ltr'><strong>itaqua</strong></span> <span class='ocrx_word' id='word_1_335' title='bbox 1563 2773 1591 2828; x_wconf 91' lang='lat' dir='ltr'><strong>te</strong></span> <span class='ocrx_word' id='word_1_336' title='bbox 1606 2788 1623 2828; x_wconf 92' lang='lat' dir='ltr'><strong>a</strong></span> <span class='ocrx_word' id='word_1_337' title='bbox 1637 2788 1684 2831; x_wconf 87' lang='lat' dir='ltr'><strong>co·</strong></span> 
     </span>
     <span class='ocr_line' id='line_1_28' title="bbox 88 2852 1683 2928; baseline 0.009 -22"><span class='ocrx_word' id='word_1_338' title='bbox 88 2868 128 2922; x_wconf 91' lang='lat' dir='ltr'><strong>m,</strong></span> <span class='ocrx_word' id='word_1_339' title='bbox 143 2855 326 2927; x_wconf 82' lang='lat' dir='ltr'><strong>strangulata</strong></span> <span class='ocrx_word' id='word_1_340' title='bbox 341 2855 519 2912; x_wconf 84' lang='lat' dir='ltr'><strong>estlibertas</strong></span> <span class='ocrx_word' id='word_1_341' title='bbox 530 2858 754 2928; x_wconf 88' lang='lat' dir='ltr'><strong>calumniarum,</strong></span> <span class='ocrx_word' id='word_1_342' title='bbox 766 2857 795 2914; x_wconf 89' lang='lat' dir='ltr'><strong>si</strong></span> <span class='ocrx_word' id='word_1_343' title='bbox 850 2852 993 2925; x_wconf 90' lang='lat' dir='ltr'><strong>gnitiouis</strong></span> <span class='ocrx_word' id='word_1_344' title='bbox 1008 2853 1198 2926; x_wconf 81' lang='lat' dir='ltr'><strong>gravissimae</strong></span> <span class='ocrx_word' id='word_1_345' title='bbox 1211 2856 1400 2928; x_wconf 86' lang='lat' dir='ltr'><strong>necessitate,</strong></span> <span class='ocrx_word' id='word_1_346' title='bbox 1426 2872 1463 2915; x_wconf 92' lang='lat' dir='ltr'><strong>ne</strong></span> <span class='ocrx_word' id='word_1_347' title='bbox 1485 2875 1612 2919; x_wconf 89' lang='lat' dir='ltr'><strong>necesse</strong></span> <span class='ocrx_word' id='word_1_348' title='bbox 1627 2861 1683 2919; x_wconf 87' lang='lat' dir='ltr'><strong>ha·</strong></span> 
     </span>
     <span class='ocr_line' id='line_1_29' title="bbox 97 2941 1686 3019; baseline 0.008 -22"><span class='ocrx_word' id='word_1_349' title='bbox 97 2942 212 3014; x_wconf 87' lang='lat' dir='ltr'><strong>Nempe</strong></span> <span class='ocrx_word' id='word_1_350' title='bbox 229 2944 353 3000; x_wconf 76' lang='lat' dir='ltr'><strong>Veronae</strong></span> <span class='ocrx_word' id='word_1_351' title='bbox 363 2945 426 3015; x_wconf 90' lang='lat' dir='ltr'><strong>luit,</strong></span> <span class='ocrx_word' id='word_1_352' title='bbox 437 2946 589 3002; x_wconf 86' lang='lat' dir='ltr'><strong>visebatur</strong></span> <span class='ocrx_word' id='word_1_353' title='bbox 597 2946 794 3018; x_wconf 78' lang='lat' dir='ltr'><strong>frequentare</strong></span> <span class='ocrx_word' id='word_1_354' title='bbox 850 2941 1111 2997; x_wconf 81' lang='lat' dir='ltr'><strong>be1·csformulnm</strong></span> <span class='ocrx_word' id='word_1_355' title='bbox 1125 2942 1290 2998; x_wconf 88' lang='lat' dir='ltr'><strong>mandatam</strong></span> <span class='ocrx_word' id='word_1_356' title='bbox 1306 2946 1441 3019; x_wconf 88' lang='lat' dir='ltr'><strong>exsequi.</strong></span> <span class='ocrx_word' id='word_1_357' title='bbox 1457 2947 1533 3015; x_wconf 88' lang='lat' dir='ltr'><strong>Quid</strong></span> <span class='ocrx_word' id='word_1_358' title='bbox 1544 2950 1686 3011; x_wconf 79' lang='lat' dir='ltr'><strong>nobista-</strong></span> 
     </span>
     <span class='ocr_line' id='line_1_30' title="bbox 85 3032 1685 3109; baseline 0.009 -25"><span class='ocrx_word' id='word_1_359' title='bbox 85 3046 129 3087; x_wconf 82' lang='lat' dir='ltr'><strong>ins</strong></span> <span class='ocrx_word' id='word_1_360' title='bbox 152 3036 182 3087; x_wconf 93' lang='lat' dir='ltr'><strong>et</strong></span> <span class='ocrx_word' id='word_1_361' title='bbox 200 3032 374 3089; x_wconf 89' lang='lat' dir='ltr'><strong>mulieribus</strong></span> <span class='ocrx_word' id='word_1_362' title='bbox 387 3049 395 3104; x_wconf 79' lang='lat'>3</span> <span class='ocrx_word' id='word_1_363' title='bbox 410 3034 440 3088; x_wconf 89' lang='lat' dir='ltr'><strong>iu</strong></span> <span class='ocrx_word' id='word_1_364' title='bbox 456 3035 569 3091; x_wconf 89' lang='lat' dir='ltr'><strong>honore</strong></span> <span class='ocrx_word' id='word_1_365' title='bbox 584 3037 662 3091; x_wconf 89' lang='lat' dir='ltr'><strong>enim</strong></span> <span class='ocrx_word' id='word_1_366' title='bbox 677 3051 796 3107; x_wconf 87' lang='lat' dir='ltr'><strong>semper</strong></span> <span class='ocrx_word' id='word_1_367' title='bbox 851 3035 950 3087; x_wconf 89' lang='lat' dir='ltr'><strong>turum</strong></span> <span class='ocrx_word' id='word_1_368' title='bbox 964 3034 1021 3102; x_wconf 87' lang='lat' dir='ltr'><strong>est,</strong></span> <span class='ocrx_word' id='word_1_369' title='bbox 1032 3032 1193 3105; x_wconf 88' lang='lat' dir='ltr'><strong>quieorum</strong></span> <span class='ocrx_word' id='word_1_370' title='bbox 1204 3032 1685 3109; x_wconf 80' lang='lat' dir='ltr'><strong>studiisaonobiemporavimust</strong></span> 
     </span>
     <span class='ocr_line' id='line_1_31' title="bbox 85 3119 1684 3202; baseline 0.006 -26"><span class='ocrx_word' id='word_1_371' title='bbox 85 3120 197 3176; x_wconf 78' lang='lat' dir='ltr'><strong>ebatur</strong></span> <span class='ocrx_word' id='word_1_372' title='bbox 213 3125 241 3178; x_wconf 89' lang='lat' dir='ltr'><strong>et</strong></span> <span class='ocrx_word' id='word_1_373' title='bbox 255 3138 271 3176; x_wconf 87' lang='lat' dir='ltr'><strong>a</strong></span> <span class='ocrx_word' id='word_1_374' title='bbox 287 3124 493 3178; x_wconf 84' lang='lat' dir='ltr'><strong>sacerdotibus</strong></span> <span class='ocrx_word' id='word_1_375' title='bbox 508 3127 628 3196; x_wconf 84' lang='lat' dir='ltr'><strong>propter</strong></span> <span class='ocrx_word' id='word_1_376' title='bbox 645 3126 794 3197; x_wconf 73' lang='lat' dir='ltr'><strong>pudicitiae</strong></span> <span class='ocrx_word' id='word_1_377' title='bbox 888 3120 932 3176; x_wconf 82' lang='lat' dir='ltr'><strong>lo.</strong></span> <span class='ocrx_word' id='word_1_378' title='bbox 948 3119 1007 3177; x_wconf 88' lang='lat' dir='ltr'><strong>Sed</strong></span> <span class='ocrx_word' id='word_1_379' title='bbox 1022 3123 1119 3178; x_wconf 89' lang='lat' dir='ltr'><strong>tamen</strong></span> <span class='ocrx_word' id='word_1_380' title='bbox 1135 3121 1199 3177; x_wconf 90' lang='lat' dir='ltr'><strong>ecio</strong></span> <span class='ocrx_word' id='word_1_381' title='bbox 1214 3121 1274 3178; x_wconf 92' lang='lat' dir='ltr'><strong>illic</strong></span> <span class='ocrx_word' id='word_1_382' title='bbox 1287 3122 1447 3197; x_wconf 89' lang='lat' dir='ltr'><strong>plerosque</strong></span> <span class='ocrx_word' id='word_1_383' title='bbox 1464 3141 1545 3199; x_wconf 88' lang='lat' dir='ltr'><strong>asse,</strong></span> <span class='ocrx_word' id='word_1_384' title='bbox 1570 3130 1620 3202; x_wconf 90' lang='lat' dir='ltr'><strong>qui</strong></span> <span class='ocrx_word' id='word_1_385' title='bbox 1645 3131 1684 3186; x_wconf 91' lang='lat' dir='ltr'><strong>ti·</strong></span> 
     </span>
     <span class='ocr_line' id='line_1_32' title="bbox 86 3209 1686 3328; baseline 0.009 -65"><span class='ocrx_word' id='word_1_386' title='bbox 86 3209 169 3279; x_wconf 90' lang='lat' dir='ltr'><strong>tiani,</strong></span> <span class='ocrx_word' id='word_1_387' title='bbox 178 3215 207 3265; x_wconf 94' lang='lat' dir='ltr'><strong>ct</strong></span> <span class='ocrx_word' id='word_1_388' title='bbox 216 3212 370 3283; x_wconf 79' lang='lat' dir='ltr'><strong>gravitatis</strong></span> <span class='ocrx_word' id='word_1_389' title='bbox 381 3214 544 3283; x_wconf 90' lang='lat' dir='ltr'><strong>speculum.</strong></span> <span class='ocrx_word' id='word_1_390' title='bbox 555 3214 707 3280; x_wconf 90' lang='lat' dir='ltr'><strong>Quomodo</strong></span> <span class='ocrx_word' id='word_1_391' title='bbox 721 3229 794 3287; x_wconf 87' lang='lat' dir='ltr'><strong>ergo</strong></span> <span class='ocrx_word' id='word_1_392' title='bbox 810 3215 950 3328; x_wconf 71' lang='lat' dir='ltr'><strong>cmeant</strong></span> <span class='ocrx_word' id='word_1_393' title='bbox 974 3210 1140 3266; x_wconf 87' lang='lat' dir='ltr'><strong>Dominum.</strong></span> <span class='ocrx_word' id='word_1_394' title='bbox 1163 3211 1238 3267; x_wconf 90' lang='lat' dir='ltr'><strong>Nam</strong></span> <span class='ocrx_word' id='word_1_395' title='bbox 1253 3214 1283 3267; x_wconf 88' lang='lat' dir='ltr'><strong>et</strong></span> <span class='ocrx_word' id='word_1_396' title='bbox 1305 3211 1356 3269; x_wconf 89' lang='lat' dir='ltr'><strong>hie</strong></span> <span class='ocrx_word' id='word_1_397' title='bbox 1374 3214 1503 3272; x_wconf 83' lang='lat' dir='ltr'><strong>vidimus</strong></span> <span class='ocrx_word' id='word_1_398' title='bbox 1518 3216 1639 3290; x_wconf 89' lang='lat' dir='ltr'><strong>dudum,</strong></span> <span class='ocrx_word' id='word_1_399' title='bbox 1655 3222 1686 3277; x_wconf 88' lang='lat' dir='ltr'><strong>et</strong></span> 
     </span>
     <span class='ocr_line' id='line_1_33' title="bbox 85 3298 1685 3381; baseline 0.007 -26"><span class='ocrx_word' id='word_1_400' title='bbox 85 3298 207 3355; x_wconf 87' lang='lat' dir='ltr'><strong>cautere</strong></span> <span class='ocrx_word' id='word_1_401' title='bbox 223 3300 344 3370; x_wconf 85' lang='lat' dir='ltr'><strong>crimen,</strong></span> <span class='ocrx_word' id='word_1_402' title='bbox 361 3302 441 3373; x_wconf 90' lang='lat' dir='ltr'><strong>quod</strong></span> <span class='ocrx_word' id='word_1_403' title='bbox 451 3318 485 3358; x_wconf 87' lang='lat' dir='ltr'><strong>sa</strong></span> <span class='ocrx_word' id='word_1_404' title='bbox 496 3303 542 3358; x_wconf 87' lang='lat' dir='ltr'><strong>vel</strong></span> <span class='ocrx_word' id='word_1_405' title='bbox 553 3303 654 3375; x_wconf 88' lang='lat' dir='ltr'><strong>specie</strong></span> <span class='ocrx_word' id='word_1_406' title='bbox 664 3305 711 3358; x_wconf 91' lang='lat' dir='ltr'><strong>sui</strong></span> <span class='ocrx_word' id='word_1_407' title='bbox 723 3320 794 3374; x_wconf 90' lang='lat' dir='ltr'><strong>pro·</strong></span> <span class='ocrx_word' id='word_1_408' title='bbox 851 3298 912 3355; x_wconf 91' lang='lat' dir='ltr'><strong>illic</strong></span> <span class='ocrx_word' id='word_1_409' title='bbox 926 3314 997 3356; x_wconf 88' lang='lat' dir='ltr'><strong>essa</strong></span> <span class='ocrx_word' id='word_1_410' title='bbox 1012 3299 1222 3372; x_wconf 88' lang='lat' dir='ltr'><strong>comperimus,</strong></span> <span class='ocrx_word' id='word_1_411' title='bbox 1239 3301 1289 3373; x_wconf 90' lang='lat' dir='ltr'><strong>qui</strong></span> <span class='ocrx_word' id='word_1_412' title='bbox 1303 3302 1497 3374; x_wconf 85' lang='lat' dir='ltr'><strong>compositam</strong></span> <span class='ocrx_word' id='word_1_413' title='bbox 1519 3306 1595 3363; x_wconf 85' lang='lat' dir='ltr'><strong>hauc</strong></span> <span class='ocrx_word' id='word_1_414' title='bbox 1608 3323 1685 3381; x_wconf 89' lang='lat' dir='ltr'><strong>que·</strong></span> 
     </span>
     <span class='ocr_line' id='line_1_34' title="bbox 87 3386 1686 3464; baseline 0.013 -30"><span class='ocrx_word' id='word_1_415' title='bbox 87 3386 241 3454; x_wconf 64' lang='lat' dir='ltr'><strong>Quomodo</strong></span> <span class='ocrx_word' id='word_1_416' title='bbox 266 3391 338 3445; x_wconf 68' lang='lat' dir='ltr'><strong>texit</strong></span> <span class='ocrx_word' id='word_1_417' title='bbox 353 3394 493 3447; x_wconf 69' lang='lat' dir='ltr'><strong>uterum?</strong></span> <span class='ocrx_word' id='word_1_418' title='bbox 507 3392 656 3464; x_wconf 83' lang='lat' dir='ltr'><strong>quomodo</strong></span> <span class='ocrx_word' id='word_1_419' title='bbox 671 3408 730 3449; x_wconf 82' lang='lat' dir='ltr'><strong>non</strong></span> <span class='ocrx_word' id='word_1_420' title='bbox 744 3408 794 3449; x_wconf 79' lang='lat' dir='ltr'><strong>ra·</strong></span> <span class='ocrx_word' id='word_1_421' title='bbox 853 3392 955 3444; x_wconf 88' lang='lat' dir='ltr'><strong>rantur</strong></span> <span class='ocrx_word' id='word_1_422' title='bbox 969 3389 1146 3445; x_wconf 87' lang='lat' dir='ltr'><strong>calumniam</strong></span> <span class='ocrx_word' id='word_1_423' title='bbox 1162 3404 1169 3446; x_wconf 91' lang='lat'><strong>:</strong></span> <span class='ocrx_word' id='word_1_424' title='bbox 1186 3406 1263 3462; x_wconf 91' lang='lat' dir='ltr'><strong>quos</strong></span> <span class='ocrx_word' id='word_1_425' title='bbox 1277 3390 1359 3447; x_wconf 90' lang='lat' dir='ltr'><strong>aiunt</strong></span> <span class='ocrx_word' id='word_1_426' title='bbox 1372 3407 1409 3447; x_wconf 91' lang='lat' dir='ltr'><strong>eo</strong></span> <span class='ocrx_word' id='word_1_427' title='bbox 1423 3392 1556 3452; x_wconf 79' lang='lat' dir='ltr'><strong>offensos</strong></span> <span class='ocrx_word' id='word_1_428' title='bbox 1571 3396 1686 3456; x_wconf 86' lang='lat' dir='ltr'><strong>lavisse</strong></span> 
     </span>
     <span class='ocr_line' id='line_1_35' title="bbox 85 3478 1685 3560; baseline 0.008 -28"><span class='ocrx_word' id='word_1_429' title='bbox 85 3482 219 3550; x_wconf 89' lang='lat' dir='ltr'><strong>spectum</strong></span> <span class='ocrx_word' id='word_1_430' title='bbox 248 3480 419 3551; x_wconf 85' lang='lat' dir='ltr'><strong>mulierum,</strong></span> <span class='ocrx_word' id='word_1_431' title='bbox 450 3481 554 3537; x_wconf 88' lang='lat' dir='ltr'><strong>oculos</strong></span> <span class='ocrx_word' id='word_1_432' title='bbox 582 3481 795 3539; x_wconf 76' lang='lat' dir='ltr'><strong>selutimtium?</strong></span> <span class='ocrx_word' id='word_1_433' title='bbox 852 3479 981 3534; x_wconf 83' lang='lat' dir='ltr'><strong>Maximo</strong></span> <span class='ocrx_word' id='word_1_434' title='bbox 996 3478 1685 3560; x_wconf 82' lang='lat' dir='ltr'><strong>(dt),qaodistarirgouoncircumeatdoiuos,</strong></span> 
     </span>
     <span class='ocr_line' id='line_1_36' title="bbox 85 3567 1683 3644; baseline 0.006 -22"><span class='ocrx_word' id='word_1_435' title='bbox 85 3567 109 3622; x_wconf 89' lang='lat' dir='ltr'><strong>lo</strong></span> <span class='ocrx_word' id='word_1_436' title='bbox 124 3568 294 3639; x_wconf 87' lang='lat' dir='ltr'><strong>parturiens</strong></span> <span class='ocrx_word' id='word_1_437' title='bbox 306 3572 588 3641; x_wconf 83' lang='lat' dir='ltr'><strong>vocemrepressitl</strong></span> <span class='ocrx_word' id='word_1_438' title='bbox 601 3570 659 3627; x_wconf 86' lang='lat' dir='ltr'><strong>Sed</strong></span> <span class='ocrx_word' id='word_1_439' title='bbox 671 3571 794 3628; x_wconf 90' lang='lat' dir='ltr'><strong>hocnon</strong></span> <span class='ocrx_word' id='word_1_440' title='bbox 852 3584 908 3625; x_wconf 89' lang='lat' dir='ltr'><strong>nec</strong></span> <span class='ocrx_word' id='word_1_441' title='bbox 933 3584 1036 3625; x_wconf 90' lang='lat' dir='ltr'><strong>eorum</strong></span> <span class='ocrx_word' id='word_1_442' title='bbox 1057 3572 1206 3624; x_wconf 77' lang='lat' dir='ltr'><strong>mulianas</strong></span> <span class='ocrx_word' id='word_1_443' title='bbox 1231 3570 1338 3627; x_wconf 91' lang='lat' dir='ltr'><strong>salutet</strong></span> <span class='ocrx_word' id='word_1_444' title='bbox 1360 3574 1448 3644; x_wconf 90' lang='lat' dir='ltr'><strong>atque</strong></span> <span class='ocrx_word' id='word_1_445' title='bbox 1468 3574 1587 3630; x_wconf 87' lang='lat' dir='ltr'><strong>ambiat.</strong></span> <span class='ocrx_word' id='word_1_446' title='bbox 1607 3574 1683 3644; x_wconf 90' lang='lat' dir='ltr'><strong>Quid</strong></span> 
     </span>
     <span class='ocr_line' id='line_1_37' title="bbox 85 3655 1685 3733; baseline 0.007 -22"><span class='ocrx_word' id='word_1_447' title='bbox 85 3655 169 3712; x_wconf 90' lang='lat' dir='ltr'><strong>dolor</strong></span> <span class='ocrx_word' id='word_1_448' title='bbox 184 3673 190 3712; x_wconf 94' lang='lat'>:</span> <span class='ocrx_word' id='word_1_449' title='bbox 207 3656 334 3729; x_wconf 87' lang='lat' dir='ltr'><strong>denique</strong></span> <span class='ocrx_word' id='word_1_450' title='bbox 349 3659 500 3730; x_wconf 86' lang='lat' dir='ltr'><strong>Scriptura</strong></span> <span class='ocrx_word' id='word_1_451' title='bbox 516 3660 572 3717; x_wconf 92' lang='lat' dir='ltr'><strong>hos</strong></span> <span class='ocrx_word' id='word_1_452' title='bbox 587 3661 733 3718; x_wconf 84' lang='lat' dir='ltr'><strong>maximos</strong></span> <span class='ocrx_word' id='word_1_453' title='bbox 748 3661 794 3717; x_wconf 92' lang='lat' dir='ltr'><strong>di·</strong></span> <span class='ocrx_word' id='word_1_454' title='bbox 854 3659 944 3733; x_wconf 89' lang='lat' dir='ltr'><strong>igitur</strong></span> <span class='ocrx_word' id='word_1_455' title='bbox 957 3658 1017 3731; x_wconf 89' lang='lat' dir='ltr'><strong>liet,</strong></span> <span class='ocrx_word' id='word_1_456' title='bbox 1033 3659 1181 3731; x_wconf 89' lang='lat' dir='ltr'><strong>quomodo</strong></span> <span class='ocrx_word' id='word_1_457' title='bbox 1197 3662 1276 3715; x_wconf 91' lang='lat' dir='ltr'><strong>tauto</strong></span> <span class='ocrx_word' id='word_1_458' title='bbox 1298 3675 1364 3716; x_wconf 90' lang='lat' dir='ltr'><strong>eam</strong></span> <span class='ocrx_word' id='word_1_459' title='bbox 1377 3676 1522 3719; x_wconf 81' lang='lat' dir='ltr'><strong>exuamus</strong></span> <span class='ocrx_word' id='word_1_460' title='bbox 1537 3665 1685 3722; x_wconf 75' lang='lat' dir='ltr'><strong>crimine?</strong></span> 
     </span>
     <span class='ocr_line' id='line_1_38' title="bbox 85 3747 1683 3828; baseline 0.008 -27"><span class='ocrx_word' id='word_1_461' title='bbox 85 3760 146 3818; x_wconf 86' lang='lat' dir='ltr'><strong>res,</strong></span> <span class='ocrx_word' id='word_1_462' title='bbox 162 3749 214 3819; x_wconf 93' lang='lat' dir='ltr'><strong>qui</strong></span> <span class='ocrx_word' id='word_1_463' title='bbox 229 3753 298 3804; x_wconf 91' lang='lat' dir='ltr'><strong>sunt</strong></span> <span class='ocrx_word' id='word_1_464' title='bbox 312 3751 486 3821; x_wconf 86' lang='lat' dir='ltr'><strong>paturientis</strong></span> <span class='ocrx_word' id='word_1_465' title='bbox 509 3750 595 3819; x_wconf 86' lang='lat' dir='ltr'><strong>(Gen.</strong></span> <span class='ocrx_word' id='word_1_466' title='bbox 614 3769 657 3822; x_wconf 90' lang='lat' dir='ltr'><strong>iii,</strong></span> <span class='ocrx_word' id='word_1_467' title='bbox 673 3751 728 3822; x_wconf 79' lang='lat' dir='ltr'><strong>lo).</strong></span> <span class='ocrx_word' id='word_1_468' title='bbox 744 3751 794 3808; x_wconf 88' lang='lat' dir='ltr'><strong>Sic</strong></span> <span class='ocrx_word' id='word_1_469' title='bbox 852 3748 1000 3822; x_wconf 89' lang='lat' dir='ltr'><strong>quomodo</strong></span> <span class='ocrx_word' id='word_1_470' title='bbox 1013 3747 1261 3820; x_wconf 86' lang='lat' dir='ltr'><strong>persuadebimus</strong></span> <span class='ocrx_word' id='word_1_471' title='bbox 1276 3753 1307 3804; x_wconf 94' lang='lat' dir='ltr'><strong>ut</strong></span> <span class='ocrx_word' id='word_1_472' title='bbox 1322 3748 1419 3807; x_wconf 87' lang='lat' dir='ltr'><strong>cultus</strong></span> <span class='ocrx_word' id='word_1_473' title='bbox 1433 3757 1567 3808; x_wconf 89' lang='lat' dir='ltr'><strong>assumat</strong></span> <span class='ocrx_word' id='word_1_474' title='bbox 1577 3769 1683 3828; x_wconf 86' lang='lat' dir='ltr'><strong>novos,</strong></span> 
     </span>
     <span class='ocr_line' id='line_1_39' title="bbox 85 3837 1684 3913; baseline 0.006 -21"><span class='ocrx_word' id='word_1_475' title='bbox 85 3839 169 3910; x_wconf 92' lang='lat' dir='ltr'><strong>iquit,</strong></span> <span class='ocrx_word' id='word_1_476' title='bbox 186 3839 251 3893; x_wconf 89' lang='lat' dir='ltr'><strong>dies</strong></span> <span class='ocrx_word' id='word_1_477' title='bbox 267 3838 381 3895; x_wconf 88' lang='lat' dir='ltr'><strong>Domini</strong></span> <span class='ocrx_word' id='word_1_478' title='bbox 398 3841 497 3897; x_wconf 90' lang='lat' dir='ltr'><strong>subito</strong></span> <span class='ocrx_word' id='word_1_479' title='bbox 507 3842 597 3912; x_wconf 78' lang='lat' dir='ltr'><strong>veuit,</strong></span> <span class='ocrx_word' id='word_1_480' title='bbox 612 3845 641 3896; x_wconf 90' lang='lat' dir='ltr'><strong>at</strong></span> <span class='ocrx_word' id='word_1_481' title='bbox 655 3842 794 3913; x_wconf 90' lang='lat' dir='ltr'><strong>improvi·</strong></span> <span class='ocrx_word' id='word_1_482' title='bbox 853 3855 926 3895; x_wconf 88' lang='lat' dir='ltr'><strong>suos</strong></span> <span class='ocrx_word' id='word_1_483' title='bbox 941 3839 1051 3894; x_wconf 73' lang='lat' dir='ltr'><strong>exuat?</strong></span> <span class='ocrx_word' id='word_1_484' title='bbox 1064 3837 1160 3893; x_wconf 85' lang='lat' dir='ltr'><strong>Grave</strong></span> <span class='ocrx_word' id='word_1_485' title='bbox 1172 3837 1315 3910; x_wconf 84' lang='lat' dir='ltr'><strong>flagitium</strong></span> <span class='ocrx_word' id='word_1_486' title='bbox 1325 3839 1471 3912; x_wconf 86' lang='lat' dir='ltr'><strong>virginem</strong></span> <span class='ocrx_word' id='word_1_487' title='bbox 1482 3841 1558 3898; x_wconf 89' lang='lat' dir='ltr'><strong>iutra</strong></span> <span class='ocrx_word' id='word_1_488' title='bbox 1568 3848 1684 3902; x_wconf 83' lang='lat' dir='ltr'><strong>secreta</strong></span> 
     </span>
     <span class='ocr_line' id='line_1_40' title="bbox 85 3927 1684 4002; baseline 0.006 -20"><span class='ocrx_word' id='word_1_489' title='bbox 85 3931 134 3997; x_wconf 85' lang='lat' dir='ltr'><strong>ist,</strong></span> <span class='ocrx_word' id='word_1_490' title='bbox 160 3933 190 3982; x_wconf 88' lang='lat' dir='ltr'><strong>ut</strong></span> <span class='ocrx_word' id='word_1_491' title='bbox 215 3927 299 3983; x_wconf 91' lang='lat' dir='ltr'><strong>dolor</strong></span> <span class='ocrx_word' id='word_1_492' title='bbox 320 3933 433 4000; x_wconf 89' lang='lat' dir='ltr'><strong>partus,</strong></span> <span class='ocrx_word' id='word_1_493' title='bbox 449 3932 500 4002; x_wconf 90' lang='lat' dir='ltr'><strong>qui</strong></span> <span class='ocrx_word' id='word_1_494' title='bbox 515 3931 684 3986; x_wconf 88' lang='lat' dir='ltr'><strong>intercludit</strong></span> <span class='ocrx_word' id='word_1_495' title='bbox 697 3931 795 3989; x_wconf 88' lang='lat' dir='ltr'><strong>omnia</strong></span> <span class='ocrx_word' id='word_1_496' title='bbox 853 3929 960 3985; x_wconf 90' lang='lat' dir='ltr'><strong>domus</strong></span> <span class='ocrx_word' id='word_1_497' title='bbox 974 3927 1095 4000; x_wconf 87' lang='lat' dir='ltr'><strong>degere,</strong></span> <span class='ocrx_word' id='word_1_498' title='bbox 1112 3928 1209 3984; x_wconf 88' lang='lat' dir='ltr'><strong>claudi</strong></span> <span class='ocrx_word' id='word_1_499' title='bbox 1222 3928 1424 4000; x_wconf 84' lang='lat' dir='ltr'><strong>penetralibus</strong></span> <span class='ocrx_word' id='word_1_500' title='bbox 1438 3930 1523 3987; x_wconf 86' lang='lat' dir='ltr'><strong>suist</strong></span> <span class='ocrx_word' id='word_1_501' title='bbox 1539 3932 1588 3988; x_wconf 90' lang='lat' dir='ltr'><strong>Sic</strong></span> <span class='ocrx_word' id='word_1_502' title='bbox 1603 3937 1684 3991; x_wconf 90' lang='lat' dir='ltr'><strong>certa</strong></span> 
     </span>
     <span class='ocr_line' id='line_1_41' title="bbox 85 4016 1683 4092; baseline 0.005 -21"><span class='ocrx_word' id='word_1_503' title='bbox 85 4017 280 4074; x_wconf 85' lang='lat' dir='ltr'><strong>delitescendi</strong></span> <span class='ocrx_word' id='word_1_504' title='bbox 295 4021 365 4091; x_wconf 69' lang='lat' dir='ltr'><strong>llsa.</strong></span> <span class='ocrx_word' id='word_1_505' title='bbox 377 4038 442 4092; x_wconf 81' lang='lat' dir='ltr'><strong>xiii,</strong></span> <span class='ocrx_word' id='word_1_506' title='bbox 458 4025 484 4092; x_wconf 76' lang='lat'><strong>8,</strong></span> <span class='ocrx_word' id='word_1_507' title='bbox 500 4023 539 4091; x_wconf 79' lang='grc'><strong>9).</strong></span> <span class='ocrx_word' id='word_1_508' title='bbox 852 4016 940 4074; x_wconf 89' lang='lat' dir='ltr'><strong>lectio</strong></span> <span class='ocrx_word' id='word_1_509' title='bbox 964 4017 1051 4074; x_wconf 90' lang='lat' dir='ltr'><strong>docet</strong></span> <span class='ocrx_word' id='word_1_510' title='bbox 1074 4017 1196 4072; x_wconf 83' lang='lat' dir='ltr'><strong>Mariani</strong></span> <span class='ocrx_word' id='word_1_511' title='bbox 1220 4018 1299 4073; x_wconf 91' lang='lat' dir='ltr'><strong>domi</strong></span> <span class='ocrx_word' id='word_1_512' title='bbox 1322 4023 1467 4090; x_wconf 90' lang='lat' dir='ltr'><strong>repertam</strong></span> <span class='ocrx_word' id='word_1_513' title='bbox 1482 4021 1550 4092; x_wconf 77' lang='lat'><strong>(62),</strong></span> <span class='ocrx_word' id='word_1_514' title='bbox 1565 4037 1632 4078; x_wconf 88' lang='lat' dir='ltr'><strong>cum</strong></span> <span class='ocrx_word' id='word_1_515' title='bbox 1647 4023 1683 4079; x_wconf 91' lang='lat' dir='ltr'><strong>ad</strong></span> 
     </span>
     <span class='ocr_line' id='line_1_42' title="bbox 85 4106 1685 4188; baseline 0.003 -24"><span class='ocrx_word' id='word_1_516' title='bbox 85 4109 141 4166; x_wconf 84' lang='lat' dir='ltr'><strong>laec</strong></span> <span class='ocrx_word' id='word_1_517' title='bbox 165 4113 211 4165; x_wconf 87' lang='lat' dir='ltr'><strong>ast</strong></span> <span class='ocrx_word' id='word_1_518' title='bbox 233 4113 332 4168; x_wconf 84' lang='lat' dir='ltr'><strong>verior</strong></span> <span class='ocrx_word' id='word_1_519' title='bbox 346 4113 590 4170; x_wconf 88' lang='lat' dir='ltr'><strong>documentorum</strong></span> <span class='ocrx_word' id='word_1_520' title='bbox 606 4115 691 4186; x_wconf 89' lang='lat' dir='ltr'><strong>tides,</strong></span> <span class='ocrx_word' id='word_1_521' title='bbox 706 4131 795 4188; x_wconf 90' lang='lat' dir='ltr'><strong>quam</strong></span> <span class='ocrx_word' id='word_1_522' title='bbox 852 4122 916 4178; x_wconf 86' lang='lat' dir='ltr'><strong>eain</strong></span> <span class='ocrx_word' id='word_1_523' title='bbox 930 4106 1048 4163; x_wconf 90' lang='lat' dir='ltr'><strong>Gabriel</strong></span> <span class='ocrx_word' id='word_1_524' title='bbox 1063 4106 1262 4180; x_wconf 85' lang='lat' dir='ltr'><strong>archangelus</strong></span> <span class='ocrx_word' id='word_1_525' title='bbox 1277 4110 1412 4166; x_wconf 88' lang='lat' dir='ltr'><strong>venisset</strong></span> <span class='ocrx_word' id='word_1_526' title='bbox 1425 4110 1507 4180; x_wconf 83' lang='lat' dir='ltr'><strong>(Luc.</strong></span> <span class='ocrx_word' id='word_1_527' title='bbox 1520 4127 1540 4180; x_wconf 92' lang='lat' dir='ltr'><strong>i,</strong></span> <span class='ocrx_word' id='word_1_528' title='bbox 1555 4110 1612 4182; x_wconf 79' lang='lat'><strong>28).</strong></span> <span class='ocrx_word' id='word_1_529' title='bbox 1628 4111 1685 4168; x_wconf 86' lang='lat' dir='ltr'><strong>Su·</strong></span> 
     </span>
     <span class='ocr_line' id='line_1_43' title="bbox 85 4195 1684 4275; baseline 0.012 -37"><span class='ocrx_word' id='word_1_530' title='bbox 85 4203 144 4256; x_wconf 64' lang='lat' dir='ltr'><strong>,ung</strong></span> <span class='ocrx_word' id='word_1_531' title='bbox 158 4201 346 4258; x_wconf 51' lang='lat' dir='ltr'><strong>erumperes,</strong></span> <span class='ocrx_word' id='word_1_532' title='bbox 359 4202 492 4275; x_wconf 58' lang='lat' dir='ltr'><strong>Denique</strong></span> <span class='ocrx_word' id='word_1_533' title='bbox 506 4204 795 4260; x_wconf 60' lang='lat' dir='ltr'><strong>giigabeihooeuna.</strong></span> <span class='ocrx_word' id='word_1_534' title='bbox 852 4212 946 4252; x_wconf 86' lang='lat' dir='ltr'><strong>sanaa</strong></span> <span class='ocrx_word' id='word_1_535' title='bbox 969 4195 1090 4268; x_wconf 82' lang='lat' dir='ltr'><strong>lugiens</strong></span> <span class='ocrx_word' id='word_1_536' title='bbox 1113 4198 1266 4253; x_wconf 86' lang='lat' dir='ltr'><strong>turbarum</strong></span> <span class='ocrx_word' id='word_1_537' title='bbox 1288 4197 1447 4254; x_wconf 88' lang='lat' dir='ltr'><strong>inducitur.</strong></span> <span class='ocrx_word' id='word_1_538' title='bbox 1468 4199 1602 4273; x_wconf 85' lang='lat' dir='ltr'><strong>Denique</strong></span> <span class='ocrx_word' id='word_1_539' title='bbox 1617 4214 1684 4258; x_wconf 89' lang='lat' dir='ltr'><strong>oum</strong></span> 
     </span>
     <span class='ocr_line' id='line_1_44' title="bbox 85 4285 1684 4365; baseline 0.003 -23"><span class='ocrx_word' id='word_1_540' title='bbox 85 4290 796 4365; x_wconf 78' lang='lat' dir='ltr'><strong>ensibusquiuquc3eoquodsterilisconcaperat</strong></span> <span class='ocrx_word' id='word_1_541' title='bbox 853 4301 887 4342; x_wconf 74' lang='lat' dir='ltr'><strong>se</strong></span> <span class='ocrx_word' id='word_1_542' title='bbox 901 4285 1013 4343; x_wconf 75' lang='lat' dir='ltr'><strong>lavant</strong></span> <span class='ocrx_word' id='word_1_543' title='bbox 1026 4286 1121 4356; x_wconf 83' lang='lat' dir='ltr'><strong>(Bam.</strong></span> <span class='ocrx_word' id='word_1_544' title='bbox 1139 4303 1201 4358; x_wconf 83' lang='lat' dir='ltr'><strong>xiii,</strong></span> <span class='ocrx_word' id='word_1_545' title='bbox 1218 4285 1252 4343; x_wconf 84' lang='lat'><strong>15</strong></span> <span class='ocrx_word' id='word_1_546' title='bbox 1266 4293 1297 4342; x_wconf 88' lang='lat' dir='ltr'><strong>et</strong></span> <span class='ocrx_word' id='word_1_547' title='bbox 1311 4288 1397 4361; x_wconf 70' lang='lat' dir='ltr'><strong>seq),</strong></span> <span class='ocrx_word' id='word_1_548' title='bbox 1406 4288 1576 4359; x_wconf 88' lang='lat' dir='ltr'><strong>paradisum</strong></span> <span class='ocrx_word' id='word_1_549' title='bbox 1587 4288 1684 4345; x_wconf 83' lang='lat' dir='ltr'><strong>claudi</strong></span> 
     </span>
     <span class='ocr_line' id='line_1_45' title="bbox 85 4374 1684 4456; baseline 0.008 -20"><span class='ocrx_word' id='word_1_550' title='bbox 85 4383 160 4436; x_wconf 85' lang='lat' dir='ltr'><strong>atutc</strong></span> <span class='ocrx_word' id='word_1_551' title='bbox 175 4381 256 4450; x_wconf 84' lang='lat' dir='ltr'><strong>(Luc.</strong></span> <span class='ocrx_word' id='word_1_552' title='bbox 274 4400 293 4453; x_wconf 90' lang='lat' dir='ltr'><strong>i,</strong></span> <span class='ocrx_word' id='word_1_553' title='bbox 314 4381 369 4452; x_wconf 69' lang='lat' dir='ltr'><strong>tt).</strong></span> <span class='ocrx_word' id='word_1_554' title='bbox 388 4382 443 4437; x_wconf 88' lang='lat' dir='ltr'><strong>His</strong></span> <span class='ocrx_word' id='word_1_555' title='bbox 458 4383 556 4456; x_wconf 86' lang='lat' dir='ltr'><strong>signis</strong></span> <span class='ocrx_word' id='word_1_556' title='bbox 572 4386 600 4438; x_wconf 89' lang='lat' dir='ltr'><strong>et</strong></span> <span class='ocrx_word' id='word_1_557' title='bbox 616 4383 680 4455; x_wconf 87' lang='lat' dir='ltr'><strong>ipsa</strong></span> <span class='ocrx_word' id='word_1_558' title='bbox 695 4383 796 4440; x_wconf 79' lang='lat' dir='ltr'><strong>Marias</strong></span> <span class='ocrx_word' id='word_1_559' title='bbox 849 4374 984 4449; x_wconf 57' lang='lat' dir='ltr'><strong>jubebat·</strong></span> <span class='ocrx_word' id='word_1_560' title='bbox 1013 4375 1089 4444; x_wconf 73' lang='lat' dir='ltr'><strong>Quid</strong></span> <span class='ocrx_word' id='word_1_561' title='bbox 1116 4380 1214 4433; x_wconf 57' lang='lat' dir='ltr'><strong>mmm</strong></span> <span class='ocrx_word' id='word_1_562' title='bbox 1242 4377 1433 4448; x_wconf 62' lang='lat' dir='ltr'><strong>Plaessmfiffl</strong></span> <span class='ocrx_word' id='word_1_563' title='bbox 1455 4376 1633 4449; x_wconf 58' lang='lat' dir='ltr'>(Pmffl&#39;fim</span> <span class='ocrx_word' id='word_1_564' title='bbox 1653 4378 1684 4434; x_wconf 68' lang='lat'><strong>5¹¹</strong></span> 
     </span>
    </p>
   </div>
   <div class='ocr_carea' id='block_1_3' title="bbox 85 4464 1776 4546">
    <p class='ocr_par' dir='ltr' id='par_1_4' title="bbox 85 4464 1776 4546">
     <span class='ocr_line' id='line_1_46' title="bbox 85 4464 1776 4546; baseline 0.001 -26"><span class='ocrx_word' id='word_1_565' title='bbox 85 4484 119 4526; x_wconf 76' lang='lat' dir='ltr'><strong>aa</strong></span> <span class='ocrx_word' id='word_1_566' title='bbox 133 4470 211 4541; x_wconf 76' lang='lat' dir='ltr'><strong>apud</strong></span> <span class='ocrx_word' id='word_1_567' title='bbox 226 4471 350 4543; x_wconf 72' lang='lat' dir='ltr'><strong>ignaros</strong></span> <span class='ocrx_word' id='word_1_568' title='bbox 364 4473 509 4543; x_wconf 71' lang='lat' dir='ltr'><strong>mysterii,</strong></span> <span class='ocrx_word' id='word_1_569' title='bbox 525 4473 627 4544; x_wconf 61' lang='lat' dir='ltr'><strong>probri</strong></span> <span class='ocrx_word' id='word_1_570' title='bbox 642 4477 797 4546; x_wconf 65' lang='lat' dir='ltr'><strong>suspecta.</strong></span> <span class='ocrx_word' id='word_1_571' title='bbox 852 4467 981 4541; x_wconf 83' lang='lat' dir='ltr'><strong>virgine,</strong></span> <span class='ocrx_word' id='word_1_572' title='bbox 995 4467 1085 4541; x_wconf 76' lang='lat' dir='ltr'><strong>cujus</strong></span> <span class='ocrx_word' id='word_1_573' title='bbox 1099 4465 1281 4538; x_wconf 77' lang='lat' dir='ltr'><strong>praecipuum</strong></span> <span class='ocrx_word' id='word_1_574' title='bbox 1296 4479 1373 4537; x_wconf 87' lang='lat' dir='ltr'><strong>opus</strong></span> <span class='ocrx_word' id='word_1_575' title='bbox 1386 4465 1576 4535; x_wconf 88' lang='lat' dir='ltr'><strong>verecundia)</strong></span> <span class='ocrx_word' id='word_1_576' title='bbox 1595 4481 1683 4538; x_wconf 87' lang='lat' dir='ltr'><strong>quarn</strong></span> <span class='ocrx_word' id='word_1_577' title='bbox 1772 4464 1776 4471; x_wconf 88' lang='lat'><em>&#39;</em></span> 
     </span>
    </p>
   </div>
   <div class='ocr_carea' id='block_1_4' title="bbox 85 4554 1684 4992">
    <p class='ocr_par' dir='ltr' id='par_1_5' title="bbox 85 4554 1684 4905">
     <span class='ocr_line' id='line_1_47' title="bbox 85 4554 1682 4637; baseline -0.002 -23"><span class='ocrx_word' id='word_1_578' title='bbox 85 4558 161 4615; x_wconf 90' lang='lat' dir='ltr'><strong>Jnde</strong></span> <span class='ocrx_word' id='word_1_579' title='bbox 175 4564 204 4615; x_wconf 91' lang='lat' dir='ltr'><strong>et</strong></span> <span class='ocrx_word' id='word_1_580' title='bbox 218 4559 341 4632; x_wconf 80' lang='lat' dir='ltr'><strong>loseph,</strong></span> <span class='ocrx_word' id='word_1_581' title='bbox 359 4563 407 4617; x_wconf 92' lang='lat' dir='ltr'><strong>cui</strong></span> <span class='ocrx_word' id='word_1_582' title='bbox 426 4563 606 4633; x_wconf 85' lang='lat' dir='ltr'><strong>desponsata</strong></span> <span class='ocrx_word' id='word_1_583' title='bbox 621 4567 684 4619; x_wconf 91' lang='lat' dir='ltr'><strong>erat</strong></span> <span class='ocrx_word' id='word_1_584' title='bbox 697 4564 794 4637; x_wconf 88' lang='lat' dir='ltr'><strong>virgo,</strong></span> <span class='ocrx_word' id='word_1_585' title='bbox 852 4558 1023 4616; x_wconf 78' lang='lat' dir='ltr'><strong>secretum?</strong></span> <span class='ocrx_word' id='word_1_586' title='bbox 1036 4555 1113 4624; x_wconf 91' lang='lat' dir='ltr'><strong>Quid</strong></span> <span class='ocrx_word' id='word_1_587' title='bbox 1126 4557 1219 4612; x_wconf 90' lang='lat' dir='ltr'><strong>tutius</strong></span> <span class='ocrx_word' id='word_1_588' title='bbox 1235 4557 1362 4624; x_wconf 90' lang='lat' dir='ltr'><strong>secreto,</strong></span> <span class='ocrx_word' id='word_1_589' title='bbox 1376 4557 1406 4610; x_wconf 87' lang='lat' dir='ltr'><strong>et</strong></span> <span class='ocrx_word' id='word_1_590' title='bbox 1419 4554 1455 4609; x_wconf 91' lang='lat' dir='ltr'><strong>ad</strong></span> <span class='ocrx_word' id='word_1_591' title='bbox 1470 4564 1574 4609; x_wconf 82' lang='lat' dir='ltr'><strong>omnes</strong></span> <span class='ocrx_word' id='word_1_592' title='bbox 1597 4557 1682 4611; x_wconf 84' lang='lat' dir='ltr'><strong>actua</strong></span> 
     </span>
     <span class='ocr_line' id='line_1_48' title="bbox 87 4621 1684 4738; baseline -0.001 -35"><span class='ocrx_word' id='word_1_593' title='bbox 87 4663 137 4704; x_wconf 90' lang='lat' dir='ltr'><strong>uin</strong></span> <span class='ocrx_word' id='word_1_594' title='bbox 161 4648 288 4704; x_wconf 85' lang='lat' dir='ltr'><strong>habebat</strong></span> <span class='ocrx_word' id='word_1_595' title='bbox 310 4651 429 4721; x_wconf 88' lang='lat' dir='ltr'><strong>vitium,</strong></span> <span class='ocrx_word' id='word_1_596' title='bbox 454 4652 523 4707; x_wconf 89' lang='lat' dir='ltr'><strong>dum</strong></span> <span class='ocrx_word' id='word_1_597' title='bbox 547 4653 643 4708; x_wconf 88' lang='lat' dir='ltr'><strong>adhuc</strong></span> <span class='ocrx_word' id='word_1_598' title='bbox 666 4654 796 4709; x_wconf 88' lang='lat' dir='ltr'><strong>nesciret</strong></span> <span class='ocrx_word' id='word_1_599' title='bbox 813 4621 1020 4720; x_wconf 82' lang='lat' dir='ltr'><strong>1&gt;expeditius</strong></span> <span class='ocrx_word' id='word_1_600' title='bbox 1041 4646 1121 4717; x_wconf 67' lang='lat' dir='ltr'><strong>(dart</strong></span> <span class='ocrx_word' id='word_1_601' title='bbox 1143 4643 1241 4701; x_wconf 88' lang='lat' dir='ltr'><strong>Munia</strong></span> <span class='ocrx_word' id='word_1_602' title='bbox 1265 4643 1343 4738; x_wconf 77' lang='lat' dir='ltr'><strong>enini</strong></span> <span class='ocrx_word' id='word_1_603' title='bbox 1365 4641 1488 4715; x_wconf 86' lang='lat' dir='ltr'><strong>pudoris</strong></span> <span class='ocrx_word' id='word_1_604' title='bbox 1503 4642 1607 4714; x_wconf 91' lang='lat' dir='ltr'><strong>induit,</strong></span> <span class='ocrx_word' id='word_1_605' title='bbox 1624 4659 1684 4701; x_wconf 82' lang='lat' dir='ltr'><strong>noia</strong></span> 
     </span>
     <span class='ocr_line' id='line_1_49' title="bbox 85 4732 1684 4814; baseline -0.004 -18"><span class='ocrx_word' id='word_1_606' title='bbox 85 4753 125 4794; x_wconf 76' lang='lat' dir='ltr'><strong>cae</strong></span> <span class='ocrx_word' id='word_1_607' title='bbox 135 4738 347 4795; x_wconf 86' lang='lat' dir='ltr'><strong>incarnationis</strong></span> <span class='ocrx_word' id='word_1_608' title='bbox 358 4745 575 4797; x_wconf 86' lang='lat' dir='ltr'><strong>sacramentum</strong></span> <span class='ocrx_word' id='word_1_609' title='bbox 586 4743 793 4814; x_wconf 58' lang='lat' dir='ltr'><strong>(linitam),</strong></span> <span class='ocrx_word' id='word_1_610' title='bbox 853 4735 1101 4794; x_wconf 79' lang='lat' dir='ltr'><strong>concursationis.</strong></span> <span class='ocrx_word' id='word_1_611' title='bbox 1117 4734 1176 4790; x_wconf 85' lang='lat' dir='ltr'><strong>Sed</strong></span> <span class='ocrx_word' id='word_1_612' title='bbox 1190 4734 1227 4789; x_wconf 91' lang='lat' dir='ltr'><strong>de</strong></span> <span class='ocrx_word' id='word_1_613' title='bbox 1241 4732 1308 4789; x_wconf 89' lang='lat' dir='ltr'><strong>aliie</strong></span> <span class='ocrx_word' id='word_1_614' title='bbox 1322 4732 1436 4804; x_wconf 85' lang='lat' dir='ltr'><strong>videro,</strong></span> <span class='ocrx_word' id='word_1_615' title='bbox 1451 4736 1597 4789; x_wconf 85' lang='lat' dir='ltr'><strong>turentiuc</strong></span> <span class='ocrx_word' id='word_1_616' title='bbox 1612 4733 1684 4790; x_wconf 89' lang='lat' dir='ltr'><strong>inibi</strong></span> 
     </span>
     <span class='ocr_line' id='line_1_50' title="bbox 85 4823 1310 4905; baseline -0.001 -24"><span class='ocrx_word' id='word_1_617' title='bbox 85 4827 141 4892; x_wconf 72' lang='lat' dir='ltr'><strong>tuid</strong></span> <span class='ocrx_word' id='word_1_618' title='bbox 160 4842 234 4901; x_wconf 89' lang='lat' dir='ltr'><strong>ergo</strong></span> <span class='ocrx_word' id='word_1_619' title='bbox 254 4844 400 4902; x_wconf 85' lang='lat' dir='ltr'><strong>negamus</strong></span> <span class='ocrx_word' id='word_1_620' title='bbox 420 4830 621 4902; x_wconf 88' lang='lat' dir='ltr'><strong>inscipiendas</strong></span> <span class='ocrx_word' id='word_1_621' title='bbox 640 4832 794 4905; x_wconf 83' lang='lat' dir='ltr'><strong>virgines3</strong></span> <span class='ocrx_word' id='word_1_622' title='bbox 853 4825 1091 4900; x_wconf 88' lang='lat' dir='ltr'><strong>respondendum</strong></span> <span class='ocrx_word' id='word_1_623' title='bbox 1106 4823 1240 4896; x_wconf 86' lang='lat' dir='ltr'><strong>epistolae</strong></span> <span class='ocrx_word' id='word_1_624' title='bbox 1254 4826 1310 4880; x_wconf 89' lang='lat' dir='ltr'><strong>est.</strong></span> 
     </span>
    </p>

    <p class='ocr_par' dir='ltr' id='par_1_6' title="bbox 100 4911 1684 4992">
     <span class='ocr_line' id='line_1_51' title="bbox 100 4911 1684 4992; baseline -0.002 -20"><span class='ocrx_word' id='word_1_625' title='bbox 100 4917 179 4989; x_wconf 87' lang='lat' dir='ltr'><strong>quod</strong></span> <span class='ocrx_word' id='word_1_626' title='bbox 201 4933 348 4990; x_wconf 81' lang='lat' dir='ltr'><strong>nusquam</strong></span> <span class='ocrx_word' id='word_1_627' title='bbox 368 4920 501 4992; x_wconf 82' lang='lat' dir='ltr'><strong>lagei-iiii,</strong></span> <span class='ocrx_word' id='word_1_628' title='bbox 522 4937 581 4977; x_wconf 89' lang='lat' dir='ltr'><strong>non</strong></span> <span class='ocrx_word' id='word_1_629' title='bbox 600 4925 712 4992; x_wconf 87' lang='lat' dir='ltr'><strong>astruo,</strong></span> <span class='ocrx_word' id='word_1_630' title='bbox 741 4936 796 4977; x_wconf 90' lang='lat' dir='ltr'><strong>uec</strong></span> <span class='ocrx_word' id='word_1_631' title='bbox 888 4916 932 4972; x_wconf 84' lang='lat' dir='ltr'><strong>tl.</strong></span> <span class='ocrx_word' id='word_1_632' title='bbox 948 4917 990 4973; x_wconf 83' lang='lat' dir='ltr'><strong>Te</strong></span> <span class='ocrx_word' id='word_1_633' title='bbox 1004 4914 1105 4985; x_wconf 92' lang='lat' dir='ltr'><strong>miror,</strong></span> <span class='ocrx_word' id='word_1_634' title='bbox 1122 4913 1222 4983; x_wconf 87' lang='lat' dir='ltr'><strong>trater,</strong></span> <span class='ocrx_word' id='word_1_635' title='bbox 1238 4912 1288 4985; x_wconf 87' lang='lat' dir='ltr'><strong>qui</strong></span> <span class='ocrx_word' id='word_1_636' title='bbox 1303 4914 1454 4984; x_wconf 89' lang='lat' dir='ltr'><strong>tantopere</strong></span> <span class='ocrx_word' id='word_1_637' title='bbox 1469 4911 1611 4970; x_wconf 84' lang='lat' dir='ltr'><strong>delendas</strong></span> <span class='ocrx_word' id='word_1_638' title='bbox 1627 4911 1684 4969; x_wconf 86' lang='lat' dir='ltr'><strong>lla·</strong></span> 
     </span>
    </p>
   </div>
   <div class='ocr_carea' id='block_1_5' title="bbox 85 5108 1684 5245">
    <p class='ocr_par' dir='ltr' id='par_1_7' title="bbox 85 5108 1684 5245">
     <span class='ocr_line' id='line_1_52' title="bbox 85 5108 1684 5245; baseline 0.001 -76"><span class='ocrx_word' id='word_1_639' title='bbox 85 5128 104 5183; x_wconf 80' lang='lat' dir='ltr'><strong>i,</strong></span> <span class='ocrx_word' id='word_1_640' title='bbox 116 5117 147 5169; x_wconf 93' lang='lat' dir='ltr'><strong>ut</strong></span> <span class='ocrx_word' id='word_1_641' title='bbox 161 5137 171 5162; x_wconf 79' lang='grc' dir='ltr'>ι</span> <span class='ocrx_word' id='word_1_642' title='bbox 185 5115 329 5172; x_wconf 87' lang='lat' dir='ltr'><strong>obstetrix</strong></span> <span class='ocrx_word' id='word_1_643' title='bbox 341 5139 352 5166; x_wconf 77' lang='lat' dir='ltr'><strong>i</strong></span> <span class='ocrx_word' id='word_1_644' title='bbox 366 5118 480 5173; x_wconf 84' lang='lat' dir='ltr'><strong>dicatur</strong></span> <span class='ocrx_word' id='word_1_645' title='bbox 487 5118 576 5245; x_wconf 50' lang='lat' dir='ltr'><strong>guasi</strong></span> <span class='ocrx_word' id='word_1_646' title='bbox 587 5142 599 5168; x_wconf 80' lang='lat' dir='ltr'><strong>i</strong></span> <span class='ocrx_word' id='word_1_647' title='bbox 610 5119 768 5187; x_wconf 80' lang='lat' dir='ltr'><strong>assasti-ix,</strong></span> <span class='ocrx_word' id='word_1_648' title='bbox 783 5144 794 5168; x_wconf 83' lang='grc' dir='ltr'>ι</span> <span class='ocrx_word' id='word_1_649' title='bbox 851 5116 956 5187; x_wconf 90' lang='lat' dir='ltr'><strong>inquit,</strong></span> <span class='ocrx_word' id='word_1_650' title='bbox 972 5113 1088 5171; x_wconf 89' lang='lat' dir='ltr'><strong>interim</strong></span> <span class='ocrx_word' id='word_1_651' title='bbox 1104 5113 1238 5185; x_wconf 86' lang='lat' dir='ltr'><strong>virgines</strong></span> <span class='ocrx_word' id='word_1_652' title='bbox 1261 5111 1298 5168; x_wconf 89' lang='lat' dir='ltr'><strong>ab</strong></span> <span class='ocrx_word' id='word_1_653' title='bbox 1322 5110 1535 5168; x_wconf 86' lang='lat' dir='ltr'><strong>obstetricibus</strong></span> <span class='ocrx_word' id='word_1_654' title='bbox 1556 5108 1684 5186; x_wconf 85' lang='lat' dir='ltr'><strong>diligen·</strong></span> 
     </span>
    </p>
   </div>
   <div class='ocr_carea' id='block_1_6' title="bbox 85 5185 1688 5822">
    <p class='ocr_par' dir='ltr' id='par_1_8' title="bbox 85 5185 937 5247">
     <span class='ocr_line' id='line_1_53' title="bbox 85 5185 937 5247; baseline 0.005 -8"><span class='ocrx_word' id='word_1_655' title='bbox 85 5185 181 5241; x_wconf 84' lang='lat' dir='ltr'><strong>trienii</strong></span> <span class='ocrx_word' id='word_1_656' title='bbox 197 5189 338 5243; x_wconf 84' lang='lat' dir='ltr'><strong>assideat.</strong></span> <span class='ocrx_word' id='word_1_657' title='bbox 355 5193 411 5244; x_wconf 73' lang='lat' dir='ltr'><strong>Sec</strong></span> <span class='ocrx_word' id='word_1_658' title='bbox 427 5191 484 5244; x_wconf 89' lang='lat' dir='ltr'><strong>hau</strong></span> <span class='ocrx_word' id='word_1_659' title='bbox 520 5191 633 5246; x_wconf 89' lang='lat' dir='ltr'><strong>scimus</strong></span> <span class='ocrx_word' id='word_1_660' title='bbox 648 5208 685 5245; x_wconf 93' lang='lat' dir='ltr'><strong>un</strong></span> <span class='ocrx_word' id='word_1_661' title='bbox 698 5193 797 5247; x_wconf 92' lang='lat' dir='ltr'><strong>multis</strong></span> <span class='ocrx_word' id='word_1_662' title='bbox 851 5191 906 5243; x_wconf 88' lang='lat' dir='ltr'><strong>ter.</strong></span> <span class='ocrx_word' id='word_1_663' title='bbox 925 5208 937 5238; x_wconf 83' lang='lat' dir='ltr'><strong>i</strong></span> 
     </span>
    </p>

    <p class='ocr_par' dir='ltr' id='par_1_9' title="bbox 85 5254 1645 5339">
     <span class='ocr_line' id='line_1_54' title="bbox 85 5254 1645 5339; baseline 0 -28"><span class='ocrx_word' id='word_1_664' title='bbox 85 5258 170 5313; x_wconf 79' lang='lat' dir='ltr'><strong>iverit</strong></span> <span class='ocrx_word' id='word_1_665' title='bbox 186 5258 260 5313; x_wconf 92' lang='lat' dir='ltr'><strong>lianc</strong></span> <span class='ocrx_word' id='word_1_666' title='bbox 277 5264 462 5332; x_wconf 83' lang='lat' dir='ltr'><strong>seutentiam,</strong></span> <span class='ocrx_word' id='word_1_667' title='bbox 481 5261 569 5317; x_wconf 91' lang='lat' dir='ltr'><strong>nobis</strong></span> <span class='ocrx_word' id='word_1_668' title='bbox 584 5279 656 5318; x_wconf 86' lang='lat' dir='ltr'><strong>sana</strong></span> <span class='ocrx_word' id='word_1_669' title='bbox 673 5279 733 5318; x_wconf 91' lang='lat' dir='ltr'><strong>uon</strong></span> <span class='ocrx_word' id='word_1_670' title='bbox 747 5279 796 5335; x_wconf 90' lang='lat' dir='ltr'><strong>np-</strong></span> <span class='ocrx_word' id='word_1_671' title='bbox 889 5259 946 5329; x_wconf 77' lang='lat' dir='ltr'><strong>(oi)</strong></span> <span class='ocrx_word' id='word_1_672' title='bbox 960 5258 1035 5313; x_wconf 85' lang='lat' dir='ltr'><strong>blas.</strong></span> <span class='ocrx_word' id='word_1_673' title='bbox 1051 5256 1171 5330; x_wconf 80' lang='lat' dir='ltr'><strong>aliquot,</strong></span> <span class='ocrx_word' id='word_1_674' title='bbox 1191 5279 1201 5305; x_wconf 72' lang='lat' dir='ltr'><strong>a</strong></span> <span class='ocrx_word' id='word_1_675' title='bbox 1220 5254 1354 5313; x_wconf 88' lang='lat' dir='ltr'><strong>olleusus</strong></span> <span class='ocrx_word' id='word_1_676' title='bbox 1367 5255 1464 5312; x_wconf 87' lang='lat' dir='ltr'><strong>luisse</strong></span> <span class='ocrx_word' id='word_1_677' title='bbox 1478 5255 1617 5339; x_wconf 56' lang='lat' dir='ltr'><strong>maxime,</strong></span> <span class='ocrx_word' id='word_1_678' title='bbox 1634 5278 1645 5304; x_wconf 79' lang='grc' dir='ltr'>ι</span> 
     </span>
    </p>

    <p class='ocr_par' dir='ltr' id='par_1_10' title="bbox 85 5328 1684 5482">
     <span class='ocr_line' id='line_1_55' title="bbox 85 5328 1684 5401; baseline -0.006 -11"><span class='ocrx_word' id='word_1_679' title='bbox 85 5331 109 5383; x_wconf 79' lang='lat' dir='ltr'><strong>t·</strong></span> <span class='ocrx_word' id='word_1_680' title='bbox 890 5330 946 5401; x_wconf 70' lang='lat'><strong>(62)</strong></span> <span class='ocrx_word' id='word_1_681' title='bbox 961 5330 1036 5385; x_wconf 83' lang='lat' dir='ltr'><strong>bles.</strong></span> <span class='ocrx_word' id='word_1_682' title='bbox 1051 5328 1172 5401; x_wconf 91' lang='lat' dir='ltr'><strong>aliquot,</strong></span> <span class='ocrx_word' id='word_1_683' title='bbox 1200 5349 1211 5380; x_wconf 82' lang='grc' dir='ltr'>ι</span> <span class='ocrx_word' id='word_1_684' title='bbox 1230 5328 1351 5383; x_wconf 87' lang='lat' dir='ltr'><strong>Mariam</strong></span> <span class='ocrx_word' id='word_1_685' title='bbox 1365 5330 1488 5384; x_wconf 85' lang='lat' dir='ltr'><strong>matiam</strong></span> <span class='ocrx_word' id='word_1_686' title='bbox 1504 5328 1619 5382; x_wconf 84' lang='lat' dir='ltr'><strong>Domini</strong></span> <span class='ocrx_word' id='word_1_687' title='bbox 1634 5341 1684 5381; x_wconf 88' lang='lat' dir='ltr'><strong>ra·</strong></span> 
     </span>
     <span class='ocr_line' id='line_1_56' title="bbox 85 5398 1355 5482; baseline 0.005 -29"><span class='ocrx_word' id='word_1_688' title='bbox 85 5398 121 5454; x_wconf 83' lang='lat' dir='ltr'><strong>lta</strong></span> <span class='ocrx_word' id='word_1_689' title='bbox 143 5401 231 5455; x_wconf 88' lang='lat' dir='ltr'><strong>etiam</strong></span> <span class='ocrx_word' id='word_1_690' title='bbox 255 5401 420 5474; x_wconf 82' lang='lat' dir='ltr'><strong>Cyprianus</strong></span> <span class='ocrx_word' id='word_1_691' title='bbox 441 5402 503 5475; x_wconf 82' lang='lat' dir='ltr'><strong>jam</strong></span> <span class='ocrx_word' id='word_1_692' title='bbox 527 5405 642 5461; x_wconf 89' lang='lat' dir='ltr'><strong>laudata</strong></span> <span class='ocrx_word' id='word_1_693' title='bbox 657 5406 743 5476; x_wconf 87' lang='lat' dir='ltr'><strong>epist.</strong></span> <span class='ocrx_word' id='word_1_694' title='bbox 760 5405 798 5462; x_wconf 88' lang='lat' dir='ltr'><strong>ad</strong></span> <span class='ocrx_word' id='word_1_695' title='bbox 852 5407 1006 5476; x_wconf 77' lang='lat' dir='ltr'><strong>partam·</strong></span> <span class='ocrx_word' id='word_1_696' title='bbox 1350 5471 1355 5482; x_wconf 25' lang='grc' dir='ltr'>ι</span> 
     </span>
    </p>

    <p class='ocr_par' dir='ltr' id='par_1_11' title="bbox 85 5466 1688 5822">
     <span class='ocr_line' id='line_1_57' title="bbox 85 5466 1681 5552; baseline -0.004 -27"><span class='ocrx_word' id='word_1_697' title='bbox 85 5470 165 5540; x_wconf 86' lang='lat' dir='ltr'><strong>iiam,</strong></span> <span class='ocrx_word' id='word_1_698' title='bbox 181 5477 317 5544; x_wconf 88' lang='lat' dir='ltr'><strong>quamvis</strong></span> <span class='ocrx_word' id='word_1_699' title='bbox 333 5476 797 5550; x_wconf 86' lang='lat' dir='ltr'><strong>incertamesseliancindagan·</strong></span> <span class='ocrx_word' id='word_1_700' title='bbox 889 5474 945 5545; x_wconf 75' lang='lat' dir='ltr'><strong>(aa)</strong></span> <span class='ocrx_word' id='word_1_701' title='bbox 969 5473 1033 5530; x_wconf 89' lang='lat' dir='ltr'><strong>Vel.</strong></span> <span class='ocrx_word' id='word_1_702' title='bbox 1059 5473 1140 5543; x_wconf 83' lang='lat' dir='ltr'><strong>edit,</strong></span> <span class='ocrx_word' id='word_1_703' title='bbox 1169 5471 1376 5528; x_wconf 69' lang='lat' dir='ltr'><strong>«verecundia</strong></span> <span class='ocrx_word' id='word_1_704' title='bbox 1397 5486 1469 5552; x_wconf 21' lang='lat' dir='ltr'><strong>quast</strong></span> <span class='ocrx_word' id='word_1_705' title='bbox 1486 5470 1603 5552; x_wconf 80' lang='lat' dir='ltr'><strong>secreta</strong></span> <span class='ocrx_word' id='word_1_706' title='bbox 1625 5466 1681 5532; x_wconf 82' lang='lat' dir='ltr'><strong>est,</strong></span> 
     </span>
     <span class='ocr_line' id='line_1_58' title="bbox 86 5537 1682 5622; baseline -0.004 -26"><span class='ocrx_word' id='word_1_707' title='bbox 86 5542 196 5599; x_wconf 81' lang='lat' dir='ltr'><strong>initalia</strong></span> <span class='ocrx_word' id='word_1_708' title='bbox 205 5547 282 5600; x_wconf 86' lang='lat' dir='ltr'><strong>viam</strong></span> <span class='ocrx_word' id='word_1_709' title='bbox 290 5548 475 5618; x_wconf 90' lang='lat' dir='ltr'><strong>agnoviscel,</strong></span> <span class='ocrx_word' id='word_1_710' title='bbox 484 5553 799 5622; x_wconf 82' lang='lat' dir='ltr'><strong>cumtamanagerctur</strong></span> <span class='ocrx_word' id='word_1_711' title='bbox 852 5548 944 5602; x_wconf 90' lang='lat' dir='ltr'><strong>tutius</strong></span> <span class='ocrx_word' id='word_1_712' title='bbox 958 5547 1086 5615; x_wconf 84' lang='lat' dir='ltr'><strong>sacrato,</strong></span> <span class='ocrx_word' id='word_1_713' title='bbox 1102 5546 1139 5600; x_wconf 93' lang='lat' dir='ltr'><strong>ad</strong></span> <span class='ocrx_word' id='word_1_714' title='bbox 1154 5559 1257 5602; x_wconf 88' lang='lat' dir='ltr'><strong>omues</strong></span> <span class='ocrx_word' id='word_1_715' title='bbox 1272 5538 1578 5619; x_wconf 66' lang='lat' dir='ltr'><strong>actusexpeditiusl»</strong></span> <span class='ocrx_word' id='word_1_716' title='bbox 1597 5537 1682 5618; x_wconf 78' lang='lat' dir='ltr'><strong>Rom.</strong></span> 
     </span>
     <span class='ocr_line' id='line_1_59' title="bbox 85 5604 1686 5694; baseline -0.005 -25"><span class='ocrx_word' id='word_1_717' title='bbox 85 5612 133 5684; x_wconf 82' lang='lat' dir='ltr'><strong>lis,</strong></span> <span class='ocrx_word' id='word_1_718' title='bbox 147 5629 216 5687; x_wconf 76' lang='lat' dir='ltr'><strong>qua</strong></span> <span class='ocrx_word' id='word_1_719' title='bbox 230 5631 265 5673; x_wconf 89' lang='lat' dir='ltr'><strong>se</strong></span> <span class='ocrx_word' id='word_1_720' title='bbox 280 5633 339 5673; x_wconf 89' lang='lat' dir='ltr'><strong>una</strong></span> <span class='ocrx_word' id='word_1_721' title='bbox 350 5633 417 5674; x_wconf 90' lang='lat' dir='ltr'><strong>cuni</strong></span> <span class='ocrx_word' id='word_1_722' title='bbox 427 5620 501 5674; x_wconf 87' lang='lat' dir='ltr'><strong>viris</strong></span> <span class='ocrx_word' id='word_1_723' title='bbox 511 5620 663 5676; x_wconf 88' lang='lat' dir='ltr'><strong>cubitasse</strong></span> <span class='ocrx_word' id='word_1_724' title='bbox 673 5621 798 5677; x_wconf 85' lang='lat' dir='ltr'><strong>conlite-</strong></span> <span class='ocrx_word' id='word_1_725' title='bbox 852 5622 882 5674; x_wconf 89' lang='lat' dir='ltr'><strong>et</strong></span> <span class='ocrx_word' id='word_1_726' title='bbox 897 5633 971 5674; x_wconf 88' lang='lat' dir='ltr'><strong>mss.</strong></span> <span class='ocrx_word' id='word_1_727' title='bbox 986 5617 1109 5690; x_wconf 89' lang='lat' dir='ltr'><strong>aliquot,</strong></span> <span class='ocrx_word' id='word_1_728' title='bbox 1126 5619 1156 5675; x_wconf 93' lang='lat' dir='ltr'><strong>ut</strong></span> <span class='ocrx_word' id='word_1_729' title='bbox 1169 5632 1226 5673; x_wconf 90' lang='lat' dir='ltr'><strong>nos</strong></span> <span class='ocrx_word' id='word_1_730' title='bbox 1240 5619 1332 5671; x_wconf 84' lang='lat' dir='ltr'><strong>textu.</strong></span> <span class='ocrx_word' id='word_1_731' title='bbox 1349 5612 1412 5694; x_wconf 77' lang='lat' dir='ltr'><strong>Neo</strong></span> <span class='ocrx_word' id='word_1_732' title='bbox 1427 5608 1501 5666; x_wconf 90' lang='lat' dir='ltr'><strong>male</strong></span> <span class='ocrx_word' id='word_1_733' title='bbox 1516 5611 1603 5664; x_wconf 89' lang='lat' dir='ltr'><strong>etiam</strong></span> <span class='ocrx_word' id='word_1_734' title='bbox 1616 5604 1686 5663; x_wconf 86' lang='lat' dir='ltr'><strong>reli·</strong></span> 
     </span>
     <span class='ocr_line' id='line_1_60' title="bbox 90 5678 1688 5822; baseline -0.004 -78"><span class='ocrx_word' id='word_1_735' title='bbox 90 5691 236 5761; x_wconf 79' lang='lat' dir='ltr'><strong>negarent</strong></span> <span class='ocrx_word' id='word_1_736' title='bbox 250 5692 348 5745; x_wconf 88' lang='lat' dir='ltr'><strong>autem</strong></span> <span class='ocrx_word' id='word_1_737' title='bbox 360 5706 522 5749; x_wconf 77' lang='lat' dir='ltr'><strong>venereum</strong></span> <span class='ocrx_word' id='word_1_738' title='bbox 533 5691 643 5822; x_wconf 60' lang='lat' dir='ltr'><strong>aliquid</strong></span> <span class='ocrx_word' id='word_1_739' title='bbox 658 5694 797 5764; x_wconf 82' lang='lat' dir='ltr'><strong>expertas</strong></span> <span class='ocrx_word' id='word_1_740' title='bbox 852 5690 903 5764; x_wconf 92' lang='lat' dir='ltr'><strong>qui</strong></span> <span class='ocrx_word' id='word_1_741' title='bbox 917 5704 992 5747; x_wconf 87' lang='lat' dir='ltr'><strong>mes.</strong></span> <span class='ocrx_word' id='word_1_742' title='bbox 1008 5688 1048 5746; x_wconf 91' lang='lat' dir='ltr'><strong>ita</strong></span> <span class='ocrx_word' id='word_1_743' title='bbox 1063 5689 1176 5764; x_wconf 87' lang='lat' dir='ltr'><strong>legunt,</strong></span> <span class='ocrx_word' id='word_1_744' title='bbox 1196 5684 1410 5754; x_wconf 66' lang='lat' dir='ltr'><strong>everacuudia,</strong></span> <span class='ocrx_word' id='word_1_745' title='bbox 1425 5695 1492 5754; x_wconf 79' lang='lat' dir='ltr'><strong>quie</strong></span> <span class='ocrx_word' id='word_1_746' title='bbox 1509 5679 1626 5737; x_wconf 82' lang='lat' dir='ltr'><strong>secreto</strong></span> <span class='ocrx_word' id='word_1_747' title='bbox 1640 5678 1688 5739; x_wconf 81' lang='lat' dir='ltr'><strong>eat</strong></span> 
     </span>
    </p>
   </div>
   <div class='ocr_carea' id='block_1_7' title="bbox 85 5747 1575 5847">
    <p class='ocr_par' dir='ltr' id='par_1_12' title="bbox 85 5747 1575 5847">
     <span class='ocr_line' id='line_1_61' title="bbox 85 5747 1575 5847; baseline -0.019 -9"><span class='ocrx_word' id='word_1_748' title='bbox 85 5759 505 5847; x_wconf 56' lang='lat' dir='ltr'><strong>meritamierita:</strong></span> <span class='ocrx_word' id='word_1_749' title='bbox 539 5785 549 5815; x_wconf 78' lang='lat' dir='ltr'><strong>i</strong></span> <span class='ocrx_word' id='word_1_750' title='bbox 592 5763 796 5842; x_wconf 84' lang='lat' dir='ltr'><strong>aspiciantur,</strong></span> <span class='ocrx_word' id='word_1_751' title='bbox 852 5762 953 5838; x_wconf 82' lang='lat' dir='ltr'><strong>tutior,</strong></span> <span class='ocrx_word' id='word_1_752' title='bbox 967 5763 1085 5825; x_wconf 69' lang='lat' dir='ltr'><strong>wrote</strong></span> <span class='ocrx_word' id='word_1_753' title='bbox 1099 5760 1137 5823; x_wconf 85' lang='lat' dir='ltr'><strong>ad</strong></span> <span class='ocrx_word' id='word_1_754' title='bbox 1151 5772 1257 5823; x_wconf 86' lang='lat' dir='ltr'><strong>omnes</strong></span> <span class='ocrx_word' id='word_1_755' title='bbox 1270 5760 1355 5819; x_wconf 80' lang='lat' dir='ltr'><strong>aetia</strong></span> <span class='ocrx_word' id='word_1_756' title='bbox 1369 5747 1575 5836; x_wconf 79' lang='lat' dir='ltr'><strong>expeditior.»</strong></span> 
     </span>
    </p>
   </div>
   <div class='ocr_carea' id='block_1_8' title="bbox 0 0 1956 6128">
    <p class='ocr_par' dir='ltr' id='par_1_13' title="bbox 0 0 1956 6128">
     <span class='ocr_line' id='line_1_62' title="bbox 0 0 1956 6128; baseline 0 0"><span class='ocrx_word' id='word_1_757' title='bbox 0 0 1956 6128; x_wconf 95' lang='lat' dir='ltr'><strong> </strong></span> 
     </span>
    </p>
   </div>
  </div>
 </body>
</html>
