<?xml version="1.0" encoding="UTF-8"?>
<!DOCTYPE html PUBLIC "-//W3C//DTD XHTML 1.0 Transitional//EN"
    "http://www.w3.org/TR/xhtml1/DTD/xhtml1-transitional.dtd">
<html xmlns="http://www.w3.org/1999/xhtml" xml:lang="en" lang="en">
 <head>
  <title>
</title>
<meta http-equiv="Content-Type" content="text/html;charset=utf-8" />
  <meta name='ocr-system' content='tesseract 3.04.00' />
  <meta name='ocr-capabilities' content='ocr_page ocr_carea ocr_par ocr_line ocrx_word'/>
</head>
<body>
  <div class='ocr_page' id='page_1' title='image "./patrologiaecurs70unkngoog_0116.png"; bbox 0 0 3900 6128; ppageno 0'>
   <div class='ocr_carea' id='block_1_1' title="bbox 182 240 1906 317">
    <p class='ocr_par' dir='ltr' id='par_1_1' title="bbox 182 240 1906 317">
     <span class='ocr_line' id='line_1_1' title="bbox 182 240 1906 317; baseline 0.007 -16"><span class='ocrx_word' id='word_1_1' title='bbox 182 245 243 317; x_wconf 70' lang='lat'><strong>223</strong></span> <span class='ocrx_word' id='word_1_2' title='bbox 919 241 952 308; x_wconf 88' lang='lat' dir='ltr'><strong>S.</strong></span> <span class='ocrx_word' id='word_1_3' title='bbox 974 240 1195 308; x_wconf 73' lang='lat' dir='ltr'><strong>Aneaosu.</strong></span> <span class='ocrx_word' id='word_1_4' title='bbox 1842 248 1906 313; x_wconf 72' lang='lat'><strong>224</strong></span> 
     </span>
    </p>
   </div>
   <div class='ocr_carea' id='block_1_2' title="bbox 182 427 1906 967">
    <p class='ocr_par' dir='ltr' id='par_1_2' title="bbox 182 427 1906 967">
     <span class='ocr_line' id='line_1_2' title="bbox 184 427 1904 526; baseline -0.003 -17"><span class='ocrx_word' id='word_1_5' title='bbox 184 442 277 524; x_wconf 81' lang='lat' dir='ltr'><strong>(Psal.</strong></span> <span class='ocrx_word' id='word_1_6' title='bbox 293 467 363 522; x_wconf 80' lang='lat' dir='ltr'><strong>xnu,</strong></span> <span class='ocrx_word' id='word_1_7' title='bbox 379 450 419 522; x_wconf 78' lang='lat' dir='ltr'><strong>t).</strong></span> <span class='ocrx_word' id='word_1_8' title='bbox 437 449 558 507; x_wconf 88' lang='lat' dir='ltr'><strong>immolo</strong></span> <span class='ocrx_word' id='word_1_9' title='bbox 582 450 643 506; x_wconf 89' lang='lat' dir='ltr'><strong>Deo</strong></span> <span class='ocrx_word' id='word_1_10' title='bbox 659 448 839 505; x_wconf 85' lang='lat' dir='ltr'><strong>sacrificium</strong></span> <span class='ocrx_word' id='word_1_11' title='bbox 862 447 969 519; x_wconf 88' lang='lat' dir='ltr'><strong>laudis,</strong></span> <span class='ocrx_word' id='word_1_12' title='bbox 986 427 1049 503; x_wconf 60' lang='lat' dir='ltr'><strong>et·³¹</strong></span> <span class='ocrx_word' id='word_1_13' title='bbox 1069 451 1138 518; x_wconf 89' lang='lat' dir='ltr'><strong>tem,</strong></span> <span class='ocrx_word' id='word_1_14' title='bbox 1155 448 1225 504; x_wconf 91' lang='lat' dir='ltr'><strong>dum</strong></span> <span class='ocrx_word' id='word_1_15' title='bbox 1239 448 1347 526; x_wconf 84' lang='lat' dir='ltr'><strong>virgini</strong></span> <span class='ocrx_word' id='word_1_16' title='bbox 1373 448 1446 505; x_wconf 85' lang='lat' dir='ltr'><strong>nihil</strong></span> <span class='ocrx_word' id='word_1_17' title='bbox 1461 448 1541 505; x_wconf 87' lang='lat' dir='ltr'><strong>aliud</strong></span> <span class='ocrx_word' id='word_1_18' title='bbox 1564 447 1624 504; x_wconf 88' lang='lat' dir='ltr'><strong>nisi</strong></span> <span class='ocrx_word' id='word_1_19' title='bbox 1637 447 1756 521; x_wconf 90' lang='lat' dir='ltr'><strong>plantas</strong></span> <span class='ocrx_word' id='word_1_20' title='bbox 1773 463 1904 504; x_wconf 88' lang='lat' dir='ltr'><strong>exoscu-</strong></span> 
     </span>
     <span class='ocr_line' id='line_1_3' title="bbox 183 538 1904 610; baseline -0.002 -12"><span class='ocrx_word' id='word_1_21' title='bbox 183 542 274 598; x_wconf 89' lang='lat' dir='ltr'><strong>reddo</strong></span> <span class='ocrx_word' id='word_1_22' title='bbox 289 540 443 596; x_wconf 91' lang='lat' dir='ltr'><strong>Altissimo</strong></span> <span class='ocrx_word' id='word_1_23' title='bbox 457 543 525 596; x_wconf 86' lang='lat' dir='ltr'><strong>vota</strong></span> <span class='ocrx_word' id='word_1_24' title='bbox 537 555 601 596; x_wconf 90' lang='lat' dir='ltr'><strong>mea</strong></span> <span class='ocrx_word' id='word_1_25' title='bbox 614 538 709 610; x_wconf 87' lang='lat' dir='ltr'><strong>(Psal.</strong></span> <span class='ocrx_word' id='word_1_26' title='bbox 727 557 806 609; x_wconf 75' lang='lat' dir='ltr'><strong>xcix,</strong></span> <span class='ocrx_word' id='word_1_27' title='bbox 824 538 880 609; x_wconf 80' lang='lat' dir='ltr'><strong>lt).</strong></span> <span class='ocrx_word' id='word_1_28' title='bbox 1069 539 1175 608; x_wconf 85' lang='lat' dir='ltr'><strong>lentur,</strong></span> <span class='ocrx_word' id='word_1_29' title='bbox 1192 538 1338 593; x_wconf 79' lang='lat' dir='ltr'><strong>demersis</strong></span> <span class='ocrx_word' id='word_1_30' title='bbox 1353 539 1382 592; x_wconf 91' lang='lat' dir='ltr'><strong>in</strong></span> <span class='ocrx_word' id='word_1_31' title='bbox 1406 542 1515 592; x_wconf 86' lang='lat' dir='ltr'><strong>terram</strong></span> <span class='ocrx_word' id='word_1_32' title='bbox 1530 538 1636 609; x_wconf 92' lang='lat' dir='ltr'><strong>oculis,</strong></span> <span class='ocrx_word' id='word_1_33' title='bbox 1661 543 1801 610; x_wconf 88' lang='lat' dir='ltr'><strong>tanquam</strong></span> <span class='ocrx_word' id='word_1_34' title='bbox 1815 554 1904 594; x_wconf 86' lang='lat' dir='ltr'><strong>vere·</strong></span> 
     </span>
     <span class='ocr_line' id='line_1_4' title="bbox 218 626 1905 701; baseline -0.001 -16"><span class='ocrx_word' id='word_1_35' title='bbox 218 630 261 684; x_wconf 80' lang='lat'><strong>18.</strong></span> <span class='ocrx_word' id='word_1_36' title='bbox 274 629 377 701; x_wconf 84' lang='lat' dir='ltr'>Neque</span> <span class='ocrx_word' id='word_1_37' title='bbox 389 630 467 685; x_wconf 89' lang='lat' dir='ltr'><strong>enim</strong></span> <span class='ocrx_word' id='word_1_38' title='bbox 478 628 672 684; x_wconf 89' lang='lat' dir='ltr'><strong>dubitaverim</strong></span> <span class='ocrx_word' id='word_1_39' title='bbox 689 629 776 682; x_wconf 80' lang='lat' dir='ltr'><strong>robis</strong></span> <span class='ocrx_word' id='word_1_40' title='bbox 794 631 893 698; x_wconf 92' lang='lat' dir='ltr'><strong>patere</strong></span> <span class='ocrx_word' id='word_1_41' title='bbox 912 626 1014 682; x_wconf 88' lang='lat' dir='ltr'><strong>alteria</strong></span> <span class='ocrx_word' id='word_1_42' title='bbox 1070 628 1277 696; x_wconf 86' lang='lat' dir='ltr'><strong>candentibus,</strong></span> <span class='ocrx_word' id='word_1_43' title='bbox 1303 643 1339 682; x_wconf 91' lang='lat' dir='ltr'><strong>ne</strong></span> <span class='ocrx_word' id='word_1_44' title='bbox 1358 643 1422 682; x_wconf 89' lang='lat' dir='ltr'><strong>mas</strong></span> <span class='ocrx_word' id='word_1_45' title='bbox 1448 628 1555 699; x_wconf 90' lang='lat' dir='ltr'><strong>aliquis</strong></span> <span class='ocrx_word' id='word_1_46' title='bbox 1572 628 1618 682; x_wconf 89' lang='lat' dir='ltr'><strong>vel</strong></span> <span class='ocrx_word' id='word_1_47' title='bbox 1642 627 1739 683; x_wconf 89' lang='lat' dir='ltr'><strong>bestia</strong></span> <span class='ocrx_word' id='word_1_48' title='bbox 1755 626 1905 701; x_wconf 83' lang='lat' dir='ltr'><strong>virginem</strong></span> 
     </span>
     <span class='ocr_line' id='line_1_5' title="bbox 183 716 1315 790; baseline -0.002 -18"><span class='ocrx_word' id='word_1_49' title='bbox 183 718 246 785; x_wconf 89' lang='lat' dir='ltr'><strong>Dei,</strong></span> <span class='ocrx_word' id='word_1_50' title='bbox 264 733 389 790; x_wconf 92' lang='lat' dir='ltr'><strong>quarum</strong></span> <span class='ocrx_word' id='word_1_51' title='bbox 410 721 524 772; x_wconf 79' lang='lat' dir='ltr'><strong>mentes</strong></span> <span class='ocrx_word' id='word_1_52' title='bbox 548 716 649 772; x_wconf 92' lang='lat' dir='ltr'><strong>altaria</strong></span> <span class='ocrx_word' id='word_1_53' title='bbox 671 717 853 772; x_wconf 77' lang='lat' dir='ltr'><strong>confidenter</strong></span> <span class='ocrx_word' id='word_1_54' title='bbox 876 717 1013 784; x_wconf 90' lang='lat' dir='ltr'><strong>dixerim,</strong></span> <span class='ocrx_word' id='word_1_55' title='bbox 1069 717 1177 771; x_wconf 91' lang='lat' dir='ltr'><strong>nudam</strong></span> <span class='ocrx_word' id='word_1_56' title='bbox 1192 717 1315 771; x_wconf 89' lang='lat' dir='ltr'><strong>videret.</strong></span> 
     </span>
     <span class='ocr_line' id='line_1_6' title="bbox 182 802 1903 882; baseline -0.002 -21"><span class='ocrx_word' id='word_1_57' title='bbox 182 804 1014 879; x_wconf 84' lang='lat' dir='ltr'><strong>inquibusquotidieproredemptionecorporlsChristus</strong></span> <span class='ocrx_word' id='word_1_58' title='bbox 1105 802 1150 860; x_wconf 79' lang='lat' dir='ltr'><strong>al.</strong></span> <span class='ocrx_word' id='word_1_59' title='bbox 1164 803 1375 882; x_wconf 87' lang='lat' dir='ltr'><strong>Dicetaliquis:</strong></span> <span class='ocrx_word' id='word_1_60' title='bbox 1395 803 1454 859; x_wconf 89' lang='lat' dir='ltr'><strong>Cur</strong></span> <span class='ocrx_word' id='word_1_61' title='bbox 1465 805 1631 875; x_wconf 88' lang='lat' dir='ltr'><strong>exemplum</strong></span> <span class='ocrx_word' id='word_1_62' title='bbox 1650 804 1775 859; x_wconf 76' lang='lat' dir='ltr'><strong>attulisti</strong></span> <span class='ocrx_word' id='word_1_63' title='bbox 1790 804 1903 870; x_wconf 78' lang='lat' dir='ltr'><strong>Mariae,</strong></span> 
     </span>
     <span class='ocr_line' id='line_1_7' title="bbox 182 892 1906 967; baseline -0.001 -17"><span class='ocrx_word' id='word_1_64' title='bbox 182 894 359 951; x_wconf 90' lang='lat' dir='ltr'><strong>immolatur.</strong></span> <span class='ocrx_word' id='word_1_65' title='bbox 376 895 450 950; x_wconf 91' lang='lat' dir='ltr'><strong>Nam</strong></span> <span class='ocrx_word' id='word_1_66' title='bbox 467 895 493 949; x_wconf 90' lang='lat' dir='ltr'><strong>si</strong></span> <span class='ocrx_word' id='word_1_67' title='bbox 520 911 628 966; x_wconf 89' lang='lat' dir='ltr'><strong>corpus</strong></span> <span class='ocrx_word' id='word_1_68' title='bbox 645 895 771 967; x_wconf 88' lang='lat' dir='ltr'><strong>virginis</strong></span> <span class='ocrx_word' id='word_1_69' title='bbox 797 897 849 950; x_wconf 88' lang='lat' dir='ltr'><strong>Dei</strong></span> <span class='ocrx_word' id='word_1_70' title='bbox 873 895 1014 966; x_wconf 92' lang='lat' dir='ltr'><strong>templum</strong></span> <span class='ocrx_word' id='word_1_71' title='bbox 1069 895 1155 967; x_wconf 82' lang='lat' dir='ltr'>quasi</span> <span class='ocrx_word' id='word_1_72' title='bbox 1185 892 1308 966; x_wconf 82' lang='lat' dir='ltr'><strong>reperiri</strong></span> <span class='ocrx_word' id='word_1_73' title='bbox 1332 898 1419 965; x_wconf 91' lang='lat' dir='ltr'><strong>queat</strong></span> <span class='ocrx_word' id='word_1_74' title='bbox 1440 897 1561 948; x_wconf 88' lang='lat' dir='ltr'><strong>matrem</strong></span> <span class='ocrx_word' id='word_1_75' title='bbox 1586 895 1700 948; x_wconf 88' lang='lat' dir='ltr'><strong>Domini</strong></span> <span class='ocrx_word' id='word_1_76' title='bbox 1724 910 1791 965; x_wconf 74' lang='lat' dir='ltr'><strong>quae</strong></span> <span class='ocrx_word' id='word_1_77' title='bbox 1806 894 1906 964; x_wconf 86' lang='lat' dir='ltr'><strong>possit</strong></span> 
     </span>
    </p>
   </div>
   <div class='ocr_carea' id='block_1_3' title="bbox 180 984 1015 1413">
    <p class='ocr_par' dir='ltr' id='par_1_3' title="bbox 180 984 1015 1413">
     <span class='ocr_line' id='line_1_8' title="bbox 181 984 1015 1056; baseline -0.002 -16"><span class='ocrx_word' id='word_1_78' title='bbox 181 984 435 1054; x_wconf 89' lang='lat' dir='ltr'><strong>est,animusquid</strong></span> <span class='ocrx_word' id='word_1_79' title='bbox 449 990 504 1053; x_wconf 89' lang='lat' dir='ltr'><strong>est,</strong></span> <span class='ocrx_word' id='word_1_80' title='bbox 513 985 561 1055; x_wconf 89' lang='lat' dir='ltr'><strong>qui</strong></span> <span class='ocrx_word' id='word_1_81' title='bbox 579 988 716 1056; x_wconf 91' lang='lat' dir='ltr'><strong>tanquam</strong></span> <span class='ocrx_word' id='word_1_82' title='bbox 728 984 1015 1038; x_wconf 88' lang='lat' dir='ltr'><strong>membrorumcine·</strong></span> 
     </span>
     <span class='ocr_line' id='line_1_9' title="bbox 181 1072 1012 1145; baseline 0 -17"><span class='ocrx_word' id='word_1_83' title='bbox 181 1073 266 1128; x_wconf 88' lang='lat' dir='ltr'><strong>ribus</strong></span> <span class='ocrx_word' id='word_1_84' title='bbox 287 1072 443 1145; x_wconf 88' lang='lat' dir='ltr'><strong>exagitatis</strong></span> <span class='ocrx_word' id='word_1_85' title='bbox 455 1073 522 1143; x_wconf 84' lang='grc'>(93),</span> <span class='ocrx_word' id='word_1_86' title='bbox 541 1074 705 1129; x_wconf 90' lang='lat' dir='ltr'><strong>sacerdotis</strong></span> <span class='ocrx_word' id='word_1_87' title='bbox 721 1074 823 1128; x_wconf 77' lang='lat' dir='ltr'><strong>aeterni</strong></span> <span class='ocrx_word' id='word_1_88' title='bbox 837 1073 1012 1144; x_wconf 77' lang='lat' dir='ltr'><strong>redopertus</strong></span> 
     </span>
     <span class='ocr_line' id='line_1_10' title="bbox 181 1162 1013 1236; baseline 0 -20"><span class='ocrx_word' id='word_1_89' title='bbox 181 1176 279 1223; x_wconf 90' lang='lat' dir='ltr'><strong>manu.</strong></span> <span class='ocrx_word' id='word_1_90' title='bbox 291 1176 431 1232; x_wconf 84' lang='lat' dir='ltr'><strong>vaporem</strong></span> <span class='ocrx_word' id='word_1_91' title='bbox 449 1162 541 1217; x_wconf 87' lang='lat' dir='ltr'><strong>divini</strong></span> <span class='ocrx_word' id='word_1_92' title='bbox 552 1163 632 1236; x_wconf 91' lang='lat' dir='ltr'><strong>ignis</strong></span> <span class='ocrx_word' id='word_1_93' title='bbox 650 1163 790 1218; x_wconf 76' lang='lat' dir='ltr'><strong>exhalat?</strong></span> <span class='ocrx_word' id='word_1_94' title='bbox 807 1163 903 1218; x_wconf 86' lang='lat' dir='ltr'><strong>Baetae</strong></span> <span class='ocrx_word' id='word_1_95' title='bbox 918 1163 1013 1235; x_wconf 89' lang='lat' dir='ltr'><strong>virgi-</strong></span> 
     </span>
     <span class='ocr_line' id='line_1_11' title="bbox 180 1251 1010 1324; baseline 0.001 -19"><span class='ocrx_word' id='word_1_96' title='bbox 180 1265 245 1319; x_wconf 87' lang='lat' dir='ltr'><strong>nes,</strong></span> <span class='ocrx_word' id='word_1_97' title='bbox 268 1267 334 1322; x_wconf 74' lang='lat' dir='ltr'><strong>quaa</strong></span> <span class='ocrx_word' id='word_1_98' title='bbox 349 1257 406 1305; x_wconf 92' lang='lat' dir='ltr'><strong>tam</strong></span> <span class='ocrx_word' id='word_1_99' title='bbox 428 1251 584 1306; x_wconf 78' lang='lat' dir='ltr'><strong>immortali</strong></span> <span class='ocrx_word' id='word_1_100' title='bbox 606 1253 725 1323; x_wconf 87' lang='lat' dir='ltr'><strong>spiratis</strong></span> <span class='ocrx_word' id='word_1_101' title='bbox 751 1252 856 1324; x_wconf 89' lang='lat' dir='ltr'><strong>gratia,</strong></span> <span class='ocrx_word' id='word_1_102' title='bbox 873 1255 904 1306; x_wconf 89' lang='lat' dir='ltr'><strong>at</strong></span> <span class='ocrx_word' id='word_1_103' title='bbox 933 1251 1010 1306; x_wconf 91' lang='lat' dir='ltr'><strong>horti</strong></span> 
     </span>
     <span class='ocr_line' id='line_1_12' title="bbox 181 1339 1007 1413; baseline 0.002 -17"><span class='ocrx_word' id='word_1_104' title='bbox 181 1339 315 1411; x_wconf 83' lang='lat' dir='ltr'><strong>floribus,</strong></span> <span class='ocrx_word' id='word_1_105' title='bbox 326 1341 358 1395; x_wconf 91' lang='lat' dir='ltr'><strong>ut</strong></span> <span class='ocrx_word' id='word_1_106' title='bbox 380 1340 486 1410; x_wconf 89' lang='lat' dir='ltr'><strong>templa</strong></span> <span class='ocrx_word' id='word_1_107' title='bbox 501 1341 656 1413; x_wconf 88' lang='lat' dir='ltr'><strong>religione,</strong></span> <span class='ocrx_word' id='word_1_108' title='bbox 668 1345 700 1397; x_wconf 91' lang='lat' dir='ltr'><strong>ut</strong></span> <span class='ocrx_word' id='word_1_109' title='bbox 712 1341 814 1397; x_wconf 90' lang='lat' dir='ltr'><strong>altaria</strong></span> <span class='ocrx_word' id='word_1_110' title='bbox 829 1341 984 1397; x_wconf 87' lang='lat' dir='ltr'><strong>sacerdote</strong></span> <span class='ocrx_word' id='word_1_111' title='bbox 1000 1339 1007 1398; x_wconf 83' lang='lat' dir='ltr'><strong>t</strong></span> 
     </span>
    </p>
   </div>
   <div class='ocr_carea' id='block_1_4' title="bbox 495 1465 684 1520">
    <p class='ocr_par' dir='ltr' id='par_1_4' title="bbox 495 1465 684 1520">
     <span class='ocr_line' id='line_1_13' title="bbox 495 1465 684 1520; baseline 0.005 -1"><span class='ocrx_word' id='word_1_112' title='bbox 495 1465 620 1520; x_wconf 83' lang='lat' dir='ltr'><strong>CAPUT</strong></span> <span class='ocrx_word' id='word_1_113' title='bbox 637 1465 684 1520; x_wconf 96' lang='lat' dir='ltr'><strong>lll.</strong></span> 
     </span>
    </p>
   </div>
   <div class='ocr_carea' id='block_1_5' title="bbox 184 1586 1014 1804">
    <p class='ocr_par' dir='ltr' id='par_1_5' title="bbox 184 1586 1014 1804">
     <span class='ocr_line' id='line_1_14' title="bbox 184 1586 1012 1658; baseline 0.002 -16"><span class='ocrx_word' id='word_1_114' title='bbox 184 1586 222 1642; x_wconf 85' lang='lat' dir='ltr'><strong>Ut</strong></span> <span class='ocrx_word' id='word_1_115' title='bbox 235 1587 334 1643; x_wconf 87' lang='lat' dir='ltr'><strong>Maria</strong></span> <span class='ocrx_word' id='word_1_116' title='bbox 353 1588 633 1658; x_wconf 74' lang='lat' dir='ltr'><strong>vitrainiormandoe,</strong></span> <span class='ocrx_word' id='word_1_117' title='bbox 644 1591 688 1644; x_wconf 87' lang='lat' dir='ltr'><strong>sic</strong></span> <span class='ocrx_word' id='word_1_118' title='bbox 703 1591 809 1646; x_wconf 80' lang='lat' dir='ltr'><strong>Thecla</strong></span> <span class='ocrx_word' id='word_1_119' title='bbox 823 1593 929 1646; x_wconf 86' lang='lat' dir='ltr'><strong>mortis</strong></span> <span class='ocrx_word' id='word_1_120' title='bbox 941 1592 1012 1647; x_wconf 87' lang='lat' dir='ltr'><strong>aba·</strong></span> 
     </span>
     <span class='ocr_line' id='line_1_15' title="bbox 217 1659 1014 1736; baseline 0.006 -23"><span class='ocrx_word' id='word_1_121' title='bbox 217 1659 301 1714; x_wconf 81' lang='lat' dir='ltr'><strong>undae</strong></span> <span class='ocrx_word' id='word_1_122' title='bbox 317 1660 468 1731; x_wconf 78' lang='lat' dir='ltr'><strong>erernplar</strong></span> <span class='ocrx_word' id='word_1_123' title='bbox 483 1661 603 1716; x_wconf 86' lang='lat' dir='ltr'><strong>dieitur.</strong></span> <span class='ocrx_word' id='word_1_124' title='bbox 627 1660 709 1715; x_wconf 89' lang='lat' dir='ltr'><strong>Hanc</strong></span> <span class='ocrx_word' id='word_1_125' title='bbox 724 1679 739 1715; x_wconf 86' lang='lat' dir='ltr'><strong>a</strong></span> <span class='ocrx_word' id='word_1_126' title='bbox 755 1662 866 1717; x_wconf 83' lang='lat' dir='ltr'><strong>bestiis</strong></span> <span class='ocrx_word' id='word_1_127' title='bbox 890 1663 927 1717; x_wconf 85' lang='lat' dir='ltr'><strong>ad</strong></span> <span class='ocrx_word' id='word_1_128' title='bbox 942 1678 1014 1736; x_wconf 88' lang='lat' dir='ltr'><strong>quas</strong></span> 
     </span>
     <span class='ocr_line' id='line_1_16' title="bbox 216 1730 1014 1804; baseline 0.006 -21"><span class='ocrx_word' id='word_1_129' title='bbox 216 1730 352 1784; x_wconf 88' lang='lat' dir='ltr'><strong>damnata</strong></span> <span class='ocrx_word' id='word_1_130' title='bbox 368 1730 477 1799; x_wconf 81' lang='lat' dir='ltr'><strong>inerat,</strong></span> <span class='ocrx_word' id='word_1_131' title='bbox 496 1747 552 1786; x_wconf 92' lang='lat' dir='ltr'><strong>non</strong></span> <span class='ocrx_word' id='word_1_132' title='bbox 576 1733 669 1787; x_wconf 87' lang='lat' dir='ltr'><strong>solum</strong></span> <span class='ocrx_word' id='word_1_133' title='bbox 687 1733 765 1787; x_wconf 86' lang='lat' dir='ltr'><strong>nihil</strong></span> <span class='ocrx_word' id='word_1_134' title='bbox 774 1749 903 1804; x_wconf 86' lang='lat' dir='ltr'><strong>passam,</strong></span> <span class='ocrx_word' id='word_1_135' title='bbox 928 1735 1014 1789; x_wconf 85' lang='lat' dir='ltr'><strong>sede</strong></span> 
     </span>
    </p>
   </div>
   <div class='ocr_carea' id='block_1_6' title="bbox 217 1802 1052 1876">
    <p class='ocr_par' dir='ltr' id='par_1_6' title="bbox 217 1802 1052 1876">
     <span class='ocr_line' id='line_1_17' title="bbox 217 1802 1052 1876; baseline 0.005 -20"><span class='ocrx_word' id='word_1_136' title='bbox 217 1802 368 1856; x_wconf 85' lang='lat' dir='ltr'><strong>contrario</strong></span> <span class='ocrx_word' id='word_1_137' title='bbox 392 1802 498 1856; x_wconf 84' lang='lat' dir='ltr'><strong>cultam</strong></span> <span class='ocrx_word' id='word_1_138' title='bbox 519 1809 551 1856; x_wconf 90' lang='lat' dir='ltr'><strong>et</strong></span> <span class='ocrx_word' id='word_1_139' title='bbox 566 1804 718 1859; x_wconf 86' lang='lat' dir='ltr'><strong>adoratam</strong></span> <span class='ocrx_word' id='word_1_140' title='bbox 734 1820 811 1858; x_wconf 86' lang='lat' dir='ltr'><strong>asse.</strong></span> <span class='ocrx_word' id='word_1_141' title='bbox 833 1805 873 1859; x_wconf 89' lang='lat' dir='ltr'><strong>At</strong></span> <span class='ocrx_word' id='word_1_142' title='bbox 890 1821 926 1859; x_wconf 92' lang='lat' dir='ltr'><strong>ne</strong></span> <span class='ocrx_word' id='word_1_143' title='bbox 943 1822 1014 1876; x_wconf 85' lang='lat' dir='ltr'><strong>quas</strong></span> <span class='ocrx_word' id='word_1_144' title='bbox 1029 1807 1052 1866; x_wconf 84' lang='lat' dir='ltr'>B</span> 
     </span>
    </p>
   </div>
   <div class='ocr_carea' id='block_1_7' title="bbox 216 1873 1013 2018">
    <p class='ocr_par' dir='ltr' id='par_1_7' title="bbox 216 1873 1013 2018">
     <span class='ocr_line' id='line_1_18' title="bbox 216 1873 1013 1950; baseline 0.006 -23"><span class='ocrx_word' id='word_1_145' title='bbox 216 1873 370 1944; x_wconf 77' lang='lat' dir='ltr'><strong>superiora</strong></span> <span class='ocrx_word' id='word_1_146' title='bbox 378 1874 510 1944; x_wconf 86' lang='lat' dir='ltr'><strong>exernpla</strong></span> <span class='ocrx_word' id='word_1_147' title='bbox 521 1876 865 1945; x_wconf 82' lang='lat' dir='ltr'><strong>deterreont,rcccutius</strong></span> <span class='ocrx_word' id='word_1_148' title='bbox 871 1876 1013 1950; x_wconf 79' lang='lat' dir='ltr'><strong>quoddam</strong></span> 
     </span>
     <span class='ocr_line' id='line_1_19' title="bbox 216 1943 597 2018; baseline 0.008 -19"><span class='ocrx_word' id='word_1_149' title='bbox 216 1943 398 2000; x_wconf 83' lang='lat' dir='ltr'><strong>narrandum</strong></span> <span class='ocrx_word' id='word_1_150' title='bbox 411 1946 597 2018; x_wconf 79' lang='lat' dir='ltr'><strong>proponitur.</strong></span> 
     </span>
    </p>
   </div>
   <div class='ocr_carea' id='block_1_8' title="bbox 216 2085 1013 2160">
    <p class='ocr_par' dir='ltr' id='par_1_8' title="bbox 216 2085 1013 2160">
     <span class='ocr_line' id='line_1_20' title="bbox 216 2085 1013 2160; baseline 0.004 -20"><span class='ocrx_word' id='word_1_151' title='bbox 216 2085 259 2141; x_wconf 82' lang='lat' dir='ltr'><strong>le.</strong></span> <span class='ocrx_word' id='word_1_152' title='bbox 276 2086 356 2159; x_wconf 89' lang='lat' dir='ltr'><strong>Ergo</strong></span> <span class='ocrx_word' id='word_1_153' title='bbox 384 2091 486 2142; x_wconf 91' lang='lat' dir='ltr'><strong>sancta</strong></span> <span class='ocrx_word' id='word_1_154' title='bbox 510 2089 601 2144; x_wconf 84' lang='lat' dir='ltr'><strong>Maria</strong></span> <span class='ocrx_word' id='word_1_155' title='bbox 623 2091 810 2160; x_wconf 80' lang='lat' dir='ltr'><strong>disciplinam</strong></span> <span class='ocrx_word' id='word_1_156' title='bbox 835 2092 903 2144; x_wconf 73' lang='lat' dir='ltr'><strong>tutae</strong></span> <span class='ocrx_word' id='word_1_157' title='bbox 918 2088 1013 2144; x_wconf 81' lang='lat' dir='ltr'><strong>intor-</strong></span> 
     </span>
    </p>
   </div>
   <div class='ocr_carea' id='block_1_9' title="bbox 179 2179 1014 3148">
    <p class='ocr_par' dir='ltr' id='par_1_9' title="bbox 180 2179 1014 2786">
     <span class='ocr_line' id='line_1_21' title="bbox 180 2179 1013 2259; baseline 0.002 -21"><span class='ocrx_word' id='word_1_158' title='bbox 180 2187 248 2254; x_wconf 89' lang='lat' dir='ltr'><strong>met,</strong></span> <span class='ocrx_word' id='word_1_159' title='bbox 275 2185 383 2239; x_wconf 80' lang='lat' dir='ltr'><strong>Thecla</strong></span> <span class='ocrx_word' id='word_1_160' title='bbox 407 2186 510 2240; x_wconf 87' lang='lat' dir='ltr'><strong>doceat</strong></span> <span class='ocrx_word' id='word_1_161' title='bbox 526 2187 688 2242; x_wconf 87' lang='lat' dir='ltr'><strong>immolari:</strong></span> <span class='ocrx_word' id='word_1_162' title='bbox 707 2204 773 2259; x_wconf 74' lang='lat' dir='ltr'><strong>quaa</strong></span> <span class='ocrx_word' id='word_1_163' title='bbox 791 2179 861 2241; x_wconf 84' lang='grc'><strong>167</strong></span> <span class='ocrx_word' id='word_1_164' title='bbox 878 2186 1013 2257; x_wconf 92' lang='lat' dir='ltr'><strong>copulam</strong></span> 
     </span>
     <span class='ocr_line' id='line_1_22' title="bbox 181 2271 1013 2345; baseline 0.005 -19"><span class='ocrx_word' id='word_1_165' title='bbox 181 2271 300 2345; x_wconf 86' lang='lat' dir='ltr'><strong>fugiens</strong></span> <span class='ocrx_word' id='word_1_166' title='bbox 312 2274 481 2345; x_wconf 81' lang='lat' dir='ltr'><strong>nuptialem,</strong></span> <span class='ocrx_word' id='word_1_167' title='bbox 494 2278 522 2329; x_wconf 92' lang='lat' dir='ltr'><strong>et</strong></span> <span class='ocrx_word' id='word_1_168' title='bbox 538 2277 643 2345; x_wconf 89' lang='lat' dir='ltr'><strong>sponsi</strong></span> <span class='ocrx_word' id='word_1_169' title='bbox 653 2276 752 2331; x_wconf 82' lang='lat' dir='ltr'><strong>surore</strong></span> <span class='ocrx_word' id='word_1_170' title='bbox 764 2277 908 2343; x_wconf 87' lang='lat' dir='ltr'><strong>damnata,</strong></span> <span class='ocrx_word' id='word_1_171' title='bbox 928 2279 1013 2330; x_wconf 89' lang='lat' dir='ltr'><strong>nalu-</strong></span> 
     </span>
     <span class='ocr_line' id='line_1_23' title="bbox 181 2363 1013 2434; baseline 0.004 -18"><span class='ocrx_word' id='word_1_172' title='bbox 181 2376 243 2416; x_wconf 88' lang='lat' dir='ltr'><strong>ram</strong></span> <span class='ocrx_word' id='word_1_173' title='bbox 264 2364 350 2417; x_wconf 88' lang='lat' dir='ltr'><strong>etiam</strong></span> <span class='ocrx_word' id='word_1_174' title='bbox 369 2363 533 2417; x_wconf 89' lang='lat' dir='ltr'><strong>bestiarum</strong></span> <span class='ocrx_word' id='word_1_175' title='bbox 549 2364 726 2434; x_wconf 84' lang='lat' dir='ltr'><strong>virginitatis</strong></span> <span class='ocrx_word' id='word_1_176' title='bbox 743 2366 932 2418; x_wconf 89' lang='lat' dir='ltr'><strong>veneratione</strong></span> <span class='ocrx_word' id='word_1_177' title='bbox 948 2381 1013 2419; x_wconf 94' lang='lat' dir='ltr'><strong>mu-</strong></span> 
     </span>
     <span class='ocr_line' id='line_1_24' title="bbox 180 2450 1014 2525; baseline 0.004 -21"><span class='ocrx_word' id='word_1_178' title='bbox 180 2450 261 2504; x_wconf 90' lang='lat' dir='ltr'><strong>tavit.</strong></span> <span class='ocrx_word' id='word_1_179' title='bbox 278 2450 411 2523; x_wconf 90' lang='lat' dir='ltr'><strong>Namque</strong></span> <span class='ocrx_word' id='word_1_180' title='bbox 427 2455 526 2522; x_wconf 88' lang='lat' dir='ltr'><strong>parata</strong></span> <span class='ocrx_word' id='word_1_181' title='bbox 543 2453 577 2506; x_wconf 90' lang='lat' dir='ltr'><strong>ad</strong></span> <span class='ocrx_word' id='word_1_182' title='bbox 595 2452 685 2522; x_wconf 77' lang='lat' dir='ltr'><strong>ieraS,</strong></span> <span class='ocrx_word' id='word_1_183' title='bbox 704 2469 770 2507; x_wconf 92' lang='lat' dir='ltr'><strong>cum</strong></span> <span class='ocrx_word' id='word_1_184' title='bbox 786 2457 925 2525; x_wconf 87' lang='lat' dir='ltr'><strong>aspectus</strong></span> <span class='ocrx_word' id='word_1_185' title='bbox 941 2469 1014 2524; x_wconf 90' lang='lat' dir='ltr'><strong>quo-</strong></span> 
     </span>
     <span class='ocr_line' id='line_1_25' title="bbox 180 2539 1013 2612; baseline 0.002 -19"><span class='ocrx_word' id='word_1_186' title='bbox 180 2552 238 2610; x_wconf 91' lang='lat' dir='ltr'><strong>que</strong></span> <span class='ocrx_word' id='word_1_187' title='bbox 254 2539 415 2596; x_wconf 91' lang='lat' dir='ltr'><strong>declinaret</strong></span> <span class='ocrx_word' id='word_1_188' title='bbox 430 2541 571 2608; x_wconf 87' lang='lat' dir='ltr'><strong>virorum,</strong></span> <span class='ocrx_word' id='word_1_189' title='bbox 588 2557 622 2595; x_wconf 90' lang='lat' dir='ltr'><strong>ac</strong></span> <span class='ocrx_word' id='word_1_190' title='bbox 637 2542 735 2596; x_wconf 89' lang='lat' dir='ltr'><strong>vitalia</strong></span> <span class='ocrx_word' id='word_1_191' title='bbox 750 2543 814 2612; x_wconf 87' lang='lat' dir='ltr'><strong>ipsa</strong></span> <span class='ocrx_word' id='word_1_192' title='bbox 830 2558 912 2596; x_wconf 69' lang='lat' dir='ltr'><strong>saevo</strong></span> <span class='ocrx_word' id='word_1_193' title='bbox 924 2541 1013 2597; x_wconf 88' lang='lat' dir='ltr'><strong>olier-</strong></span> 
     </span>
     <span class='ocr_line' id='line_1_26' title="bbox 180 2627 1012 2702; baseline 0.004 -20"><span class='ocrx_word' id='word_1_194' title='bbox 180 2630 225 2682; x_wconf 89' lang='lat' dir='ltr'><strong>ret</strong></span> <span class='ocrx_word' id='word_1_195' title='bbox 240 2627 327 2698; x_wconf 92' lang='lat' dir='ltr'><strong>leoni,</strong></span> <span class='ocrx_word' id='word_1_196' title='bbox 346 2629 415 2683; x_wconf 86' lang='lat' dir='ltr'><strong>iecit</strong></span> <span class='ocrx_word' id='word_1_197' title='bbox 430 2633 461 2684; x_wconf 93' lang='lat' dir='ltr'><strong>ut</strong></span> <span class='ocrx_word' id='word_1_198' title='bbox 475 2631 526 2702; x_wconf 88' lang='lat' dir='ltr'><strong>qui</strong></span> <span class='ocrx_word' id='word_1_199' title='bbox 540 2630 707 2702; x_wconf 89' lang='lat' dir='ltr'><strong>impudicos</strong></span> <span class='ocrx_word' id='word_1_200' title='bbox 717 2631 881 2687; x_wconf 89' lang='lat' dir='ltr'><strong>detulerant</strong></span> <span class='ocrx_word' id='word_1_201' title='bbox 897 2632 1012 2701; x_wconf 89' lang='lat' dir='ltr'><strong>oculos;</strong></span> 
     </span>
     <span class='ocr_line' id='line_1_27' title="bbox 180 2716 479 2786; baseline 0.007 -15"><span class='ocrx_word' id='word_1_202' title='bbox 180 2716 306 2786; x_wconf 88' lang='lat' dir='ltr'><strong>pudicos</strong></span> <span class='ocrx_word' id='word_1_203' title='bbox 321 2718 479 2773; x_wconf 81' lang='lat' dir='ltr'><strong>referrent.</strong></span> 
     </span>
    </p>

    <p class='ocr_par' dir='ltr' id='par_1_10' title="bbox 179 2804 1013 3148">
     <span class='ocr_line' id='line_1_28' title="bbox 216 2804 1013 2881; baseline 0.001 -19"><span class='ocrx_word' id='word_1_204' title='bbox 216 2804 260 2862; x_wconf 71' lang='lat'><strong>20.</strong></span> <span class='ocrx_word' id='word_1_205' title='bbox 276 2806 403 2863; x_wconf 86' lang='lat' dir='ltr'><strong>Cernere</strong></span> <span class='ocrx_word' id='word_1_206' title='bbox 430 2812 492 2863; x_wconf 89' lang='lat' dir='ltr'><strong>erat</strong></span> <span class='ocrx_word' id='word_1_207' title='bbox 506 2808 646 2881; x_wconf 82' lang='lat' dir='ltr'><strong>ligantem</strong></span> <span class='ocrx_word' id='word_1_208' title='bbox 672 2811 763 2880; x_wconf 90' lang='lat' dir='ltr'><strong>pedes</strong></span> <span class='ocrx_word' id='word_1_209' title='bbox 786 2811 910 2865; x_wconf 92' lang='lat' dir='ltr'><strong>bestiam</strong></span> <span class='ocrx_word' id='word_1_210' title='bbox 928 2809 1013 2863; x_wconf 91' lang='lat' dir='ltr'><strong>cubi·</strong></span> 
     </span>
     <span class='ocr_line' id='line_1_29' title="bbox 181 2895 1012 2971; baseline 0.007 -23"><span class='ocrx_word' id='word_1_211' title='bbox 181 2895 243 2949; x_wconf 90' lang='lat' dir='ltr'><strong>tare</strong></span> <span class='ocrx_word' id='word_1_212' title='bbox 258 2895 349 2964; x_wconf 90' lang='lat' dir='ltr'><strong>humi,</strong></span> <span class='ocrx_word' id='word_1_213' title='bbox 373 2900 452 2951; x_wconf 94' lang='lat' dir='ltr'><strong>muto</strong></span> <span class='ocrx_word' id='word_1_214' title='bbox 478 2898 685 2954; x_wconf 86' lang='lat' dir='ltr'><strong>testificantem</strong></span> <span class='ocrx_word' id='word_1_215' title='bbox 710 2915 784 2954; x_wconf 92' lang='lat' dir='ltr'><strong>sono</strong></span> <span class='ocrx_word' id='word_1_216' title='bbox 801 2900 879 2971; x_wconf 87' lang='lat' dir='ltr'><strong>quod</strong></span> <span class='ocrx_word' id='word_1_217' title='bbox 894 2915 1012 2954; x_wconf 86' lang='lat' dir='ltr'><strong>sacrum</strong></span> 
     </span>
     <span class='ocr_line' id='line_1_30' title="bbox 180 2985 1013 3061; baseline 0.005 -23"><span class='ocrx_word' id='word_1_218' title='bbox 180 2985 307 3056; x_wconf 87' lang='lat' dir='ltr'><strong>virginis</strong></span> <span class='ocrx_word' id='word_1_219' title='bbox 323 3001 432 3056; x_wconf 90' lang='lat' dir='ltr'><strong>corpus</strong></span> <span class='ocrx_word' id='word_1_220' title='bbox 447 2987 558 3042; x_wconf 91' lang='lat' dir='ltr'><strong>violare</strong></span> <span class='ocrx_word' id='word_1_221' title='bbox 574 3003 633 3043; x_wconf 90' lang='lat' dir='ltr'><strong>noa</strong></span> <span class='ocrx_word' id='word_1_222' title='bbox 648 2992 763 3058; x_wconf 89' lang='lat' dir='ltr'><strong>posset.</strong></span> <span class='ocrx_word' id='word_1_223' title='bbox 782 2988 861 3061; x_wconf 81' lang='lat' dir='ltr'><strong>Ergo</strong></span> <span class='ocrx_word' id='word_1_224' title='bbox 873 2988 1013 3043; x_wconf 90' lang='lat' dir='ltr'><strong>adorabat</strong></span> 
     </span>
     <span class='ocr_line' id='line_1_31' title="bbox 179 3075 1011 3148; baseline 0.005 -20"><span class='ocrx_word' id='word_1_225' title='bbox 179 3075 310 3144; x_wconf 72' lang='lat' dir='ltr'><strong>praedam</strong></span> <span class='ocrx_word' id='word_1_226' title='bbox 336 3091 420 3130; x_wconf 90' lang='lat' dir='ltr'><strong>suam</strong></span> <span class='ocrx_word' id='word_1_227' title='bbox 443 3077 556 3133; x_wconf 91' lang='lat' dir='ltr'><strong>bestia:</strong></span> <span class='ocrx_word' id='word_1_228' title='bbox 584 3081 612 3131; x_wconf 92' lang='lat' dir='ltr'><strong>et</strong></span> <span class='ocrx_word' id='word_1_229' title='bbox 626 3077 754 3148; x_wconf 87' lang='lat' dir='ltr'><strong>propriae</strong></span> <span class='ocrx_word' id='word_1_230' title='bbox 774 3077 864 3132; x_wconf 90' lang='lat' dir='ltr'><strong>oblita</strong></span> <span class='ocrx_word' id='word_1_231' title='bbox 888 3080 1011 3148; x_wconf 79' lang='lat' dir='ltr'><strong>naturae,</strong></span> 
     </span>
    </p>
   </div>
   <div class='ocr_carea' id='block_1_10' title="bbox 1069 983 1907 1412">
    <p class='ocr_par' dir='ltr' id='par_1_11' title="bbox 1069 983 1907 1412">
     <span class='ocr_line' id='line_1_32' title="bbox 1070 983 1907 1054; baseline 0 -16"><span class='ocrx_word' id='word_1_232' title='bbox 1070 984 1204 1039; x_wconf 82' lang='lat' dir='ltr'><strong>imitari?</strong></span> <span class='ocrx_word' id='word_1_233' title='bbox 1218 984 1278 1038; x_wconf 86' lang='lat' dir='ltr'><strong>Cur</strong></span> <span class='ocrx_word' id='word_1_234' title='bbox 1292 984 1377 1038; x_wconf 92' lang='lat' dir='ltr'><strong>etiam</strong></span> <span class='ocrx_word' id='word_1_235' title='bbox 1393 983 1521 1052; x_wconf 76' lang='lat' dir='ltr'><strong>Theclae,</strong></span> <span class='ocrx_word' id='word_1_236' title='bbox 1546 998 1633 1054; x_wconf 88' lang='lat' dir='ltr'><strong>quam</strong></span> <span class='ocrx_word' id='word_1_237' title='bbox 1648 984 1781 1054; x_wconf 90' lang='lat' dir='ltr'><strong>gentium</strong></span> <span class='ocrx_word' id='word_1_238' title='bbox 1800 983 1907 1038; x_wconf 86' lang='lat' dir='ltr'><strong>doctor</strong></span> 
     </span>
     <span class='ocr_line' id='line_1_33' title="bbox 1070 1070 1905 1145; baseline 0.002 -19"><span class='ocrx_word' id='word_1_239' title='bbox 1070 1072 1218 1128; x_wconf 72' lang='lat' dir='ltr'><strong>instituit?</strong></span> <span class='ocrx_word' id='word_1_240' title='bbox 1234 1074 1274 1128; x_wconf 88' lang='lat' dir='ltr'><strong>Da</strong></span> <span class='ocrx_word' id='word_1_241' title='bbox 1286 1072 1492 1145; x_wconf 80' lang='lat' dir='ltr'><strong>hujuscemodi</strong></span> <span class='ocrx_word' id='word_1_242' title='bbox 1504 1072 1665 1139; x_wconf 89' lang='lat' dir='ltr'><strong>doctorem,</strong></span> <span class='ocrx_word' id='word_1_243' title='bbox 1683 1071 1710 1125; x_wconf 88' lang='lat' dir='ltr'><strong>si</strong></span> <span class='ocrx_word' id='word_1_244' title='bbox 1724 1070 1905 1142; x_wconf 83' lang='lat' dir='ltr'><strong>discipulam</strong></span> 
     </span>
     <span class='ocr_line' id='line_1_34' title="bbox 1069 1159 1907 1234; baseline -0.002 -17"><span class='ocrx_word' id='word_1_245' title='bbox 1069 1162 1208 1233; x_wconf 89' lang='lat' dir='ltr'><strong>requiris.</strong></span> <span class='ocrx_word' id='word_1_246' title='bbox 1240 1163 1453 1234; x_wconf 80' lang='lat' dir='ltr'><strong>llujuscemodi</strong></span> <span class='ocrx_word' id='word_1_247' title='bbox 1484 1176 1589 1216; x_wconf 88' lang='lat' dir='ltr'><strong>recens</strong></span> <span class='ocrx_word' id='word_1_248' title='bbox 1618 1160 1705 1214; x_wconf 90' lang='lat' dir='ltr'><strong>vobis</strong></span> <span class='ocrx_word' id='word_1_249' title='bbox 1734 1159 1907 1231; x_wconf 84' lang='lat' dir='ltr'><strong>exemplum</strong></span> 
     </span>
     <span class='ocr_line' id='line_1_35' title="bbox 1070 1250 1906 1324; baseline 0 -20"><span class='ocrx_word' id='word_1_250' title='bbox 1070 1251 1199 1322; x_wconf 85' lang='lat' dir='ltr'><strong>protero,</strong></span> <span class='ocrx_word' id='word_1_251' title='bbox 1217 1255 1248 1306; x_wconf 93' lang='lat' dir='ltr'><strong>ut</strong></span> <span class='ocrx_word' id='word_1_252' title='bbox 1262 1252 1431 1324; x_wconf 87' lang='lat' dir='ltr'><strong>intelligatis</strong></span> <span class='ocrx_word' id='word_1_253' title='bbox 1448 1250 1624 1322; x_wconf 81' lang='lat' dir='ltr'><strong>Apostolum</strong></span> <span class='ocrx_word' id='word_1_254' title='bbox 1652 1265 1711 1305; x_wconf 91' lang='lat' dir='ltr'><strong>non</strong></span> <span class='ocrx_word' id='word_1_255' title='bbox 1727 1250 1818 1305; x_wconf 87' lang='lat' dir='ltr'><strong>unius</strong></span> <span class='ocrx_word' id='word_1_256' title='bbox 1835 1259 1906 1305; x_wconf 86' lang='lat' dir='ltr'><strong>esse</strong></span> 
     </span>
     <span class='ocr_line' id='line_1_36' title="bbox 1070 1340 1457 1412; baseline 0.003 -18"><span class='ocrx_word' id='word_1_257' title='bbox 1070 1340 1229 1412; x_wconf 89' lang='lat' dir='ltr'><strong>doctorem,</strong></span> <span class='ocrx_word' id='word_1_258' title='bbox 1247 1342 1301 1397; x_wconf 90' lang='lat' dir='ltr'><strong>sed</strong></span> <span class='ocrx_word' id='word_1_259' title='bbox 1317 1341 1457 1396; x_wconf 91' lang='lat' dir='ltr'><strong>omnium.</strong></span> 
     </span>
    </p>
   </div>
   <div class='ocr_carea' id='block_1_11' title="bbox 1388 1448 1578 1504">
    <p class='ocr_par' dir='ltr' id='par_1_12' title="bbox 1388 1448 1578 1504">
     <span class='ocr_line' id='line_1_37' title="bbox 1388 1448 1578 1504; baseline -0.011 0"><span class='ocrx_word' id='word_1_260' title='bbox 1388 1448 1514 1504; x_wconf 80' lang='lat' dir='ltr'><strong>CAPUT</strong></span> <span class='ocrx_word' id='word_1_261' title='bbox 1530 1448 1578 1503; x_wconf 92' lang='lat' dir='ltr'><strong>IV.</strong></span> 
     </span>
    </p>
   </div>
   <div class='ocr_carea' id='block_1_12' title="bbox 1068 1552 1904 3150">
    <p class='ocr_par' dir='ltr' id='par_1_13' title="bbox 1069 1552 1904 2038">
     <span class='ocr_line' id='line_1_38' title="bbox 1069 1552 1899 1626; baseline -0.001 -17"><span class='ocrx_word' id='word_1_262' title='bbox 1069 1555 1255 1610; x_wconf 82' lang='lat' dir='ltr'><strong>Antiocheae</strong></span> <span class='ocrx_word' id='word_1_263' title='bbox 1275 1555 1367 1626; x_wconf 82' lang='lat' dir='ltr'><strong>rirpo.</strong></span> <span class='ocrx_word' id='word_1_264' title='bbox 1378 1554 1624 1609; x_wconf 76' lang='lat' dir='ltr'><strong>cunisacridcare</strong></span> <span class='ocrx_word' id='word_1_265' title='bbox 1634 1552 1899 1619; x_wconf 85' lang='lat' dir='ltr'><strong>idolisracusaret,</strong></span> 
     </span>
     <span class='ocr_line' id='line_1_39' title="bbox 1105 1625 1901 1698; baseline -0.001 -17"><span class='ocrx_word' id='word_1_266' title='bbox 1105 1627 1142 1681; x_wconf 84' lang='lat' dir='ltr'><strong>ad</strong></span> <span class='ocrx_word' id='word_1_267' title='bbox 1151 1627 1274 1698; x_wconf 84' lang='lat' dir='ltr'><strong>lupanar</strong></span> <span class='ocrx_word' id='word_1_268' title='bbox 1284 1627 1431 1694; x_wconf 83' lang='lat' dir='ltr'><strong>damnata,</strong></span> <span class='ocrx_word' id='word_1_269' title='bbox 1444 1627 1515 1681; x_wconf 85' lang='lat' dir='ltr'><strong>iude</strong></span> <span class='ocrx_word' id='word_1_270' title='bbox 1534 1626 1641 1680; x_wconf 87' lang='lat' dir='ltr'><strong>militis</strong></span> <span class='ocrx_word' id='word_1_271' title='bbox 1655 1625 1830 1679; x_wconf 76' lang='lat' dir='ltr'><strong>Christiani</strong></span> <span class='ocrx_word' id='word_1_272' title='bbox 1839 1638 1901 1696; x_wconf 80' lang='lat' dir='ltr'><strong>ope-</strong></span> 
     </span>
     <span class='ocr_line' id='line_1_40' title="bbox 1105 1695 1904 1768; baseline -0.001 -16"><span class='ocrx_word' id='word_1_273' title='bbox 1105 1714 1149 1761; x_wconf 85' lang='lat' dir='ltr'><strong>ra,</strong></span> <span class='ocrx_word' id='word_1_274' title='bbox 1162 1699 1283 1752; x_wconf 86' lang='lat' dir='ltr'><strong>mutatis</strong></span> <span class='ocrx_word' id='word_1_275' title='bbox 1303 1699 1427 1752; x_wconf 81' lang='lat' dir='ltr'><strong>interae</strong></span> <span class='ocrx_word' id='word_1_276' title='bbox 1448 1697 1591 1759; x_wconf 67' lang='lat' dir='ltr'><strong>restibus</strong></span> <span class='ocrx_word' id='word_1_277' title='bbox 1615 1697 1681 1750; x_wconf 86' lang='lat' dir='ltr'><strong>sine</strong></span> <span class='ocrx_word' id='word_1_278' title='bbox 1705 1696 1764 1751; x_wconf 89' lang='lat' dir='ltr'><strong>uilo</strong></span> <span class='ocrx_word' id='word_1_279' title='bbox 1778 1695 1904 1768; x_wconf 78' lang='lat' dir='ltr'><strong>pudoris</strong></span> 
     </span>
     <span class='ocr_line' id='line_1_41' title="bbox 1106 1765 1904 1840; baseline -0.003 -16"><span class='ocrx_word' id='word_1_280' title='bbox 1106 1769 1210 1825; x_wconf 86' lang='lat' dir='ltr'><strong>damno</strong></span> <span class='ocrx_word' id='word_1_281' title='bbox 1221 1770 1323 1824; x_wconf 85' lang='lat' dir='ltr'><strong>eradit</strong></span> <span class='ocrx_word' id='word_1_282' title='bbox 1332 1776 1371 1838; x_wconf 89' lang='lat' dir='ltr'><strong>at,</strong></span> <span class='ocrx_word' id='word_1_283' title='bbox 1383 1786 1446 1823; x_wconf 84' lang='lat' dir='ltr'><strong>cuin</strong></span> <span class='ocrx_word' id='word_1_284' title='bbox 1462 1769 1513 1823; x_wconf 89' lang='lat' dir='ltr'><strong>ille</strong></span> <span class='ocrx_word' id='word_1_285' title='bbox 1521 1773 1680 1840; x_wconf 86' lang='lat' dir='ltr'><strong>propterca</strong></span> <span class='ocrx_word' id='word_1_286' title='bbox 1691 1767 1858 1823; x_wconf 84' lang='lat' dir='ltr'><strong>duceretur</strong></span> <span class='ocrx_word' id='word_1_287' title='bbox 1867 1765 1904 1822; x_wconf 86' lang='lat' dir='ltr'><strong>ad</strong></span> 
     </span>
     <span class='ocr_line' id='line_1_42' title="bbox 1104 1836 1904 1912; baseline -0.004 -17"><span class='ocrx_word' id='word_1_288' title='bbox 1104 1840 1287 1912; x_wconf 87' lang='lat' dir='ltr'><strong>suppliciam,</strong></span> <span class='ocrx_word' id='word_1_289' title='bbox 1300 1840 1362 1894; x_wconf 75' lang='lat' dir='ltr'><strong>hac</strong></span> <span class='ocrx_word' id='word_1_290' title='bbox 1373 1855 1389 1894; x_wconf 91' lang='lat' dir='ltr'><strong>e</strong></span> <span class='ocrx_word' id='word_1_291' title='bbox 1401 1840 1526 1909; x_wconf 83' lang='lat' dir='ltr'><strong>restipio</strong></span> <span class='ocrx_word' id='word_1_292' title='bbox 1537 1838 1669 1904; x_wconf 84' lang='lat' dir='ltr'><strong>rediens,</strong></span> <span class='ocrx_word' id='word_1_293' title='bbox 1683 1843 1860 1893; x_wconf 84' lang='lat' dir='ltr'><strong>constanter</strong></span> <span class='ocrx_word' id='word_1_294' title='bbox 1867 1836 1904 1892; x_wconf 83' lang='lat' dir='ltr'><strong>de</strong></span> 
     </span>
     <span class='ocr_line' id='line_1_43' title="bbox 1101 1909 1904 1985; baseline 0 -21"><span class='ocrx_word' id='word_1_295' title='bbox 1101 1911 1197 1983; x_wconf 86' lang='lat' dir='ltr'><strong>palma</strong></span> <span class='ocrx_word' id='word_1_296' title='bbox 1209 1928 1271 1965; x_wconf 88' lang='lat' dir='ltr'><strong>cnm</strong></span> <span class='ocrx_word' id='word_1_297' title='bbox 1283 1911 1384 1966; x_wconf 84' lang='lat' dir='ltr'><strong>eodem</strong></span> <span class='ocrx_word' id='word_1_298' title='bbox 1395 1910 1556 1979; x_wconf 81' lang='lat' dir='ltr'><strong>contendit,</strong></span> <span class='ocrx_word' id='word_1_299' title='bbox 1578 1926 1631 1983; x_wconf 84' lang='lat' dir='ltr'><strong>qna</strong></span> <span class='ocrx_word' id='word_1_300' title='bbox 1644 1909 1762 1964; x_wconf 82' lang='lat' dir='ltr'><strong>tandem</strong></span> <span class='ocrx_word' id='word_1_301' title='bbox 1781 1914 1904 1985; x_wconf 83' lang='lat' dir='ltr'><strong>uterque</strong></span> 
     </span>
     <span class='ocr_line' id='line_1_44' title="bbox 1105 1983 1295 2038; baseline 0 -1"><span class='ocrx_word' id='word_1_302' title='bbox 1105 1983 1207 2038; x_wconf 86' lang='lat' dir='ltr'><strong>donati</strong></span> <span class='ocrx_word' id='word_1_303' title='bbox 1217 1989 1295 2038; x_wconf 83' lang='lat' dir='ltr'><strong>sunt.</strong></span> 
     </span>
    </p>

    <p class='ocr_par' dir='ltr' id='par_1_14' title="bbox 1068 2085 1904 3061">
     <span class='ocr_line' id='line_1_45' title="bbox 1104 2085 1903 2160; baseline -0.003 -17"><span class='ocrx_word' id='word_1_304' title='bbox 1104 2087 1148 2143; x_wconf 67' lang='lat'><strong>22.</strong></span> <span class='ocrx_word' id='word_1_305' title='bbox 1160 2090 1325 2144; x_wconf 83' lang='lat' dir='ltr'><strong>Antiochiae</strong></span> <span class='ocrx_word' id='word_1_306' title='bbox 1341 2104 1435 2159; x_wconf 89' lang='lat' dir='ltr'><strong>nuper</strong></span> <span class='ocrx_word' id='word_1_307' title='bbox 1449 2089 1534 2160; x_wconf 86' lang='lat' dir='ltr'><strong>virgo</strong></span> <span class='ocrx_word' id='word_1_308' title='bbox 1553 2087 1687 2159; x_wconf 87' lang='lat' dir='ltr'><strong>quaedam</strong></span> <span class='ocrx_word' id='word_1_309' title='bbox 1700 2086 1755 2141; x_wconf 83' lang='lat' dir='ltr'><strong>luit</strong></span> <span class='ocrx_word' id='word_1_310' title='bbox 1770 2085 1903 2158; x_wconf 83' lang='lat' dir='ltr'><strong>fugitans</strong></span> 
     </span>
     <span class='ocr_line' id='line_1_46' title="bbox 1069 2175 1904 2249; baseline -0.002 -17"><span class='ocrx_word' id='word_1_311' title='bbox 1069 2178 1179 2248; x_wconf 91' lang='lat' dir='ltr'><strong>publici</strong></span> <span class='ocrx_word' id='word_1_312' title='bbox 1190 2179 1274 2233; x_wconf 90' lang='lat' dir='ltr'><strong>visus</strong></span> <span class='ocrx_word' id='word_1_313' title='bbox 1286 2177 1342 2247; x_wconf 86' lang='grc'>(96)</span> <span class='ocrx_word' id='word_1_314' title='bbox 1354 2194 1360 2233; x_wconf 90' lang='lat'>:</span> <span class='ocrx_word' id='word_1_315' title='bbox 1377 2178 1430 2233; x_wconf 91' lang='lat' dir='ltr'><strong>sad</strong></span> <span class='ocrx_word' id='word_1_316' title='bbox 1446 2193 1504 2249; x_wconf 93' lang='lat' dir='ltr'><strong>quo</strong></span> <span class='ocrx_word' id='word_1_317' title='bbox 1521 2177 1617 2248; x_wconf 88' lang='lat' dir='ltr'><strong>magis</strong></span> <span class='ocrx_word' id='word_1_318' title='bbox 1632 2176 1764 2230; x_wconf 91' lang='lat' dir='ltr'><strong>virorum</strong></span> <span class='ocrx_word' id='word_1_319' title='bbox 1776 2175 1904 2230; x_wconf 86' lang='lat' dir='ltr'><strong>evitabat</strong></span> 
     </span>
     <span class='ocr_line' id='line_1_47' title="bbox 1070 2263 1903 2338; baseline -0.002 -16"><span class='ocrx_word' id='word_1_320' title='bbox 1070 2267 1184 2336; x_wconf 77' lang='lat' dir='ltr'><strong>aculae,</strong></span> <span class='ocrx_word' id='word_1_321' title='bbox 1201 2283 1236 2322; x_wconf 91' lang='lat' dir='ltr'><strong>eo</strong></span> <span class='ocrx_word' id='word_1_322' title='bbox 1251 2267 1377 2338; x_wconf 91' lang='lat' dir='ltr'><strong>amplius</strong></span> <span class='ocrx_word' id='word_1_323' title='bbox 1401 2266 1585 2321; x_wconf 89' lang='lat' dir='ltr'><strong>incendebat.</strong></span> <span class='ocrx_word' id='word_1_324' title='bbox 1613 2264 1806 2320; x_wconf 89' lang='lat' dir='ltr'><strong>Pulchritudo</strong></span> <span class='ocrx_word' id='word_1_325' title='bbox 1826 2263 1903 2320; x_wconf 82' lang='lat' dir='ltr'><strong>enim</strong></span> 
     </span>
     <span class='ocr_line' id='line_1_48' title="bbox 1068 2353 1903 2426; baseline -0.002 -16"><span class='ocrx_word' id='word_1_326' title='bbox 1068 2358 1226 2412; x_wconf 90' lang='lat' dir='ltr'><strong>auditanec</strong></span> <span class='ocrx_word' id='word_1_327' title='bbox 1234 2357 1296 2411; x_wconf 79' lang='lat' dir='ltr'><strong>visa</strong></span> <span class='ocrx_word' id='word_1_328' title='bbox 1305 2356 1370 2426; x_wconf 89' lang='lat' dir='ltr'><strong>plus</strong></span> <span class='ocrx_word' id='word_1_329' title='bbox 1378 2355 1573 2423; x_wconf 85' lang='lat' dir='ltr'><strong>desideratur,</strong></span> <span class='ocrx_word' id='word_1_330' title='bbox 1582 2354 1699 2409; x_wconf 91' lang='lat' dir='ltr'><strong>duobus</strong></span> <span class='ocrx_word' id='word_1_331' title='bbox 1709 2353 1841 2409; x_wconf 88' lang='lat' dir='ltr'><strong>stimulis</strong></span> <span class='ocrx_word' id='word_1_332' title='bbox 1853 2369 1903 2408; x_wconf 92' lang='lat' dir='ltr'><strong>cu·</strong></span> 
     </span>
     <span class='ocr_line' id='line_1_49' title="bbox 1069 2431 1902 2517; baseline -0.005 -17"><span class='ocrx_word' id='word_1_333' title='bbox 1069 2446 1231 2517; x_wconf 89' lang='lat' dir='ltr'><strong>piditatum,</strong></span> <span class='ocrx_word' id='word_1_334' title='bbox 1249 2447 1358 2500; x_wconf 91' lang='lat' dir='ltr'><strong>amoris</strong></span> <span class='ocrx_word' id='word_1_335' title='bbox 1374 2446 1401 2500; x_wconf 91' lang='lat' dir='ltr'><strong>et</strong></span> <span class='ocrx_word' id='word_1_336' title='bbox 1418 2444 1616 2517; x_wconf 87' lang='lat' dir='ltr'><strong>cognitionis:</strong></span> <span class='ocrx_word' id='word_1_337' title='bbox 1634 2444 1703 2499; x_wconf 91' lang='lat' dir='ltr'><strong>dum</strong></span> <span class='ocrx_word' id='word_1_338' title='bbox 1719 2446 1748 2498; x_wconf 89' lang='lat' dir='ltr'><strong>et</strong></span> <span class='ocrx_word' id='word_1_339' title='bbox 1762 2442 1837 2497; x_wconf 91' lang='lat' dir='ltr'><strong>nihil</strong></span> <span class='ocrx_word' id='word_1_340' title='bbox 1851 2431 1902 2496; x_wconf 52' lang='lat' dir='ltr'><strong>oc&#39;-</strong></span> 
     </span>
     <span class='ocr_line' id='line_1_50' title="bbox 1070 2533 1902 2606; baseline -0.004 -16"><span class='ocrx_word' id='word_1_341' title='bbox 1070 2536 1161 2590; x_wconf 88' lang='lat' dir='ltr'><strong>currit</strong></span> <span class='ocrx_word' id='word_1_342' title='bbox 1187 2535 1378 2606; x_wconf 87' lang='lat' dir='ltr'><strong>quodminus</strong></span> <span class='ocrx_word' id='word_1_343' title='bbox 1407 2534 1530 2604; x_wconf 87' lang='lat' dir='ltr'><strong>placeat,</strong></span> <span class='ocrx_word' id='word_1_344' title='bbox 1548 2536 1576 2588; x_wconf 93' lang='lat' dir='ltr'><strong>et</strong></span> <span class='ocrx_word' id='word_1_345' title='bbox 1603 2533 1670 2603; x_wconf 92' lang='lat' dir='ltr'><strong>plus</strong></span> <span class='ocrx_word' id='word_1_346' title='bbox 1686 2533 1807 2603; x_wconf 90' lang='lat' dir='ltr'><strong>putatur</strong></span> <span class='ocrx_word' id='word_1_347' title='bbox 1834 2544 1902 2587; x_wconf 84' lang='lat' dir='ltr'><strong>esee</strong></span> 
     </span>
     <span class='ocr_line' id='line_1_51' title="bbox 1069 2619 1903 2697; baseline -0.006 -17"><span class='ocrx_word' id='word_1_348' title='bbox 1069 2625 1146 2697; x_wconf 91' lang='lat' dir='ltr'><strong>quod</strong></span> <span class='ocrx_word' id='word_1_349' title='bbox 1163 2625 1285 2696; x_wconf 89' lang='lat' dir='ltr'><strong>placcat,</strong></span> <span class='ocrx_word' id='word_1_350' title='bbox 1303 2624 1380 2695; x_wconf 90' lang='lat' dir='ltr'><strong>quod</strong></span> <span class='ocrx_word' id='word_1_351' title='bbox 1397 2639 1454 2677; x_wconf 90' lang='lat' dir='ltr'><strong>uon</strong></span> <span class='ocrx_word' id='word_1_352' title='bbox 1468 2622 1561 2693; x_wconf 80' lang='lat' dir='ltr'><strong>judex</strong></span> <span class='ocrx_word' id='word_1_353' title='bbox 1574 2621 1678 2676; x_wconf 91' lang='lat' dir='ltr'><strong>oculus</strong></span> <span class='ocrx_word' id='word_1_354' title='bbox 1694 2619 1903 2691; x_wconf 63' lang='lat' dir='ltr'><strong>exploratam!</strong></span> 
     </span>
     <span class='ocr_line' id='line_1_52' title="bbox 1069 2710 1903 2783; baseline -0.005 -15"><span class='ocrx_word' id='word_1_355' title='bbox 1069 2715 1185 2769; x_wconf 91' lang='lat' dir='ltr'><strong>animus</strong></span> <span class='ocrx_word' id='word_1_356' title='bbox 1211 2717 1322 2768; x_wconf 90' lang='lat' dir='ltr'><strong>amator</strong></span> <span class='ocrx_word' id='word_1_357' title='bbox 1345 2715 1472 2783; x_wconf 88' lang='lat' dir='ltr'><strong>exoptat.</strong></span> <span class='ocrx_word' id='word_1_358' title='bbox 1499 2712 1599 2781; x_wconf 89' lang='lat' dir='ltr'><strong>Itaque</strong></span> <span class='ocrx_word' id='word_1_359' title='bbox 1624 2715 1726 2765; x_wconf 88' lang='lat' dir='ltr'><strong>saneta</strong></span> <span class='ocrx_word' id='word_1_360' title='bbox 1751 2710 1851 2781; x_wconf 87' lang='lat' dir='ltr'><strong>virgo,</strong></span> <span class='ocrx_word' id='word_1_361' title='bbox 1867 2722 1903 2764; x_wconf 87' lang='lat' dir='ltr'><strong>ne</strong></span> 
     </span>
     <span class='ocr_line' id='line_1_53' title="bbox 1069 2799 1903 2873; baseline -0.006 -14"><span class='ocrx_word' id='word_1_362' title='bbox 1069 2804 1179 2859; x_wconf 89' lang='lat' dir='ltr'><strong>diutius</strong></span> <span class='ocrx_word' id='word_1_363' title='bbox 1190 2802 1339 2858; x_wconf 89' lang='lat' dir='ltr'><strong>alerentur</strong></span> <span class='ocrx_word' id='word_1_364' title='bbox 1349 2801 1477 2873; x_wconf 90' lang='lat' dir='ltr'><strong>potiendi</strong></span> <span class='ocrx_word' id='word_1_365' title='bbox 1487 2815 1541 2871; x_wconf 91' lang='lat' dir='ltr'><strong>spe</strong></span> <span class='ocrx_word' id='word_1_366' title='bbox 1553 2799 1727 2871; x_wconf 88' lang='lat' dir='ltr'><strong>cupiditates</strong></span> <span class='ocrx_word' id='word_1_367' title='bbox 1743 2799 1815 2869; x_wconf 79' lang='lat'><strong>(97),</strong></span> <span class='ocrx_word' id='word_1_368' title='bbox 1827 2799 1903 2854; x_wconf 83' lang='lat' dir='ltr'><strong>inte·</strong></span> 
     </span>
     <span class='ocr_line' id='line_1_54' title="bbox 1068 2893 1903 2975; baseline -0.004 -19"><span class='ocrx_word' id='word_1_369' title='bbox 1068 2902 1204 2975; x_wconf 88' lang='lat' dir='ltr'><strong>gritatem</strong></span> <span class='ocrx_word' id='word_1_370' title='bbox 1222 2893 1294 2956; x_wconf 82' lang='grc'><strong>168</strong></span> <span class='ocrx_word' id='word_1_371' title='bbox 1310 2901 1432 2972; x_wconf 89' lang='lat' dir='ltr'><strong>pudoris</strong></span> <span class='ocrx_word' id='word_1_372' title='bbox 1443 2898 1903 2971; x_wconf 76' lang='lat' dir='ltr'><strong>professa,siorestinxitimpro-</strong></span> 
     </span>
     <span class='ocr_line' id='line_1_55' title="bbox 1068 2987 1900 3061; baseline -0.005 -15"><span class='ocrx_word' id='word_1_373' title='bbox 1068 2991 1173 3046; x_wconf 90' lang='lat' dir='ltr'><strong>borum</strong></span> <span class='ocrx_word' id='word_1_374' title='bbox 1183 2990 1275 3061; x_wconf 83' lang='lat' dir='ltr'><strong>iaces,</strong></span> <span class='ocrx_word' id='word_1_375' title='bbox 1285 2995 1317 3045; x_wconf 90' lang='lat' dir='ltr'><strong>ut</strong></span> <span class='ocrx_word' id='word_1_376' title='bbox 1327 3005 1385 3044; x_wconf 91' lang='lat' dir='ltr'><strong>non</strong></span> <span class='ocrx_word' id='word_1_377' title='bbox 1394 2989 1455 3060; x_wconf 80' lang='lat' dir='ltr'><strong>jam</strong></span> <span class='ocrx_word' id='word_1_378' title='bbox 1465 2993 1622 3056; x_wconf 89' lang='lat' dir='ltr'><strong>amaretur,</strong></span> <span class='ocrx_word' id='word_1_379' title='bbox 1641 2987 1694 3042; x_wconf 91' lang='lat' dir='ltr'><strong>sed</strong></span> <span class='ocrx_word' id='word_1_380' title='bbox 1714 2987 1900 3057; x_wconf 84' lang='lat' dir='ltr'><strong>proderetur.</strong></span> 
     </span>
    </p>

    <p class='ocr_par' dir='ltr' id='par_1_15' title="bbox 1104 3076 1901 3150">
     <span class='ocr_line' id='line_1_56' title="bbox 1104 3076 1901 3150; baseline -0.006 -14"><span class='ocrx_word' id='word_1_381' title='bbox 1104 3081 1147 3136; x_wconf 75' lang='lat'><strong>23.</strong></span> <span class='ocrx_word' id='word_1_382' title='bbox 1165 3080 1242 3134; x_wconf 86' lang='lat' dir='ltr'><strong>Ecce</strong></span> <span class='ocrx_word' id='word_1_383' title='bbox 1257 3080 1438 3150; x_wconf 89' lang='lat' dir='ltr'><strong>persecutio,</strong></span> <span class='ocrx_word' id='word_1_384' title='bbox 1450 3078 1551 3132; x_wconf 87' lang='lat' dir='ltr'><strong>Puella</strong></span> <span class='ocrx_word' id='word_1_385' title='bbox 1567 3077 1671 3148; x_wconf 81' lang='lat' dir='ltr'><strong>sugere</strong></span> <span class='ocrx_word' id='word_1_386' title='bbox 1688 3076 1803 3145; x_wconf 89' lang='lat' dir='ltr'><strong>nescia,</strong></span> <span class='ocrx_word' id='word_1_387' title='bbox 1824 3078 1901 3131; x_wconf 81' lang='lat' dir='ltr'><strong>carte</strong></span> 
     </span>
    </p>
   </div>
   <div class='ocr_carea' id='block_1_13' title="bbox 61 5179 1006 5258">
    <p class='ocr_par' dir='ltr' id='par_1_16' title="bbox 61 5179 1006 5258">
     <span class='ocr_line' id='line_1_57' title="bbox 61 5179 1006 5258; baseline 0.003 -25"><span class='ocrx_word' id='word_1_388' title='bbox 61 5254 63 5258; x_wconf 40' lang='lat'><strong>.</strong></span> <span class='ocrx_word' id='word_1_389' title='bbox 175 5179 262 5234; x_wconf 90' lang='lat' dir='ltr'><strong>tehac</strong></span> <span class='ocrx_word' id='word_1_390' title='bbox 272 5181 359 5236; x_wconf 88' lang='lat' dir='ltr'><strong>Bedae</strong></span> <span class='ocrx_word' id='word_1_391' title='bbox 372 5180 681 5237; x_wconf 84' lang='lat' dir='ltr'><strong>Venerabilisnomine</strong></span> <span class='ocrx_word' id='word_1_392' title='bbox 691 5184 895 5255; x_wconf 86' lang='lat' dir='ltr'><strong>pervulgatum</strong></span> <span class='ocrx_word' id='word_1_393' title='bbox 906 5182 1006 5237; x_wconf 76' lang='lat' dir='ltr'><strong>refert.</strong></span> 
     </span>
    </p>
   </div>
   <div class='ocr_carea' id='block_1_14' title="bbox 179 3164 1902 3329">
    <p class='ocr_par' dir='ltr' id='par_1_17' title="bbox 179 3164 1902 3329">
     <span class='ocr_line' id='line_1_58' title="bbox 180 3164 1902 3241; baseline 0.002 -24"><span class='ocrx_word' id='word_1_394' title='bbox 180 3164 452 3221; x_wconf 86' lang='lat' dir='ltr'><strong>naturaminduerat</strong></span> <span class='ocrx_word' id='word_1_395' title='bbox 461 3182 549 3238; x_wconf 91' lang='lat' dir='ltr'><strong>quum</strong></span> <span class='ocrx_word' id='word_1_396' title='bbox 560 3167 696 3222; x_wconf 88' lang='lat' dir='ltr'><strong>homines</strong></span> <span class='ocrx_word' id='word_1_397' title='bbox 707 3166 877 3221; x_wconf 87' lang='lat' dir='ltr'><strong>amiserant.</strong></span> <span class='ocrx_word' id='word_1_398' title='bbox 886 3167 1011 3222; x_wconf 84' lang='lat' dir='ltr'><strong>Videres</strong></span> <span class='ocrx_word' id='word_1_399' title='bbox 1025 3168 1051 3231; x_wconf 88' lang='lat' dir='ltr'>C</span> <span class='ocrx_word' id='word_1_400' title='bbox 1069 3171 1193 3241; x_wconf 90' lang='lat' dir='ltr'><strong>pavida:</strong></span> <span class='ocrx_word' id='word_1_401' title='bbox 1211 3169 1401 3225; x_wconf 79' lang='lat' dir='ltr'><strong>reinciderat</strong></span> <span class='ocrx_word' id='word_1_402' title='bbox 1417 3167 1606 3235; x_wconf 69' lang='lat' dir='ltr'><strong>insidiatores</strong></span> <span class='ocrx_word' id='word_1_403' title='bbox 1622 3165 1758 3236; x_wconf 88' lang='lat' dir='ltr'><strong>pudoris,</strong></span> <span class='ocrx_word' id='word_1_404' title='bbox 1772 3165 1902 3221; x_wconf 80' lang='lat' dir='ltr'><strong>animum</strong></span> 
     </span>
     <span class='ocr_line' id='line_1_59' title="bbox 179 3252 1902 3329; baseline 0.002 -22"><span class='ocrx_word' id='word_1_405' title='bbox 179 3252 305 3324; x_wconf 90' lang='lat' dir='ltr'><strong>quadam</strong></span> <span class='ocrx_word' id='word_1_406' title='bbox 334 3258 446 3310; x_wconf 75' lang='lat' dir='ltr'><strong>naturae</strong></span> <span class='ocrx_word' id='word_1_407' title='bbox 474 3256 677 3311; x_wconf 79' lang='lat' dir='ltr'><strong>transfusione</strong></span> <span class='ocrx_word' id='word_1_408' title='bbox 706 3256 842 3311; x_wconf 83' lang='lat' dir='ltr'><strong>homines</strong></span> <span class='ocrx_word' id='word_1_409' title='bbox 867 3255 1011 3311; x_wconf 79' lang='lat' dir='ltr'><strong>feritatem</strong></span> <span class='ocrx_word' id='word_1_410' title='bbox 1068 3259 1455 3329; x_wconf 82' lang='lat' dir='ltr'><strong>advirtutempararittnm</strong></span> <span class='ocrx_word' id='word_1_411' title='bbox 1482 3255 1632 3328; x_wconf 90' lang='lat' dir='ltr'><strong>religiosa,</strong></span> <span class='ocrx_word' id='word_1_412' title='bbox 1658 3257 1902 3311; x_wconf 83' lang='lat' dir='ltr'><strong>utmortemnou</strong></span> 
     </span>
    </p>
   </div>
   <div class='ocr_carea' id='block_1_15' title="bbox 108 3343 1911 4047">
    <p class='ocr_par' dir='ltr' id='par_1_18' title="bbox 108 3343 1911 4047">
     <span class='ocr_line' id='line_1_60' title="bbox 179 3343 1903 3422; baseline -0.001 -20"><span class='ocrx_word' id='word_1_413' title='bbox 179 3348 309 3418; x_wconf 87' lang='lat' dir='ltr'><strong>indutos,</strong></span> <span class='ocrx_word' id='word_1_414' title='bbox 321 3350 465 3405; x_wconf 76' lang='lat' dir='ltr'><strong>saevitiam</strong></span> <span class='ocrx_word' id='word_1_415' title='bbox 479 3352 623 3422; x_wconf 89' lang='lat' dir='ltr'><strong>imperare</strong></span> <span class='ocrx_word' id='word_1_416' title='bbox 644 3351 763 3406; x_wconf 85' lang='lat' dir='ltr'><strong>bestiae:</strong></span> <span class='ocrx_word' id='word_1_417' title='bbox 785 3351 910 3406; x_wconf 88' lang='lat' dir='ltr'><strong>bestiam</strong></span> <span class='ocrx_word' id='word_1_418' title='bbox 921 3366 1012 3405; x_wconf 88' lang='lat' dir='ltr'><strong>exos·</strong></span> <span class='ocrx_word' id='word_1_419' title='bbox 1066 3351 1198 3405; x_wconf 89' lang='lat' dir='ltr'><strong>timeret:</strong></span> <span class='ocrx_word' id='word_1_420' title='bbox 1216 3352 1274 3404; x_wconf 88' lang='lat' dir='ltr'><strong>tam</strong></span> <span class='ocrx_word' id='word_1_421' title='bbox 1289 3348 1405 3419; x_wconf 90' lang='lat' dir='ltr'><strong>pudica,</strong></span> <span class='ocrx_word' id='word_1_422' title='bbox 1423 3350 1454 3401; x_wconf 93' lang='lat' dir='ltr'><strong>ut</strong></span> <span class='ocrx_word' id='word_1_423' title='bbox 1470 3346 1665 3417; x_wconf 88' lang='lat' dir='ltr'><strong>exspeolaret.</strong></span> <span class='ocrx_word' id='word_1_424' title='bbox 1684 3343 1771 3399; x_wconf 85' lang='lat' dir='ltr'><strong>Venit</strong></span> <span class='ocrx_word' id='word_1_425' title='bbox 1784 3358 1903 3400; x_wconf 66' lang='lat' dir='ltr'><strong>corono</strong></span> 
     </span>
     <span class='ocr_line' id='line_1_61' title="bbox 180 3432 1903 3512; baseline -0.001 -21"><span class='ocrx_word' id='word_1_426' title='bbox 180 3437 699 3512; x_wconf 85' lang='lat' dir='ltr'><strong>calantempedesvirginis,docere</strong></span> <span class='ocrx_word' id='word_1_427' title='bbox 719 3440 789 3511; x_wconf 93' lang='lat' dir='ltr'><strong>quid</strong></span> <span class='ocrx_word' id='word_1_428' title='bbox 808 3440 1009 3494; x_wconf 89' lang='lat' dir='ltr'><strong>hominesda-</strong></span> <span class='ocrx_word' id='word_1_429' title='bbox 1067 3442 1142 3496; x_wconf 89' lang='lat' dir='ltr'><strong>dies.</strong></span> <span class='ocrx_word' id='word_1_430' title='bbox 1178 3440 1305 3493; x_wconf 87' lang='lat' dir='ltr'><strong>Maxima</strong></span> <span class='ocrx_word' id='word_1_431' title='bbox 1335 3437 1464 3493; x_wconf 89' lang='lat' dir='ltr'><strong>omnium</strong></span> <span class='ocrx_word' id='word_1_432' title='bbox 1498 3433 1690 3506; x_wconf 85' lang='lat' dir='ltr'><strong>exspectatio.</strong></span> <span class='ocrx_word' id='word_1_433' title='bbox 1725 3432 1903 3489; x_wconf 81' lang='lat' dir='ltr'><strong>Producitur</strong></span> 
     </span>
     <span class='ocr_line' id='line_1_62' title="bbox 179 3522 1903 3602; baseline -0.002 -21"><span class='ocrx_word' id='word_1_434' title='bbox 179 3525 292 3581; x_wconf 90' lang='lat' dir='ltr'><strong>berant.</strong></span> <span class='ocrx_word' id='word_1_435' title='bbox 310 3528 433 3584; x_wconf 88' lang='lat' dir='ltr'><strong>Tantum</strong></span> <span class='ocrx_word' id='word_1_436' title='bbox 453 3529 541 3583; x_wconf 89' lang='lat' dir='ltr'><strong>habet</strong></span> <span class='ocrx_word' id='word_1_437' title='bbox 555 3529 733 3602; x_wconf 89' lang='lat' dir='ltr'><strong>virginitatis</strong></span> <span class='ocrx_word' id='word_1_438' title='bbox 749 3529 960 3598; x_wconf 89' lang='lat' dir='ltr'><strong>admirationis,</strong></span> <span class='ocrx_word' id='word_1_439' title='bbox 981 3532 1013 3584; x_wconf 93' lang='lat' dir='ltr'><strong>ut</strong></span> <span class='ocrx_word' id='word_1_440' title='bbox 1067 3530 1175 3600; x_wconf 89' lang='lat' dir='ltr'><strong>puella,</strong></span> <span class='ocrx_word' id='word_1_441' title='bbox 1191 3529 1300 3599; x_wconf 82' lang='lat' dir='ltr'><strong>duplex</strong></span> <span class='ocrx_word' id='word_1_442' title='bbox 1315 3527 1452 3598; x_wconf 69' lang='lat' dir='ltr'><strong>professa</strong></span> <span class='ocrx_word' id='word_1_443' title='bbox 1469 3529 1626 3592; x_wconf 87' lang='lat' dir='ltr'><strong>certamen,</strong></span> <span class='ocrx_word' id='word_1_444' title='bbox 1649 3524 1678 3577; x_wconf 93' lang='lat' dir='ltr'><strong>et</strong></span> <span class='ocrx_word' id='word_1_445' title='bbox 1702 3522 1859 3591; x_wconf 87' lang='lat' dir='ltr'><strong>castitatis,</strong></span> <span class='ocrx_word' id='word_1_446' title='bbox 1875 3522 1903 3577; x_wconf 80' lang='lat' dir='ltr'><strong>et</strong></span> 
     </span>
     <span class='ocr_line' id='line_1_63' title="bbox 180 3610 1901 3692; baseline -0.002 -23"><span class='ocrx_word' id='word_1_447' title='bbox 180 3630 245 3670; x_wconf 89' lang='lat' dir='ltr'><strong>eam</strong></span> <span class='ocrx_word' id='word_1_448' title='bbox 269 3617 355 3671; x_wconf 91' lang='lat' dir='ltr'><strong>etiam</strong></span> <span class='ocrx_word' id='word_1_449' title='bbox 380 3617 483 3673; x_wconf 90' lang='lat' dir='ltr'><strong>leones</strong></span> <span class='ocrx_word' id='word_1_450' title='bbox 508 3618 660 3673; x_wconf 86' lang='lat' dir='ltr'><strong>mirentur.</strong></span> <span class='ocrx_word' id='word_1_451' title='bbox 678 3618 745 3673; x_wconf 91' lang='lat' dir='ltr'><strong>Non</strong></span> <span class='ocrx_word' id='word_1_452' title='bbox 769 3618 912 3688; x_wconf 88' lang='lat' dir='ltr'><strong>impastos</strong></span> <span class='ocrx_word' id='word_1_453' title='bbox 926 3617 1012 3673; x_wconf 90' lang='lat' dir='ltr'><strong>cibus</strong></span> <span class='ocrx_word' id='word_1_454' title='bbox 1067 3619 1233 3692; x_wconf 82' lang='lat' dir='ltr'><strong>religionis.</strong></span> <span class='ocrx_word' id='word_1_455' title='bbox 1250 3617 1308 3673; x_wconf 89' lang='lat' dir='ltr'><strong>Sed</strong></span> <span class='ocrx_word' id='word_1_456' title='bbox 1322 3616 1374 3675; x_wconf 90' lang='lat' dir='ltr'><strong>ubi</strong></span> <span class='ocrx_word' id='word_1_457' title='bbox 1400 3616 1537 3670; x_wconf 87' lang='lat' dir='ltr'><strong>viderunt</strong></span> <span class='ocrx_word' id='word_1_458' title='bbox 1560 3612 1757 3668; x_wconf 87' lang='lat' dir='ltr'><strong>constantiam</strong></span> <span class='ocrx_word' id='word_1_459' title='bbox 1781 3610 1901 3682; x_wconf 82' lang='lat' dir='ltr'><strong>proies-</strong></span> 
     </span>
     <span class='ocr_line' id='line_1_64' title="bbox 179 3699 1901 3778; baseline -0.003 -20"><span class='ocrx_word' id='word_1_460' title='bbox 179 3703 270 3775; x_wconf 86' lang='lat' dir='ltr'><strong>ssexit,</strong></span> <span class='ocrx_word' id='word_1_461' title='bbox 288 3721 347 3760; x_wconf 92' lang='lat' dir='ltr'><strong>non</strong></span> <span class='ocrx_word' id='word_1_462' title='bbox 372 3707 476 3763; x_wconf 90' lang='lat' dir='ltr'><strong>citatos</strong></span> <span class='ocrx_word' id='word_1_463' title='bbox 492 3707 619 3778; x_wconf 91' lang='lat' dir='ltr'><strong>impetus</strong></span> <span class='ocrx_word' id='word_1_464' title='bbox 642 3707 748 3777; x_wconf 90' lang='lat' dir='ltr'><strong>rapuit,</strong></span> <span class='ocrx_word' id='word_1_465' title='bbox 766 3723 824 3761; x_wconf 93' lang='lat' dir='ltr'><strong>non</strong></span> <span class='ocrx_word' id='word_1_466' title='bbox 845 3706 1012 3762; x_wconf 89' lang='lat' dir='ltr'><strong>stimulatos</strong></span> <span class='ocrx_word' id='word_1_467' title='bbox 1068 3709 1173 3776; x_wconf 90' lang='lat' dir='ltr'><strong>sionis,</strong></span> <span class='ocrx_word' id='word_1_468' title='bbox 1212 3709 1319 3762; x_wconf 89' lang='lat' dir='ltr'><strong>metum</strong></span> <span class='ocrx_word' id='word_1_469' title='bbox 1352 3705 1485 3776; x_wconf 91' lang='lat' dir='ltr'><strong>pudoris,</strong></span> <span class='ocrx_word' id='word_1_470' title='bbox 1521 3704 1651 3774; x_wconf 86' lang='lat' dir='ltr'><strong>paratam</strong></span> <span class='ocrx_word' id='word_1_471' title='bbox 1678 3701 1715 3754; x_wconf 90' lang='lat' dir='ltr'><strong>ad</strong></span> <span class='ocrx_word' id='word_1_472' title='bbox 1740 3699 1901 3767; x_wconf 83' lang='lat' dir='ltr'><strong>cruciatus,</strong></span> 
     </span>
     <span class='ocr_line' id='line_1_65' title="bbox 108 3789 1905 3869; baseline 0.001 -26"><span class='ocrx_word' id='word_1_473' title='bbox 108 3837 111 3843; x_wconf 94' lang='lat'><strong>.</strong></span> <span class='ocrx_word' id='word_1_474' title='bbox 179 3792 428 3866; x_wconf 86' lang='lat' dir='ltr'><strong>iraexasperavit,</strong></span> <span class='ocrx_word' id='word_1_475' title='bbox 441 3811 585 3853; x_wconf 90' lang='lat' dir='ltr'><strong>nonusus</strong></span> <span class='ocrx_word' id='word_1_476' title='bbox 597 3796 861 3869; x_wconf 88' lang='lat' dir='ltr'><strong>decepitassuetos</strong></span> <span class='ocrx_word' id='word_1_477' title='bbox 873 3795 940 3867; x_wconf 71' lang='lat' dir='ltr'><strong>(aa),</strong></span> <span class='ocrx_word' id='word_1_478' title='bbox 952 3811 1011 3851; x_wconf 91' lang='lat' dir='ltr'><strong>non</strong></span> <span class='ocrx_word' id='word_1_479' title='bbox 1069 3797 1297 3852; x_wconf 89' lang='lat' dir='ltr'><strong>erubescentem</strong></span> <span class='ocrx_word' id='word_1_480' title='bbox 1321 3795 1358 3850; x_wconf 87' lang='lat' dir='ltr'><strong>ad</strong></span> <span class='ocrx_word' id='word_1_481' title='bbox 1377 3797 1527 3865; x_wconf 89' lang='lat' dir='ltr'><strong>aspectus,</strong></span> <span class='ocrx_word' id='word_1_482' title='bbox 1552 3790 1723 3862; x_wconf 83' lang='lat' dir='ltr'><strong>excogitare</strong></span> <span class='ocrx_word' id='word_1_483' title='bbox 1748 3789 1905 3860; x_wconf 85' lang='lat' dir='ltr'><strong>coeperunt</strong></span> 
     </span>
     <span class='ocr_line' id='line_1_66' title="bbox 179 3877 1901 3958; baseline -0.002 -20"><span class='ocrx_word' id='word_1_484' title='bbox 179 3879 260 3938; x_wconf 80' lang='lat' dir='ltr'><strong>ieros</strong></span> <span class='ocrx_word' id='word_1_485' title='bbox 276 3887 378 3937; x_wconf 88' lang='lat' dir='ltr'><strong>natura</strong></span> <span class='ocrx_word' id='word_1_486' title='bbox 396 3885 541 3954; x_wconf 85' lang='lat' dir='ltr'><strong>possedit.</strong></span> <span class='ocrx_word' id='word_1_487' title='bbox 559 3885 729 3941; x_wconf 89' lang='lat' dir='ltr'><strong>Docuerunt</strong></span> <span class='ocrx_word' id='word_1_488' title='bbox 752 3885 927 3956; x_wconf 88' lang='lat' dir='ltr'><strong>religionem</strong></span> <span class='ocrx_word' id='word_1_489' title='bbox 942 3885 1012 3939; x_wconf 89' lang='lat' dir='ltr'><strong>dam</strong></span> <span class='ocrx_word' id='word_1_490' title='bbox 1067 3885 1313 3958; x_wconf 86' lang='lat' dir='ltr'><strong>quemadmodum</strong></span> <span class='ocrx_word' id='word_1_491' title='bbox 1342 3883 1401 3952; x_wconf 82' lang='grc'>(98)</span> <span class='ocrx_word' id='word_1_492' title='bbox 1429 3883 1528 3954; x_wconf 88' lang='lat' dir='ltr'><strong>specie</strong></span> <span class='ocrx_word' id='word_1_493' title='bbox 1558 3879 1702 3935; x_wconf 87' lang='lat' dir='ltr'><strong>castitatis</strong></span> <span class='ocrx_word' id='word_1_494' title='bbox 1726 3877 1901 3950; x_wconf 79' lang='lat' dir='ltr'><strong>religionen</strong></span> 
     </span>
     <span class='ocr_line' id='line_1_67' title="bbox 178 3967 1911 4047; baseline -0.002 -21"><span class='ocrx_word' id='word_1_495' title='bbox 178 3969 301 4028; x_wconf 85' lang='lat' dir='ltr'><strong>adorant</strong></span> <span class='ocrx_word' id='word_1_496' title='bbox 324 3975 480 4047; x_wconf 69' lang='lat' dir='ltr'><strong>martyrem</strong></span> <span class='ocrx_word' id='word_1_497' title='bbox 505 3974 581 4044; x_wconf 80' lang='lat' dir='ltr'><strong>(9b):</strong></span> <span class='ocrx_word' id='word_1_498' title='bbox 607 3975 771 4029; x_wconf 90' lang='lat' dir='ltr'><strong>docuerunt</strong></span> <span class='ocrx_word' id='word_1_499' title='bbox 792 3975 878 4028; x_wconf 88' lang='lat' dir='ltr'><strong>etiam</strong></span> <span class='ocrx_word' id='word_1_500' title='bbox 895 3977 1011 4029; x_wconf 88' lang='lat' dir='ltr'><strong>castita·</strong></span> <span class='ocrx_word' id='word_1_501' title='bbox 1069 3976 1235 4044; x_wconf 83' lang='lat' dir='ltr'><strong>tollerent3</strong></span> <span class='ocrx_word' id='word_1_502' title='bbox 1269 3977 1301 4029; x_wconf 94' lang='lat' dir='ltr'><strong>ut</strong></span> <span class='ocrx_word' id='word_1_503' title='bbox 1333 3988 1400 4028; x_wconf 92' lang='lat' dir='ltr'><strong>eum</strong></span> <span class='ocrx_word' id='word_1_504' title='bbox 1431 3971 1459 4025; x_wconf 93' lang='lat' dir='ltr'><strong>id</strong></span> <span class='ocrx_word' id='word_1_505' title='bbox 1498 3969 1694 4025; x_wconf 86' lang='lat' dir='ltr'><strong>abstulissent</strong></span> <span class='ocrx_word' id='word_1_506' title='bbox 1727 3967 1809 4040; x_wconf 90' lang='lat' dir='ltr'><strong>quod</strong></span> <span class='ocrx_word' id='word_1_507' title='bbox 1840 3967 1911 4033; x_wconf 70' lang='lat' dir='ltr'><strong>erat,</strong></span> 
     </span>
    </p>
   </div>
   <div class='ocr_carea' id='block_1_16' title="bbox 175 4108 1944 4688">
    <p class='ocr_par' dir='ltr' id='par_1_19' title="bbox 175 4108 1944 4688">
     <span class='ocr_line' id='line_1_68' title="bbox 214 4108 1944 4189; baseline -0.004 -19"><span class='ocrx_word' id='word_1_508' title='bbox 214 4113 272 4184; x_wconf 84' lang='lat'><strong>(93)</strong></span> <span class='ocrx_word' id='word_1_509' title='bbox 288 4113 397 4170; x_wconf 86' lang='lat' dir='ltr'><strong>Omnes</strong></span> <span class='ocrx_word' id='word_1_510' title='bbox 413 4117 481 4171; x_wconf 89' lang='lat' dir='ltr'><strong>edit.</strong></span> <span class='ocrx_word' id='word_1_511' title='bbox 497 4133 530 4171; x_wconf 87' lang='lat' dir='ltr'><strong>ao</strong></span> <span class='ocrx_word' id='word_1_512' title='bbox 549 4117 636 4187; x_wconf 88' lang='lat' dir='ltr'><strong>pauci</strong></span> <span class='ocrx_word' id='word_1_513' title='bbox 651 4132 736 4186; x_wconf 75' lang='lat' dir='ltr'><strong>mss,</strong></span> <span class='ocrx_word' id='word_1_514' title='bbox 762 4115 916 4171; x_wconf 83' lang='lat' dir='ltr'><strong>cineribus</strong></span> <span class='ocrx_word' id='word_1_515' title='bbox 927 4116 1010 4171; x_wconf 71' lang='lat' dir='ltr'><strong>exiri·</strong></span> <span class='ocrx_word' id='word_1_516' title='bbox 1066 4135 1146 4174; x_wconf 92' lang='lat' dir='ltr'><strong>mum</strong></span> <span class='ocrx_word' id='word_1_517' title='bbox 1157 4119 1330 4189; x_wconf 89' lang='lat' dir='ltr'><strong>argumento</strong></span> <span class='ocrx_word' id='word_1_518' title='bbox 1342 4117 1458 4184; x_wconf 89' lang='lat' dir='ltr'><strong>ductas,</strong></span> <span class='ocrx_word' id='word_1_519' title='bbox 1479 4113 1556 4188; x_wconf 89' lang='lat' dir='ltr'><strong>quod</strong></span> <span class='ocrx_word' id='word_1_520' title='bbox 1569 4112 1598 4166; x_wconf 89' lang='lat' dir='ltr'><strong>ia</strong></span> <span class='ocrx_word' id='word_1_521' title='bbox 1615 4110 1712 4166; x_wconf 87' lang='lat' dir='ltr'><strong>citatis</strong></span> <span class='ocrx_word' id='word_1_522' title='bbox 1723 4108 1898 4181; x_wconf 73' lang='lat' dir='ltr'><strong>Martyrolo·</strong></span> <span class='ocrx_word' id='word_1_523' title='bbox 1939 4108 1944 4163; x_wconf 80' lang='grc' dir='ltr'><strong>-ἐ</strong></span> 
     </span>
     <span class='ocr_line' id='line_1_69' title="bbox 180 4181 1894 4259; baseline -0.002 -19"><span class='ocrx_word' id='word_1_524' title='bbox 180 4187 260 4241; x_wconf 87' lang='lat' dir='ltr'><strong>tatis.</strong></span> <span class='ocrx_word' id='word_1_525' title='bbox 1089 4189 1125 4245; x_wconf 90' lang='lat' dir='ltr'><strong>iis</strong></span> <span class='ocrx_word' id='word_1_526' title='bbox 1141 4204 1250 4259; x_wconf 89' lang='lat' dir='ltr'><strong>passus</strong></span> <span class='ocrx_word' id='word_1_527' title='bbox 1267 4204 1333 4243; x_wconf 92' lang='lat' dir='ltr'><strong>cum</strong></span> <span class='ocrx_word' id='word_1_528' title='bbox 1348 4187 1502 4242; x_wconf 86' lang='lat' dir='ltr'><strong>Theodora</strong></span> <span class='ocrx_word' id='word_1_529' title='bbox 1528 4185 1669 4254; x_wconf 79' lang='lat' dir='ltr'><strong>Didymus</strong></span> <span class='ocrx_word' id='word_1_530' title='bbox 1692 4197 1753 4237; x_wconf 92' lang='lat' dir='ltr'><strong>non</strong></span> <span class='ocrx_word' id='word_1_531' title='bbox 1769 4181 1894 4255; x_wconf 82' lang='lat' dir='ltr'><strong>legetur.</strong></span> 
     </span>
     <span class='ocr_line' id='line_1_70' title="bbox 213 4206 1896 4335; baseline -0.003 -22"><span class='ocrx_word' id='word_1_532' title='bbox 213 4256 269 4328; x_wconf 77' lang='lat'>(94)</span> <span class='ocrx_word' id='word_1_533' title='bbox 281 4259 421 4313; x_wconf 93' lang='lat' dir='ltr'><strong>Nonnulli</strong></span> <span class='ocrx_word' id='word_1_534' title='bbox 438 4275 522 4324; x_wconf 77' lang='lat' dir='ltr'><strong>mss,</strong></span> <span class='ocrx_word' id='word_1_535' title='bbox 543 4274 597 4313; x_wconf 92' lang='lat' dir='ltr'><strong>non</strong></span> <span class='ocrx_word' id='word_1_536' title='bbox 610 4276 680 4314; x_wconf 88' lang='lat' dir='ltr'><strong>usus</strong></span> <span class='ocrx_word' id='word_1_537' title='bbox 694 4258 810 4329; x_wconf 83' lang='lat' dir='ltr'><strong>decepit</strong></span> <span class='ocrx_word' id='word_1_538' title='bbox 827 4264 973 4313; x_wconf 86' lang='lat' dir='ltr'><strong>assuetus.</strong></span> <span class='ocrx_word' id='word_1_539' title='bbox 1066 4206 1132 4316; x_wconf 48' lang='lat' dir='ltr'><strong>{lia</strong></span> <span class='ocrx_word' id='word_1_540' title='bbox 1143 4261 1200 4315; x_wconf 94' lang='lat' dir='ltr'><strong>duo</strong></span> <span class='ocrx_word' id='word_1_541' title='bbox 1212 4261 1379 4329; x_wconf 86' lang='lat' dir='ltr'><strong>proponunt</strong></span> <span class='ocrx_word' id='word_1_542' title='bbox 1391 4258 1521 4312; x_wconf 84' lang='lat' dir='ltr'><strong>Bollandi</strong></span> <span class='ocrx_word' id='word_1_543' title='bbox 1541 4255 1776 4335; x_wconf 81' lang='lat' dir='ltr'><strong>continuatores,</strong></span> <span class='ocrx_word' id='word_1_544' title='bbox 1793 4267 1896 4324; x_wconf 81' lang='lat' dir='ltr'><strong>nempe</strong></span> 
     </span>
     <span class='ocr_line' id='line_1_71' title="bbox 214 4323 1899 4404; baseline -0.004 -18"><span class='ocrx_word' id='word_1_545' title='bbox 214 4331 270 4402; x_wconf 81' lang='grc'>(95)</span> <span class='ocrx_word' id='word_1_546' title='bbox 287 4331 444 4401; x_wconf 75' lang='lat' dir='ltr'><strong>ltlartyrem</strong></span> <span class='ocrx_word' id='word_1_547' title='bbox 459 4334 545 4385; x_wconf 85' lang='lat' dir='ltr'><strong>vocat</strong></span> <span class='ocrx_word' id='word_1_548' title='bbox 561 4331 675 4385; x_wconf 90' lang='lat' dir='ltr'><strong>beatam</strong></span> <span class='ocrx_word' id='word_1_549' title='bbox 699 4330 849 4398; x_wconf 87' lang='lat' dir='ltr'><strong>Theclam,</strong></span> <span class='ocrx_word' id='word_1_550' title='bbox 873 4329 953 4400; x_wconf 92' lang='lat' dir='ltr'><strong>quod</strong></span> <span class='ocrx_word' id='word_1_551' title='bbox 977 4344 1010 4383; x_wconf 90' lang='lat' dir='ltr'><strong>ea</strong></span> <span class='ocrx_word' id='word_1_552' title='bbox 1066 4323 1899 4404; x_wconf 77' lang='lat' dir='ltr'><strong>quodbaecuirgoscribaturnuperinrivisiuisse‚quod·</strong></span> 
     </span>
     <span class='ocr_line' id='line_1_72' title="bbox 177 4395 1897 4520; baseline -0.003 -64"><span class='ocrx_word' id='word_1_553' title='bbox 177 4404 321 4457; x_wconf 89' lang='lat' dir='ltr'><strong>tormenta</strong></span> <span class='ocrx_word' id='word_1_554' title='bbox 340 4403 462 4472; x_wconf 79' lang='lat' dir='ltr'><strong>preside</strong></span> <span class='ocrx_word' id='word_1_555' title='bbox 480 4402 642 4472; x_wconf 87' lang='lat' dir='ltr'><strong>pertulerit,</strong></span> <span class='ocrx_word' id='word_1_556' title='bbox 660 4417 726 4473; x_wconf 88' lang='lat' dir='ltr'><strong>quae</strong></span> <span class='ocrx_word' id='word_1_557' title='bbox 741 4406 844 4456; x_wconf 88' lang='lat' dir='ltr'><strong>natura</strong></span> <span class='ocrx_word' id='word_1_558' title='bbox 861 4416 915 4456; x_wconf 85' lang='lat' dir='ltr'><strong>aua</strong></span> <span class='ocrx_word' id='word_1_559' title='bbox 930 4415 1010 4455; x_wconf 91' lang='lat' dir='ltr'><strong>mor·</strong></span> <span class='ocrx_word' id='word_1_560' title='bbox 1066 4419 1123 4474; x_wconf 87' lang='lat' dir='ltr'><strong>quo</strong></span> <span class='ocrx_word' id='word_1_561' title='bbox 1133 4402 1200 4472; x_wconf 85' lang='lat' dir='ltr'><strong>ejus</strong></span> <span class='ocrx_word' id='word_1_562' title='bbox 1211 4418 1276 4455; x_wconf 89' lang='lat' dir='ltr'><strong>cum</strong></span> <span class='ocrx_word' id='word_1_563' title='bbox 1288 4400 1445 4456; x_wconf 88' lang='lat' dir='ltr'><strong>liberatore</strong></span> <span class='ocrx_word' id='word_1_564' title='bbox 1461 4416 1516 4454; x_wconf 93' lang='lat' dir='ltr'><strong>suo</strong></span> <span class='ocrx_word' id='word_1_565' title='bbox 1526 4398 1663 4468; x_wconf 81' lang='lat' dir='ltr'><strong>dialogus</strong></span> <span class='ocrx_word' id='word_1_566' title='bbox 1674 4395 1705 4450; x_wconf 92' lang='lat' dir='ltr'><strong>in</strong></span> <span class='ocrx_word' id='word_1_567' title='bbox 1721 4395 1897 4520; x_wconf 64' lang='lat' dir='ltr'><strong>quibusdam</strong></span> 
     </span>
     <span class='ocr_line' id='line_1_73' title="bbox 176 4466 1898 4545; baseline -0.003 -18"><span class='ocrx_word' id='word_1_568' title='bbox 176 4473 352 4528; x_wconf 86' lang='lat' dir='ltr'><strong>teminierre</strong></span> <span class='ocrx_word' id='word_1_569' title='bbox 368 4473 542 4540; x_wconf 89' lang='lat' dir='ltr'><strong>debuerint;</strong></span> <span class='ocrx_word' id='word_1_570' title='bbox 559 4489 726 4545; x_wconf 85' lang='lat' dir='ltr'><strong>quanquam</strong></span> <span class='ocrx_word' id='word_1_571' title='bbox 746 4471 939 4527; x_wconf 81' lang='lat' dir='ltr'><strong>verisimilius</strong></span> <span class='ocrx_word' id='word_1_572' title='bbox 954 4486 1010 4540; x_wconf 90' lang='lat' dir='ltr'><strong>pu·</strong></span> <span class='ocrx_word' id='word_1_573' title='bbox 1066 4474 1230 4528; x_wconf 83' lang='lat' dir='ltr'><strong>Theodorus</strong></span> <span class='ocrx_word' id='word_1_574' title='bbox 1243 4474 1325 4526; x_wconf 87' lang='lat' dir='ltr'><strong>Actis</strong></span> <span class='ocrx_word' id='word_1_575' title='bbox 1337 4487 1394 4526; x_wconf 93' lang='lat' dir='ltr'><strong>non</strong></span> <span class='ocrx_word' id='word_1_576' title='bbox 1404 4471 1528 4541; x_wconf 86' lang='lat' dir='ltr'><strong>legatur.</strong></span> <span class='ocrx_word' id='word_1_577' title='bbox 1540 4470 1597 4524; x_wconf 85' lang='lat' dir='ltr'><strong>Sed</strong></span> <span class='ocrx_word' id='word_1_578' title='bbox 1610 4482 1721 4536; x_wconf 88' lang='lat' dir='ltr'><strong>respon</strong></span> <span class='ocrx_word' id='word_1_579' title='bbox 1745 4466 1898 4536; x_wconf 82' lang='lat' dir='ltr'><strong>eriposset</strong></span> 
     </span>
     <span class='ocr_line' id='line_1_74' title="bbox 175 4529 1930 4615; baseline -0.003 -18"><span class='ocrx_word' id='word_1_580' title='bbox 175 4546 254 4598; x_wconf 91' lang='lat' dir='ltr'><strong>tetur</strong></span> <span class='ocrx_word' id='word_1_581' title='bbox 268 4561 331 4599; x_wconf 92' lang='lat' dir='ltr'><strong>eam</strong></span> <span class='ocrx_word' id='word_1_582' title='bbox 356 4545 497 4599; x_wconf 85' lang='lat' dir='ltr'><strong>divinitus</strong></span> <span class='ocrx_word' id='word_1_583' title='bbox 522 4544 558 4598; x_wconf 92' lang='lat' dir='ltr'><strong>ab</strong></span> <span class='ocrx_word' id='word_1_584' title='bbox 575 4545 650 4614; x_wconf 87' lang='lat' dir='ltr'><strong>ipsis</strong></span> <span class='ocrx_word' id='word_1_585' title='bbox 675 4544 826 4599; x_wconf 87' lang='lat' dir='ltr'><strong>liberatam</strong></span> <span class='ocrx_word' id='word_1_586' title='bbox 853 4529 1046 4612; x_wconf 84' lang='lat' dir='ltr'><strong>tranquilleD</strong></span> <span class='ocrx_word' id='word_1_587' title='bbox 1066 4545 1102 4599; x_wconf 89' lang='lat' dir='ltr'><strong>ad</strong></span> <span class='ocrx_word' id='word_1_588' title='bbox 1127 4545 1263 4615; x_wconf 88' lang='lat' dir='ltr'><strong>primum,</strong></span> <span class='ocrx_word' id='word_1_589' title='bbox 1293 4558 1356 4598; x_wconf 90' lang='lat' dir='ltr'><strong>eam</strong></span> <span class='ocrx_word' id='word_1_590' title='bbox 1385 4541 1603 4610; x_wconf 90' lang='lat' dir='ltr'><strong>comparatione</strong></span> <span class='ocrx_word' id='word_1_591' title='bbox 1623 4537 1754 4610; x_wconf 85' lang='lat' dir='ltr'><strong>&#39;quidem</strong></span> <span class='ocrx_word' id='word_1_592' title='bbox 1781 4534 1903 4592; x_wconf 67' lang='lat' dir='ltr'><strong>Thecla·</strong></span> <span class='ocrx_word' id='word_1_593' title='bbox 1927 4586 1930 4591; x_wconf 93' lang='lat'><strong>.</strong></span> 
     </span>
     <span class='ocr_line' id='line_1_75' title="bbox 177 4608 1894 4688; baseline -0.003 -20"><span class='ocrx_word' id='word_1_594' title='bbox 177 4616 359 4685; x_wconf 88' lang='lat' dir='ltr'><strong>exspirasse.</strong></span> <span class='ocrx_word' id='word_1_595' title='bbox 378 4616 450 4671; x_wconf 87' lang='lat' dir='ltr'><strong>Vide</strong></span> <span class='ocrx_word' id='word_1_596' title='bbox 467 4616 573 4671; x_wconf 88' lang='lat' dir='ltr'><strong>Barcn.</strong></span> <span class='ocrx_word' id='word_1_597' title='bbox 591 4617 620 4670; x_wconf 89' lang='lat' dir='ltr'><strong>in</strong></span> <span class='ocrx_word' id='word_1_598' title='bbox 644 4616 814 4686; x_wconf 70' lang='lat' dir='ltr'><strong>appendice</strong></span> <span class='ocrx_word' id='word_1_599' title='bbox 833 4614 869 4668; x_wconf 76' lang='lat' dir='ltr'><strong>eil</strong></span> <span class='ocrx_word' id='word_1_600' title='bbox 885 4617 955 4669; x_wconf 90' lang='lat' dir='ltr'><strong>tom.</strong></span> <span class='ocrx_word' id='word_1_601' title='bbox 972 4613 1008 4668; x_wconf 83' lang='lat' dir='ltr'><strong>x.</strong></span> <span class='ocrx_word' id='word_1_602' title='bbox 1066 4633 1132 4688; x_wconf 85' lang='lat' dir='ltr'><strong>quae</strong></span> <span class='ocrx_word' id='word_1_603' title='bbox 1144 4614 1324 4685; x_wconf 78' lang='lat' dir='ltr'><strong>temporibus</strong></span> <span class='ocrx_word' id='word_1_604' title='bbox 1336 4614 1462 4685; x_wconf 88' lang='lat' dir='ltr'><strong>degebat</strong></span> <span class='ocrx_word' id='word_1_605' title='bbox 1472 4611 1645 4682; x_wconf 89' lang='lat' dir='ltr'><strong>apostolicis</strong></span> <span class='ocrx_word' id='word_1_606' title='bbox 1657 4625 1753 4680; x_wconf 90' lang='lat' dir='ltr'><strong>nuper</strong></span> <span class='ocrx_word' id='word_1_607' title='bbox 1764 4608 1894 4663; x_wconf 82' lang='lat' dir='ltr'><strong>vixisse:</strong></span> 
     </span>
    </p>
   </div>
   <div class='ocr_carea' id='block_1_17' title="bbox 212 4679 1896 4758">
    <p class='ocr_par' dir='ltr' id='par_1_20' title="bbox 212 4679 1896 4758">
     <span class='ocr_line' id='line_1_76' title="bbox 212 4679 1896 4758; baseline -0.004 -18"><span class='ocrx_word' id='word_1_608' title='bbox 212 4686 269 4754; x_wconf 84' lang='grc'>(96)</span> <span class='ocrx_word' id='word_1_609' title='bbox 280 4687 353 4742; x_wconf 87' lang='lat' dir='ltr'><strong>Mss.</strong></span> <span class='ocrx_word' id='word_1_610' title='bbox 365 4686 485 4758; x_wconf 85' lang='lat' dir='ltr'><strong>aliquot,</strong></span> <span class='ocrx_word' id='word_1_611' title='bbox 500 4687 751 4758; x_wconf 75' lang='lat' dir='ltr'><strong>iupitanspublici</strong></span> <span class='ocrx_word' id='word_1_612' title='bbox 765 4703 834 4741; x_wconf 89' lang='lat' dir='ltr'><strong>usus</strong></span> <span class='ocrx_word' id='word_1_613' title='bbox 848 4689 1007 4756; x_wconf 86' lang='lat' dir='ltr'><strong>aspectam,</strong></span> <span class='ocrx_word' id='word_1_614' title='bbox 1066 4688 1102 4742; x_wconf 90' lang='lat' dir='ltr'><strong>nd</strong></span> <span class='ocrx_word' id='word_1_615' title='bbox 1113 4686 1277 4742; x_wconf 88' lang='lat' dir='ltr'><strong>secundum</strong></span> <span class='ocrx_word' id='word_1_616' title='bbox 1288 4701 1370 4753; x_wconf 88' lang='lat' dir='ltr'><strong>vero,</strong></span> <span class='ocrx_word' id='word_1_617' title='bbox 1390 4684 1568 4754; x_wconf 90' lang='lat' dir='ltr'><strong>colloquium</strong></span> <span class='ocrx_word' id='word_1_618' title='bbox 1584 4680 1655 4736; x_wconf 93' lang='lat' dir='ltr'><strong>illud</strong></span> <span class='ocrx_word' id='word_1_619' title='bbox 1670 4695 1730 4735; x_wconf 91' lang='lat' dir='ltr'><strong>non</strong></span> <span class='ocrx_word' id='word_1_620' title='bbox 1746 4680 1808 4735; x_wconf 85' lang='lat' dir='ltr'><strong>nisi</strong></span> <span class='ocrx_word' id='word_1_621' title='bbox 1829 4679 1896 4735; x_wconf 88' lang='lat' dir='ltr'><strong>bre·</strong></span> 
     </span>
    </p>
   </div>
   <div class='ocr_carea' id='block_1_18' title="bbox 177 4748 1896 4882">
    <p class='ocr_par' dir='ltr' id='par_1_21' title="bbox 177 4748 1896 4882">
     <span class='ocr_line' id='line_1_77' title="bbox 177 4748 1896 4882; baseline -0.003 -73"><span class='ocrx_word' id='word_1_622' title='bbox 177 4758 233 4810; x_wconf 92' lang='lat' dir='ltr'><strong>etc.</strong></span> <span class='ocrx_word' id='word_1_623' title='bbox 248 4758 325 4825; x_wconf 79' lang='lat' dir='ltr'><strong>3alii,</strong></span> <span class='ocrx_word' id='word_1_624' title='bbox 346 4762 374 4813; x_wconf 93' lang='lat' dir='ltr'><strong>et</strong></span> <span class='ocrx_word' id='word_1_625' title='bbox 395 4765 424 4812; x_wconf 91' lang='lat' dir='ltr'><strong>ut</strong></span> <span class='ocrx_word' id='word_1_626' title='bbox 436 4759 464 4812; x_wconf 91' lang='lat' dir='ltr'><strong>in</strong></span> <span class='ocrx_word' id='word_1_627' title='bbox 476 4762 566 4822; x_wconf 83' lang='lat' dir='ltr'><strong>textu,</strong></span> <span class='ocrx_word' id='word_1_628' title='bbox 584 4758 641 4813; x_wconf 88' lang='lat' dir='ltr'><strong>nisi</strong></span> <span class='ocrx_word' id='word_1_629' title='bbox 653 4759 731 4830; x_wconf 93' lang='lat' dir='ltr'><strong>quod</strong></span> <span class='ocrx_word' id='word_1_630' title='bbox 751 4758 820 4813; x_wconf 90' lang='lat' dir='ltr'><strong>edit.</strong></span> <span class='ocrx_word' id='word_1_631' title='bbox 832 4756 1006 4882; x_wconf 64' lang='lat' dir='ltr'><strong>praeierunt,</strong></span> <span class='ocrx_word' id='word_1_632' title='bbox 1066 4759 1165 4813; x_wconf 89' lang='lat' dir='ltr'><strong>vitatis</strong></span> <span class='ocrx_word' id='word_1_633' title='bbox 1191 4773 1280 4813; x_wconf 87' lang='lat' dir='ltr'><strong>eausa</strong></span> <span class='ocrx_word' id='word_1_634' title='bbox 1301 4756 1395 4810; x_wconf 83' lang='lat' dir='ltr'><strong>luisse</strong></span> <span class='ocrx_word' id='word_1_635' title='bbox 1419 4754 1665 4826; x_wconf 75' lang='lat' dir='ltr'><strong>praetermissum.</strong></span> <span class='ocrx_word' id='word_1_636' title='bbox 1691 4752 1729 4806; x_wconf 91' lang='lat' dir='ltr'><strong>At</strong></span> <span class='ocrx_word' id='word_1_637' title='bbox 1753 4751 1835 4823; x_wconf 88' lang='lat' dir='ltr'><strong>quod</strong></span> <span class='ocrx_word' id='word_1_638' title='bbox 1856 4748 1896 4805; x_wconf 86' lang='lat' dir='ltr'><strong>illi</strong></span> 
     </span>
    </p>
   </div>
   <div class='ocr_carea' id='block_1_19' title="bbox 174 4825 1944 5768">
    <p class='ocr_par' dir='ltr' id='par_1_22' title="bbox 174 4825 1944 5478">
     <span class='ocr_line' id='line_1_78' title="bbox 178 4825 828 4900; baseline 0.002 -20"><span class='ocrx_word' id='word_1_639' title='bbox 178 4825 312 4880; x_wconf 84' lang='lat' dir='ltr'><strong>evitabat</strong></span> <span class='ocrx_word' id='word_1_640' title='bbox 321 4835 478 4900; x_wconf 85' lang='lat' dir='ltr'><strong>aspectam,</strong></span> <span class='ocrx_word' id='word_1_641' title='bbox 492 4829 541 4884; x_wconf 91' lang='lat' dir='ltr'><strong>ubi</strong></span> <span class='ocrx_word' id='word_1_642' title='bbox 554 4845 636 4884; x_wconf 89' lang='lat' dir='ltr'><strong>omes</strong></span> <span class='ocrx_word' id='word_1_643' title='bbox 652 4845 737 4898; x_wconf 76' lang='lat' dir='ltr'><strong>mss,</strong></span> <span class='ocrx_word' id='word_1_644' title='bbox 749 4830 828 4884; x_wconf 78' lang='lat' dir='ltr'><strong>evita</strong></span> 
     </span>
     <span class='ocr_line' id='line_1_79' title="bbox 177 4895 1896 4970; baseline -0.001 -20"><span class='ocrx_word' id='word_1_645' title='bbox 177 4895 260 4951; x_wconf 84' lang='lat' dir='ltr'><strong>Multi</strong></span> <span class='ocrx_word' id='word_1_646' title='bbox 275 4912 363 4967; x_wconf 87' lang='lat' dir='ltr'><strong>porro</strong></span> <span class='ocrx_word' id='word_1_647' title='bbox 378 4900 408 4952; x_wconf 93' lang='lat' dir='ltr'><strong>in</strong></span> <span class='ocrx_word' id='word_1_648' title='bbox 423 4915 456 4955; x_wconf 95' lang='lat' dir='ltr'><strong>ea</strong></span> <span class='ocrx_word' id='word_1_649' title='bbox 473 4899 555 4954; x_wconf 84' lang='lat' dir='ltr'><strong>luere</strong></span> <span class='ocrx_word' id='word_1_650' title='bbox 571 4901 709 4970; x_wconf 90' lang='lat' dir='ltr'><strong>opinione</strong></span> <span class='ocrx_word' id='word_1_651' title='bbox 724 4900 880 4970; x_wconf 88' lang='lat' dir='ltr'><strong>virginem,</strong></span> <span class='ocrx_word' id='word_1_652' title='bbox 904 4898 939 4952; x_wconf 91' lang='lat' dir='ltr'><strong>de</strong></span> <span class='ocrx_word' id='word_1_653' title='bbox 951 4912 1009 4968; x_wconf 85' lang='lat' dir='ltr'><strong>qua</strong></span> <span class='ocrx_word' id='word_1_654' title='bbox 1063 4916 1128 4970; x_wconf 82' lang='lat' dir='ltr'><strong>ipse</strong></span> <span class='ocrx_word' id='word_1_655' title='bbox 1144 4915 1182 4955; x_wconf 90' lang='lat' dir='ltr'><strong>ex</strong></span> <span class='ocrx_word' id='word_1_656' title='bbox 1196 4899 1279 4954; x_wconf 90' lang='lat' dir='ltr'><strong>Actis</strong></span> <span class='ocrx_word' id='word_1_657' title='bbox 1295 4897 1570 4969; x_wconf 88' lang='lat' dir='ltr'><strong>proconsularibus,</strong></span> <span class='ocrx_word' id='word_1_658' title='bbox 1588 4898 1618 4949; x_wconf 93' lang='lat' dir='ltr'><strong>ut</strong></span> <span class='ocrx_word' id='word_1_659' title='bbox 1631 4897 1751 4962; x_wconf 83' lang='lat' dir='ltr'><strong>vocant,</strong></span> <span class='ocrx_word' id='word_1_660' title='bbox 1767 4896 1896 4949; x_wconf 86' lang='lat' dir='ltr'><strong>transtu·</strong></span> 
     </span>
     <span class='ocr_line' id='line_1_80' title="bbox 176 4964 1896 5038; baseline -0.001 -17"><span class='ocrx_word' id='word_1_661' title='bbox 176 4966 226 5022; x_wconf 92' lang='lat' dir='ltr'><strong>hic</strong></span> <span class='ocrx_word' id='word_1_662' title='bbox 236 4969 345 5038; x_wconf 90' lang='lat' dir='ltr'><strong>agitur,</strong></span> <span class='ocrx_word' id='word_1_663' title='bbox 358 4970 569 5025; x_wconf 89' lang='lat' dir='ltr'><strong>eamdamesse</strong></span> <span class='ocrx_word' id='word_1_664' title='bbox 589 4987 625 5026; x_wconf 90' lang='lat' dir='ltr'><strong>ac</strong></span> <span class='ocrx_word' id='word_1_665' title='bbox 635 4972 819 5026; x_wconf 90' lang='lat' dir='ltr'><strong>Theodoram</strong></span> <span class='ocrx_word' id='word_1_666' title='bbox 841 4969 920 5024; x_wconf 86' lang='lat' dir='ltr'><strong>illam</strong></span> <span class='ocrx_word' id='word_1_667' title='bbox 938 4969 1009 5023; x_wconf 87' lang='lat' dir='ltr'><strong>Ale·</strong></span> <span class='ocrx_word' id='word_1_668' title='bbox 1063 4972 1141 5038; x_wconf 86' lang='lat' dir='ltr'><strong>larii,</strong></span> <span class='ocrx_word' id='word_1_669' title='bbox 1158 4971 1258 5038; x_wconf 92' lang='lat' dir='ltr'><strong>multo,</strong></span> <span class='ocrx_word' id='word_1_670' title='bbox 1274 4971 1361 5025; x_wconf 90' lang='lat' dir='ltr'><strong>nobis</strong></span> <span class='ocrx_word' id='word_1_671' title='bbox 1376 4968 1569 5024; x_wconf 86' lang='lat' dir='ltr'><strong>verisimilius</strong></span> <span class='ocrx_word' id='word_1_672' title='bbox 1586 4966 1684 5034; x_wconf 82' lang='lat' dir='ltr'><strong>tuerit,</strong></span> <span class='ocrx_word' id='word_1_673' title='bbox 1700 4964 1775 5021; x_wconf 91' lang='lat' dir='ltr'><strong>illud</strong></span> <span class='ocrx_word' id='word_1_674' title='bbox 1802 4966 1896 5036; x_wconf 80' lang='lat' dir='ltr'><strong>ipsun</strong></span> 
     </span>
     <span class='ocr_line' id='line_1_81' title="bbox 175 5035 1936 5115; baseline 0 -23"><span class='ocrx_word' id='word_1_675' title='bbox 175 5039 360 5108; x_wconf 88' lang='lat' dir='ltr'><strong>xandriuam,</strong></span> <span class='ocrx_word' id='word_1_676' title='bbox 378 5056 465 5111; x_wconf 89' lang='lat' dir='ltr'><strong>quam</strong></span> <span class='ocrx_word' id='word_1_677' title='bbox 480 5056 496 5093; x_wconf 91' lang='lat' dir='ltr'><strong>a</strong></span> <span class='ocrx_word' id='word_1_678' title='bbox 512 5040 601 5095; x_wconf 90' lang='lat' dir='ltr'><strong>simili</strong></span> <span class='ocrx_word' id='word_1_679' title='bbox 617 5043 763 5112; x_wconf 91' lang='lat' dir='ltr'><strong>supplicio</strong></span> <span class='ocrx_word' id='word_1_680' title='bbox 782 5041 894 5111; x_wconf 76' lang='lat' dir='ltr'><strong>Dydimi</strong></span> <span class='ocrx_word' id='word_1_681' title='bbox 910 5040 1009 5094; x_wconf 81' lang='lat' dir='ltr'><strong>Chris·</strong></span> <span class='ocrx_word' id='word_1_682' title='bbox 1063 5059 1101 5098; x_wconf 86' lang='lat' dir='ltr'><strong>ex</strong></span> <span class='ocrx_word' id='word_1_683' title='bbox 1117 5042 1275 5097; x_wconf 92' lang='lat' dir='ltr'><strong>Ambrosio</strong></span> <span class='ocrx_word' id='word_1_684' title='bbox 1291 5042 1403 5095; x_wconf 89' lang='lat' dir='ltr'><strong>inActa</strong></span> <span class='ocrx_word' id='word_1_685' title='bbox 1418 5039 1742 5115; x_wconf 80' lang='lat' dir='ltr'><strong>illatranslatumesse.</strong></span> <span class='ocrx_word' id='word_1_686' title='bbox 1759 5035 1897 5102; x_wconf 77' lang='lat' dir='ltr'><strong>Quaeum</strong></span> <span class='ocrx_word' id='word_1_687' title='bbox 1933 5052 1936 5057; x_wconf 84' lang='lat'>·</span> 
     </span>
     <span class='ocr_line' id='line_1_82' title="bbox 174 5104 1944 5186; baseline 0 -23"><span class='ocrx_word' id='word_1_688' title='bbox 174 5109 247 5163; x_wconf 91' lang='lat' dir='ltr'><strong>tiani</strong></span> <span class='ocrx_word' id='word_1_689' title='bbox 257 5110 358 5164; x_wconf 92' lang='lat' dir='ltr'><strong>militis</strong></span> <span class='ocrx_word' id='word_1_690' title='bbox 367 5112 568 5178; x_wconf 89' lang='lat' dir='ltr'><strong>opelibertam</strong></span> <span class='ocrx_word' id='word_1_691' title='bbox 586 5111 681 5167; x_wconf 77' lang='lat' dir='ltr'><strong>fuisse</strong></span> <span class='ocrx_word' id='word_1_692' title='bbox 701 5113 943 5184; x_wconf 78' lang='lat' dir='ltr'><strong>lllartyrologium</strong></span> <span class='ocrx_word' id='word_1_693' title='bbox 958 5127 1009 5165; x_wconf 93' lang='lat' dir='ltr'><strong>an·</strong></span> <span class='ocrx_word' id='word_1_694' title='bbox 1062 5114 1153 5186; x_wconf 87' lang='lat' dir='ltr'><strong>igitur</strong></span> <span class='ocrx_word' id='word_1_695' title='bbox 1168 5113 1318 5168; x_wconf 88' lang='lat' dir='ltr'><strong>censenda</strong></span> <span class='ocrx_word' id='word_1_696' title='bbox 1340 5115 1385 5166; x_wconf 89' lang='lat' dir='ltr'><strong>est</strong></span> <span class='ocrx_word' id='word_1_697' title='bbox 1400 5111 1485 5182; x_wconf 89' lang='lat' dir='ltr'><strong>virgo</strong></span> <span class='ocrx_word' id='word_1_698' title='bbox 1511 5110 1560 5164; x_wconf 89' lang='lat' dir='ltr'><strong>illa</strong></span> <span class='ocrx_word' id='word_1_699' title='bbox 1576 5107 1803 5164; x_wconf 76' lang='lat' dir='ltr'><strong>Ambrosiam?</strong></span> <span class='ocrx_word' id='word_1_700' title='bbox 1826 5104 1896 5163; x_wconf 83' lang='lat' dir='ltr'><strong>ulad</strong></span> <span class='ocrx_word' id='word_1_701' title='bbox 1942 5172 1944 5181; x_wconf 37' lang='grc' dir='ltr'>Ι</span> 
     </span>
     <span class='ocr_line' id='line_1_83' title="bbox 1063 5179 1944 5253; baseline -0.007 -15"><span class='ocrx_word' id='word_1_702' title='bbox 1063 5185 1274 5241; x_wconf 87' lang='lat' dir='ltr'><strong>verodellnire</strong></span> <span class='ocrx_word' id='word_1_703' title='bbox 1305 5199 1401 5253; x_wconf 90' lang='lat' dir='ltr'><strong>neque</strong></span> <span class='ocrx_word' id='word_1_704' title='bbox 1426 5181 1594 5252; x_wconf 86' lang='lat' dir='ltr'><strong>expeditum</strong></span> <span class='ocrx_word' id='word_1_705' title='bbox 1624 5179 1898 5251; x_wconf 82' lang='lat' dir='ltr'><strong>oredimus,neque</strong></span> <span class='ocrx_word' id='word_1_706' title='bbox 1939 5190 1944 5220; x_wconf 66' lang='lat' dir='ltr'><strong>a</strong></span> 
     </span>
     <span class='ocr_line' id='line_1_84' title="bbox 177 5250 1941 5323; baseline 0.002 -18"><span class='ocrx_word' id='word_1_707' title='bbox 177 5250 241 5306; x_wconf 84' lang='lat' dir='ltr'><strong>lloo</strong></span> <span class='ocrx_word' id='word_1_708' title='bbox 270 5252 299 5305; x_wconf 92' lang='lat' dir='ltr'><strong>in</strong></span> <span class='ocrx_word' id='word_1_709' title='bbox 324 5267 456 5307; x_wconf 88' lang='lat' dir='ltr'><strong>errorem</strong></span> <span class='ocrx_word' id='word_1_710' title='bbox 484 5256 668 5307; x_wconf 87' lang='lat' dir='ltr'><strong>nontantum</strong></span> <span class='ocrx_word' id='word_1_711' title='bbox 694 5255 851 5323; x_wconf 86' lang='lat' dir='ltr'><strong>Molanum,</strong></span> <span class='ocrx_word' id='word_1_712' title='bbox 877 5254 1006 5315; x_wconf 90' lang='lat' dir='ltr'><strong>Surium.</strong></span> <span class='ocrx_word' id='word_1_713' title='bbox 1063 5256 1368 5312; x_wconf 87' lang='lat' dir='ltr'><strong>adeonecessarium.</strong></span> <span class='ocrx_word' id='word_1_714' title='bbox 1938 5260 1941 5265; x_wconf 85' lang='grc'><em>“</em></span> 
     </span>
     <span class='ocr_line' id='line_1_85' title="bbox 176 5319 1899 5399; baseline -0.001 -23"><span class='ocrx_word' id='word_1_715' title='bbox 176 5322 486 5393; x_wconf 90' lang='lat' dir='ltr'><strong>aliosquecomplures</strong></span> <span class='ocrx_word' id='word_1_716' title='bbox 501 5323 666 5393; x_wconf 87' lang='lat' dir='ltr'><strong>induxerat,</strong></span> <span class='ocrx_word' id='word_1_717' title='bbox 684 5326 736 5379; x_wconf 87' lang='lat' dir='ltr'><strong>sed</strong></span> <span class='ocrx_word' id='word_1_718' title='bbox 753 5327 1008 5394; x_wconf 85' lang='lat' dir='ltr'><strong>etiamipsummet</strong></span> <span class='ocrx_word' id='word_1_719' title='bbox 1097 5326 1154 5399; x_wconf 68' lang='lat'><strong>(97)</strong></span> <span class='ocrx_word' id='word_1_720' title='bbox 1171 5327 1246 5381; x_wconf 84' lang='lat' dir='ltr'><strong>Edit.</strong></span> <span class='ocrx_word' id='word_1_721' title='bbox 1264 5341 1376 5394; x_wconf 81' lang='lat' dir='ltr'><strong>omnes,</strong></span> <span class='ocrx_word' id='word_1_722' title='bbox 1390 5324 1546 5378; x_wconf 88' lang='lat' dir='ltr'><strong>alerentur</strong></span> <span class='ocrx_word' id='word_1_723' title='bbox 1557 5321 1708 5395; x_wconf 79' lang='lat' dir='ltr'><strong>patiendae</strong></span> <span class='ocrx_word' id='word_1_724' title='bbox 1722 5335 1776 5394; x_wconf 86' lang='lat' dir='ltr'><strong>spe</strong></span> <span class='ocrx_word' id='word_1_725' title='bbox 1792 5319 1899 5394; x_wconf 84' lang='lat' dir='ltr'><strong>cupidi·</strong></span> 
     </span>
     <span class='ocr_line' id='line_1_86' title="bbox 175 5393 1703 5478; baseline 0.001 -32"><span class='ocrx_word' id='word_1_726' title='bbox 175 5393 345 5463; x_wconf 89' lang='lat' dir='ltr'><strong>Barioaum,</strong></span> <span class='ocrx_word' id='word_1_727' title='bbox 357 5396 407 5478; x_wconf 89' lang='lat' dir='ltr'><strong>qui</strong></span> <span class='ocrx_word' id='word_1_728' title='bbox 437 5395 713 5468; x_wconf 89' lang='lat' dir='ltr'><strong>roindequodapud</strong></span> <span class='ocrx_word' id='word_1_729' title='bbox 724 5397 1009 5452; x_wconf 83' lang='lat' dir='ltr'><strong>Ambrosiumaven-</strong></span> <span class='ocrx_word' id='word_1_730' title='bbox 1063 5399 1135 5454; x_wconf 87' lang='lat' dir='ltr'><strong>tatis</strong></span> <span class='ocrx_word' id='word_1_731' title='bbox 1150 5414 1224 5453; x_wconf 88' lang='lat' dir='ltr'><strong>mss.</strong></span> <span class='ocrx_word' id='word_1_732' title='bbox 1242 5399 1303 5452; x_wconf 87' lang='lat' dir='ltr'><strong>lere</strong></span> <span class='ocrx_word' id='word_1_733' title='bbox 1319 5397 1354 5450; x_wconf 87' lang='lat' dir='ltr'><strong>ad</strong></span> <span class='ocrx_word' id='word_1_734' title='bbox 1371 5412 1461 5450; x_wconf 91' lang='lat' dir='ltr'><strong>uuum</strong></span> <span class='ocrx_word' id='word_1_735' title='bbox 1477 5399 1507 5450; x_wconf 92' lang='lat' dir='ltr'><strong>ut</strong></span> <span class='ocrx_word' id='word_1_736' title='bbox 1522 5395 1552 5449; x_wconf 90' lang='lat' dir='ltr'><strong>in</strong></span> <span class='ocrx_word' id='word_1_737' title='bbox 1567 5409 1703 5464; x_wconf 89' lang='lat' dir='ltr'><strong>corpore.</strong></span> 
     </span>
    </p>

    <p class='ocr_par' dir='ltr' id='par_1_23' title="bbox 174 5413 1907 5768">
     <span class='ocr_line' id='line_1_87' title="bbox 175 5413 1899 5548; baseline 0 -29"><span class='ocrx_word' id='word_1_738' title='bbox 175 5468 224 5547; x_wconf 82' lang='lat' dir='ltr'><strong>tus</strong></span> <span class='ocrx_word' id='word_1_739' title='bbox 239 5413 472 5548; x_wconf 26' lang='lat' dir='ltr'><strong>illelAntrociira</strong></span> <span class='ocrx_word' id='word_1_740' title='bbox 495 5467 660 5539; x_wconf 88' lang='lat' dir='ltr'><strong>contigisse</strong></span> <span class='ocrx_word' id='word_1_741' title='bbox 684 5468 802 5540; x_wconf 89' lang='lat' dir='ltr'><strong>legitur,</strong></span> <span class='ocrx_word' id='word_1_742' title='bbox 829 5469 1009 5538; x_wconf 87' lang='lat' dir='ltr'><strong>scriptorum</strong></span> <span class='ocrx_word' id='word_1_743' title='bbox 1097 5470 1153 5539; x_wconf 83' lang='lat'>(98)</span> <span class='ocrx_word' id='word_1_744' title='bbox 1169 5470 1242 5524; x_wconf 88' lang='lat' dir='ltr'><strong>Mss.</strong></span> <span class='ocrx_word' id='word_1_745' title='bbox 1256 5468 1434 5539; x_wconf 88' lang='lat' dir='ltr'><strong>complures,</strong></span> <span class='ocrx_word' id='word_1_746' title='bbox 1446 5466 1576 5539; x_wconf 89' lang='lat' dir='ltr'><strong>speciem</strong></span> <span class='ocrx_word' id='word_1_747' title='bbox 1584 5465 1739 5520; x_wconf 86' lang='lat' dir='ltr'><strong>castitatis</strong></span> <span class='ocrx_word' id='word_1_748' title='bbox 1747 5463 1899 5533; x_wconf 78' lang='lat' dir='ltr'><strong>tollerent)</strong></span> 
     </span>
     <span class='ocr_line' id='line_1_88' title="bbox 174 5536 1907 5678; baseline 0.006 -17"><span class='ocrx_word' id='word_1_749' title='bbox 174 5537 536 5664; x_wconf 61' lang='lat' dir='ltr'><strong>airraaraar</strong></span> <span class='ocrx_word' id='word_1_750' title='bbox 551 5538 1007 5666; x_wconf 75' lang='lat' dir='ltr'><strong>rrrnarurrra</strong></span> <span class='ocrx_word' id='word_1_751' title='bbox 1061 5557 1151 5666; x_wconf 73' lang='grc' dir='ltr'><strong>11ηιι</strong></span> <span class='ocrx_word' id='word_1_752' title='bbox 1167 5541 1294 5666; x_wconf 62' lang='lat' dir='ltr'><strong>aar</strong></span> <span class='ocrx_word' id='word_1_753' title='bbox 1310 5536 1907 5678; x_wconf 60' lang='lat' dir='ltr'><strong>irritaremus...</strong></span> 
     </span>
     <span class='ocr_line' id='line_1_89' title="bbox 175 5623 1901 5768; baseline -0.002 -29"><span class='ocrx_word' id='word_1_754' title='bbox 175 5694 261 5768; x_wconf 74' lang='lat' dir='ltr'><strong>puam</strong></span> <span class='ocrx_word' id='word_1_755' title='bbox 279 5679 310 5737; x_wconf 93' lang='lat' dir='ltr'><strong>in</strong></span> <span class='ocrx_word' id='word_1_756' title='bbox 321 5650 426 5737; x_wconf 82' lang='lat' dir='ltr'><strong>Annal.</strong></span> <span class='ocrx_word' id='word_1_757' title='bbox 438 5681 475 5736; x_wconf 89' lang='lat' dir='ltr'><strong>ad</strong></span> <span class='ocrx_word' id='word_1_758' title='bbox 492 5697 538 5738; x_wconf 93' lang='lat' dir='ltr'><strong>an.</strong></span> <span class='ocrx_word' id='word_1_759' title='bbox 560 5681 615 5738; x_wconf 85' lang='grc'><strong>309</strong></span> <span class='ocrx_word' id='word_1_760' title='bbox 636 5629 797 5753; x_wconf 60' lang='grc' dir='ltr'><strong>τινοοιινί),</strong></span> <span class='ocrx_word' id='word_1_761' title='bbox 814 5681 1006 5754; x_wconf 88' lang='lat' dir='ltr'><strong>hoopotissi·</strong></span> <span class='ocrx_word' id='word_1_762' title='bbox 1061 5628 1169 5755; x_wconf 44' lang='lat' dir='ltr'><strong>iiim</strong></span> <span class='ocrx_word' id='word_1_763' title='bbox 1181 5627 1261 5754; x_wconf 52' lang='lat' dir='ltr'><strong>sifai,</strong></span> <span class='ocrx_word' id='word_1_764' title='bbox 1272 5627 1382 5757; x_wconf 43' lang='lat' dir='ltr'><strong>&#39;sypeeiel</strong></span> <span class='ocrx_word' id='word_1_765' title='bbox 1394 5627 1555 5751; x_wconf 36' lang='lat' dir='ltr'><strong>castitatis,</strong></span> <span class='ocrx_word' id='word_1_766' title='bbox 1571 5682 1627 5736; x_wconf 88' lang='lat' dir='ltr'><strong>ota.</strong></span> <span class='ocrx_word' id='word_1_767' title='bbox 1645 5623 1901 5754; x_wconf 56' lang='lat' dir='ltr'><strong>Sgerabantenim</strong></span> 
     </span>
    </p>
   </div>
   <div class='ocr_carea' id='block_1_20' title="bbox 852 4818 1933 4912">
    <p class='ocr_par' dir='ltr' id='par_1_24' title="bbox 852 4818 1933 4912">
     <span class='ocr_line' id='line_1_90' title="bbox 852 4818 1933 4912; baseline -0.004 -31"><span class='ocrx_word' id='word_1_768' title='bbox 852 4835 882 4882; x_wconf 89' lang='lat' dir='ltr'><strong>at</strong></span> <span class='ocrx_word' id='word_1_769' title='bbox 899 4826 1007 4881; x_wconf 88' lang='lat' dir='ltr'><strong>ocutos.</strong></span> <span class='ocrx_word' id='word_1_770' title='bbox 1064 4831 1249 4912; x_wconf 87' lang='lat' dir='ltr'><strong>putantesse</strong></span> <span class='ocrx_word' id='word_1_771' title='bbox 1273 4827 1384 4898; x_wconf 90' lang='lat' dir='ltr'><strong>aliquid</strong></span> <span class='ocrx_word' id='word_1_772' title='bbox 1405 4826 1435 4880; x_wconf 91' lang='lat' dir='ltr'><strong>in</strong></span> <span class='ocrx_word' id='word_1_773' title='bbox 1459 4824 1609 4880; x_wconf 89' lang='lat' dir='ltr'><strong>Ambrosii</strong></span> <span class='ocrx_word' id='word_1_774' title='bbox 1625 4822 1795 4878; x_wconf 82' lang='lat' dir='ltr'><strong>narratione</strong></span> <span class='ocrx_word' id='word_1_775' title='bbox 1823 4818 1897 4894; x_wconf 85' lang='lat' dir='ltr'><strong>quod</strong></span> <span class='ocrx_word' id='word_1_776' title='bbox 1929 4880 1933 4887; x_wconf 73' lang='grc'><em>,</em></span> 
     </span>
    </p>
   </div>
   <div class='ocr_carea' id='block_1_21' title="bbox 0 0 1954 6128">
    <p class='ocr_par' dir='ltr' id='par_1_25' title="bbox 0 0 1954 6128">
     <span class='ocr_line' id='line_1_91' title="bbox 0 0 1954 6128; baseline 0 1"><span class='ocrx_word' id='word_1_777' title='bbox 0 0 1954 6128; x_wconf 95' lang='lat' dir='ltr'><strong> </strong></span> 
     </span>
    </p>
   </div>
  </div>
 </body>
</html>
