3900 6128
138 323 217 390 13⁵9

137 526 185 578 tur
197 539 204 592 ;
216 536 313 593 neque
327 522 406 576 enim
419 521 543 579 aliorum
554 521 763 593 querebamus
772 519 973 576 testimouium
985 499 1016 563 Α

135 611 186 683 qui
200 614 309 665 tantam
324 611 419 666 nostri
433 611 750 682 gratiamtcnebamus.
766 610 806 665 ltu
823 609 920 663 virilis
937 622 971 663 se

136 698 254 770 utrique
270 702 404 754 nostrum
420 700 624 771 germanitatis
640 714 751 754 succus
772 698 930 766 infuderat,
940 701 972 751 ut

135 803 194 844 non
209 787 362 846 blanditiis
377 793 504 859 probare
519 805 659 859 amorem,
678 788 732 843 sed
743 787 864 842 conscia
875 790 971 841 mente

121 868 254 950 'pietatis
279 876 395 931 interno
420 893 520 932 amore
535 878 674 945 contenti,
700 877 800 931 fucum
816 874 971 930 blanditia-

135 980 202 1020 rum
219 980 278 1020 non
293 966 448 1037 requirere
460 967 638 1034 videremur,
647 980 723 1038 quos
734 969 762 1019 et
773 965 837 1034 ipsa
848 964 878 1018 in
892 979 971 1018 amo-

136 1068 198 1109 rem
218 1058 351 1109 mutuum
376 1055 475 1126 imago
501 1054 659 1123 formaret3
686 1053 789 1108 nescio
811 1053 889 1108 enirn
913 1068 972 1123 qua

102 1176 115 1199 .
135 1143 332 1212 expressione
349 1143 467 1210 mentia,
484 1158 542 1214 qua
558 1142 694 1215 corporis
709 1141 902 1196 similitudine
914 1141 971 1211 (5⁶2)

136 1229 212 1286 alter
225 1229 255 1284 in
271 1231 363 1286 altero
379 1231 564 1286 videbamur.

171 1336 216 1392 38.
231 1335 304 1402 Quis
318 1340 346 1392 te
361 1337 487 1409 aspexit,
504 1338 552 1410 qai
568 1353 627 1393 non
650 1352 697 1392 me
717 1339 816 1392 visum
831 1337 972 1408 putaret?

136 1423 260 1491 Quoties
275 1425 391 1497 aliquos
408 1425 545 1495 salutavi,
555 1426 755 1496 quiquoniam
766 1429 794 1480 te
808 1426 894 1497 prius
906 1441 973 1481 con-

137 1513 348 1585 salutaverant,
358 1530 391 1570 se
401 1531 418 1569 a
429 1531 475 1570 me
483 1516 544 1588 jam
554 1515 686 1570 dicerent
696 1513 840 1569 salutatos
850 1512 857 1570 t
866 1512 972 1579 Quanti

136 1602 189 1658 tibi
204 1601 344 1658 dixerunt
357 1604 478 1675 aliquid,
495 1604 545 1675 qui
571 1618 604 1658 se
629 1602 701 1659 mihi
724 1602 839 1658 dixisse
858 1617 971 1658 memo-

137 1690 254 1746 rarentt
270 1691 342 1757 Quae
357 1692 428 1747 mibi
444 1692 514 1747 trine
537 1691 655 1765 gaudia,
677 1695 785 1763 quanta
802 1691 973 1763 frequenter

137 1780 241 1836 oborta
255 1779 370 1848 laetitia,
386 1781 465 1853 quod
480 1795 643 1836 coserrare
653 1779 683 1835 in
694 1780 782 1835 nobis
799 1777 970 1835 cernerem!

780 286 786 291 ’
855 320 887 381 s.
910 312 1132 382 ausaosn.

1789 314 1865 383 1³6⁰

1030 534 1118 590 quam
1132 518 1314 588 inexplorata
1328 518 1461 574 vulnera.
1470 517 1543 583 Quis
1557 515 1621 589 jam
1636 518 1781 573 mcestum
1797 517 1867 572 scta·

1030 607 1132 662 bitur?
1147 607 1219 672 Quis
1235 607 1378 661 afflictam
1393 606 1609 662 levabit‘tCum
1617 620 1680 677 quo
1688 605 1867 675 participabo

1030 697 1144 750 curas?
1159 695 1232 762 Quis
1248 712 1295 750 me
1311 696 1347 750 ab
1363 696 1452 750 istius
1473 694 1576 750 mundi
1600 692 1770 749 vindicabit
1783 709 1866 749 asara

1030 782 1262 856 (5151555555
1278 788 1382 840 auctor
1397 785 1597 857 negotiorum,
1615 784 1867 839 censorservulo·

1029 889 1105 942 rum,
1123 873 1234 929 arbiter
1243 874 1365 929 fratrum
1378 890 1385 944 3
1399 889 1457 929 non
1467 873 1540 943 litis,
1550 872 1742 944 sedpietatis
1752 871 1864 929 arbiter.

1065 962 1109 1016 ll.
1126 962 1200 1016 Nam
1226 963 1251 1017 si
1277 963 1394 1034 quando
1418 961 1527 1035 aliquid
1552 978 1621 1016 cum
1643 963 1753 1016 sancta
1769 976 1865 1017 sorore

1032 1051 1130 1115 1125
1145 1051 1217 1104 milri
1232 1051 1445 1106 eonferendum
1460 1050 1523 1122 fuit,
1542 1052 1608 1105 utra
1626 1049 1743 1105 melior
1757 1049 1865 1105 videre·

1029 1142 1077 1193 tur
1092 1140 1248 1208 sententia,
1265 1142 1293 1193 te
1305 1137 1438 1210 judicem
1461 1139 1671 1208 sumebamus,
1695 1137 1865 1209 quintillius

1029 1227 1157 1282 laederes
1173 1243 1220 1297 os,
1236 1231 1324 1300 atque
1333 1227 1390 1298 (51)
1399 1227 1516 1301 utrique
1529 1227 1717 1283 satisfacere
1728 1226 1864 1299 gestiens

1029 1319 1058 1372 et
1073 1316 1189 1371 amandi
1203 1314 1341 1372 affectum
1357 1318 1491 1387 tenebas,
1514 1319 1544 1371 et
1566 1315 1721 1371 censendi
1735 1315 1864 1385 modum

1029 1408 1061 1459 ut
1076 1407 1105 1459 et
1119 1409 1277 1476 utrumque
1293 1408 1411 1478 gratum
1424 1404 1601 1476 dimitteres,
1611 1406 1643 1459 et
1654 1404 1866 1476 utriusquetibi

1028 1493 1154 1565 gratiam
1171 1492 1351 1549 vindicares.
1367 1494 1426 1550 Aut
1441 1494 1469 1549 si
1483 1493 1549 1564 ipse
1570 1493 1690 1565 aliquid
1708 1493 1867 1566 disceptan-

1028 1582 1098 1637 dum
1123 1581 1269 1653 deferres,
1292 1598 1381 1654 quam
1406 1585 1489 1655 grata
1510 1581 1667 1638 eontentio
1692 1579 1866 1656 tanlquam

1030 1671 1095 1726 sine
1120 1670 1188 1727 felle
1218 1671 1283 1742 ipsa
1310 1670 1474 1744 indignatio
1495 1669 1502 1727 t
1523 1686 1616 1743 quam
1642 1670 1784 1727 servatis
1804 1672 1866 1743 ipsis

1030 1759 1170 1816 coercitio
1184 1775 1244 1815 non
1260 1775 1358 1815 amara
1376 1775 1382 1815 :
1400 1775 1468 1815 eum
1490 1759 1686 1815 terratribus
1712 1759 1811 1832 magia
1823 1759 1866 1815 dc·

137 1866 231 1933 Quam
246 1871 350 1941 empus
366 1884 465 1939 8,,οὴ
488 1885 576 1941 quam
589 1868 721 1941 jucund„
736 1868 888 1940 pmpflpspo
903 1868 971 1939 (53),
985 1846 1012 1909 B
1029 1847 1120 1919 ferre,
1137 1864 1225 1921 quam
1240 1864 1278 1905 ex
1293 1846 1400 1904 aflectu
1415 1847 1551 1904 disceres
1572 1845 1763 1905 vindicaret
1785 1848 1865 1905 Nobis

138 1972 227 2028 quam
243 1957 385 2029 religiosa
407 1955 539 2027 fallacia,
566 1974 654 2029 quam
679 1957 782 2013 suavis
802 1955 971 2013 calumniat

139 2044 244 2117 Neque
259 2044 338 2099 enim
354 2046 390 2100 dc
401 2046 460 2101 tuis
477 2050 540 2101 crat
554 2045 727 2118 aliquidaut
742 2045 828 2101 factis
842 2048 893 2101 aut
906 2061 973 2101 ser·

139 2132 299 2203 monibus,
326 2135 403 2205 quod
433 2134 584 2204 timerem,
615 2134 666 2206 qui
690 2134 761 2189 mihi
780 2136 829 2190 tua
850 2134 975 2191 laetabar

138 2221 260 2277 ascribi.

90 2332 94 2345 “
173 2328 219 2385 89.
236 2329 347 2384 Tamen
363 2330 389 2384 si
415 2328 621 2385 vehementius
652 2330 873 2401 contenderent,
895 2332 973 2403 quod

141 2433 175 2474 se
188 2417 260 2473 milri
276 2418 387 2489 aliquid
401 2418 556 2474 intimasse
576 2424 789 2490 memorarent,
812 2422 975 2492 responde·

139 2506 208 2562 bam
222 2507 323 2563 ridens
340 2510 368 2562 ct
383 2508 517 2579 gaudens
535 2523 541 2563 :
559 2507 661 2564 Videte
676 2524 713 2564 ne
727 2507 811 2564 fratri
827 2509 972 2566 dixeritis.

140 2594 216 2651 Nam
232 2612 299 2651 eum
313 2596 410 2650 omnia
431 2596 519 2651 nobis
544 2601 646 2651 essent
663 2600 764 2652 nostra
789 2599 972 2670 communia,

140 2684 312 2740 individuus
340 2684 483 2755 spiritus,
510 2685 681 2740 individuus
707 2684 850 2757 affcctus3
878 2689 974 2745 solum

141 2776 240 2828 tamen
268 2788 423 2828 commane
447 2790 505 2828 non
530 2778 592 2828 erat
616 2778 764 2830 secretum
788 2776 972 2834 amicorum:

142 2877 275 2934 nonque
292 2861 462 2917 conferendi
480 2862 643 2932 periculum
658 2879 848 2935 vereremur,
865 2865 919 2921 sed
933 2869 975 2922 te-

141 2946 231 3006 bendi
241 2966 432 3007 servaremus
449 2950 547 3007 finem.
560 2950 637 3007 Sane
653 2952 975 3025 sicensiliopendenda

141 3042 299 3107 recesset,
317 3041 380 3095 erat
402 3055 521 3110 semper
544 3055 698 3097 comnrune
721 3043 898 3114 consilium,
920 3060 975 3100 nec

143 3144 262 3200 semper
286 3143 441 3184 commune
464 3132 623 3185 secretum.
648 3129 722 3185 Nam
745 3132 802 3187 etsi
826 3133 912 3187 amici
936 3133 1014 3206 itac

91 3268 97 3273 .
142 3217 226 3274 alteri
245 3220 380 3273 nostrum
401 3217 544 3287 dicerent,
570 3221 601 3274 ut
619 3219 696 3274 dieta
716 3236 769 3274 sua
793 3221 828 3275 ad
851 3221 975 3277 alterum

141 3307 331 3380 pervenirent
349 3305 424 3378 (54),
441 3312 539 3362 tamen
554 3309 618 3364 seio
634 3308 809 3380 plerumque
832 3310 871 3365 ita
888 3310 974 3367 fldem

142 3398 252 3454 secreti
266 3412 335 3452 csse
345 3398 504 3466 servatam,
519 3399 551 3451 ut
567 3411 621 3452 nce
638 3397 721 3452 fratri
732 3399 972 3456 committeretur.

141 3486 211 3541 Erat
230 3486 308 3541 enim
328 3485 413 3540 fidele
433 3486 591 3555 indicium,
621 3490 647 3541 ct
668 3489 808 3543 extraneo
828 3503 886 3543 non
903 3503 973 3545 csse

140 3576 298 3647 proditum,
315 3574 394 3648 quod
409 3590 468 3630 noa
483 3580 565 3631 essct
579 3591 645 3631 cum
661 3575 750 3632 fratre
766 3576 913 3634 collatum.

176 3684 221 3739 to.
239 3683 293 3739 His
309 3683 399 3755 igitur
412 3682 501 3737 tantis
516 3698 549 3737 ac
559 3682 762 3739 talibusbonis
773 3684 802 3740 in
813 3700 973 3741 excessum

142 3772 308 3844 quemdum,
326 3770 429 3840 fateor,
455 3772 562 3826 mentis
585 3772 691 3843 elatus,
716 3774 907 3844 superstitem
926 3791 972 3831 me

142 3862 246 3916 timere
261 3860 408 3915 desieram
424 3861 491 3930 (55),
508 3860 586 3931 quod
601 3860 681 3915 illum
699 3862 758 3916 vita
773 3863 926 3918 crederem
934 3864 974 3919 di-

142 3949 297 4023 gniorem:
314 3950 342 4004 et
356 3948 421 4002 ideo
438 3948 541 4019 excepi
563 3949 695 4022 plagam,
716 3967 804 4022 quam
820 3951 898 4008 ferre
914 3968 972 4009 non

141 4035 973 4113 passum3tolerabilioracnimtantidolorisproemeditata

177 4180 316 4252 (51))155.
327 4179 447 4305 aliquot,
457 4202 468 4226 a
485 4195 522 4234 ex
545 4182 677 4236 ressiore
693 4182 895 4254 mentisqaam
907 4201 970 4241 eor·

139 4254 223 4326 poris
245 4252 366 4306 similitu
390 4253 447 4306 ine.
473 4275 484 4300 a
538 4268 576 4306 on
590 4253 664 4308 satis
680 4258 770 4309 recte.
787 4254 832 4308 Ex
846 4256 901 4311 hoc
916 4274 970 4311 au-

139 4329 199 4382 tem
214 4326 280 4380 loco
297 4323 496 4395 intelligamus
512 4323 580 4378 licet
594 4325 802 4395 episcoporum
817 4333 918 4383 vestes
933 4329 970 4383 ab

140 4396 265 4454 aliorum
280 4394 359 4450 cultu
373 4394 471 4520 potins
480 4394 666 4465 simplicitate
677 4412 711 4451 ac
722 4397 875 4466 modestia,

140 4468 234 4524 formu
262 4465 309 4522 vel
336 4481 436 4520 coare
466 4464 561 4521 fuisse
590 4466 737 4522 diversas.
764 4468 827 4523 Hoc
848 4415 971 4539 5515155

140 4539 330 4595 confirmatur
345 4537 629 4608 epistotaCcelestini
644 4538 699 4593 lad
711 4540 870 4610 episcopos
886 4541 971 4596 Vien-

140 4610 244 4665 nensis
259 4609 421 4679 provineire
444 4609 482 4663 ita
507 4608 691 4665 scribentis:
711 4633 721 4656 r
747 4610 972 4667 Discernendia

139 4680 225 4751 plebe
241 4680 287 4734 vel
303 4680 422 4735 caeteris
438 4696 543 4735 sarnus
558 4679 701 4750 doctrina,
719 4697 777 4735 nen
794 4686 892 4738 veste:
907 4699 974 4737 con-

140 4751 319 4814 versatione,
335 4767 393 4805 non
410 4750 511 4805 habitu
527 4766 533 4805 :
551 4751 658 4806 mentis
681 4754 817 4822 puritate,
839 4770 896 4808 non
912 4755 973 4808 cul·

139 4823 182 4890 tu,
201 4845 213 4868 i
230 4826 286 4876 etc.
304 4821 847 4893 Videsimiliterquaedevestimentis,
863 4825 972 4895 quibus

140 4890 327 5014 dupustinus
345 4892 423 4945 indui
441 4892 565 4961 solebat,
592 4894 678 4948 tradit
701 4896 871 4950 Possidius
889 4897 972 4949 Non-

48 4960 51 4967 '
141 4961 316 5028 autimas,
345 4985 355 5007 a
385 4964 487 5017 nescio
512 4980 600 5034 <quam
619 4968 840 5035 expressiorem
865 4968 972 5022 mentis

140 5048 229 5103 quam
244 5033 379 5100 corporis
396 5034 616 5089 similitudinem
638 5037 748 5091 trabere
764 5038 969 5093 videbamur„

176 5103 231 5173 (53)
256 5101 291 5156 Et
307 5102 361 5155 boe
381 5118 508 5173 quoquc,
533 5105 627 5176 inquit
650 5107 795 5178 NanniuS,
822 5110 919 5180 aliqua
936 5125 972 5163 ex

138 5178 221 5245 parte
236 5189 252 5227 a
267 5172 392 5245 Virgilio
409 5178 507 5228 mutuo
524 5181 671 5246 sumptum
688 5184 733 5233 est
751 5197 756 5234 :

200 5263 309 5317 [lauri-r,
327 5261 430 5319 larido,
448 5262 622 5324 fruiturque,
641 5266 775 5317 simillima
788 5269 883 5330 proles,

202 5325 348 5374 indiscreta
365 5324 430 5371 suis.
446 5331 589 5387 55115555(-
608 5331 761 5388 parentibus
773 5345 856 5380 error.

174 5406 230 5479 (tt)
245 5406 354 5462 Omnes
370 5404 450 5469 edit,
470 5428 481 5450 «ι
498 5405 532 5458 ad
550 5405 721 5462 altcrutrum
738 5412 943 5480 pervenirent,
958 5438 969 5461 v

137 5477 381 5547 omnosmss,ad
390 5476 516 5530 atterum
522 5479 732 5549 pervenirent.
746 5481 857 5535 lleliori
867 5499 969 5538 sensu.

135 5548 219 5615 Quod
228 5554 324 5605 autem
334 5547 475 5603 adverbio
483 5547 657 5620 plerumque
667 5551 695 5602 in
705 5551 883 5622 quibusdam
894 5570 969 5610 nise.

136 5621 253 5677 additur
277 5619 497 5693 complacitum,
522 5619 551 5675 id
572 5635 698 5690 prorsus
724 5622 841 5678 videtur
867 5641 971 5696 super·

136 5705 309 5748 vacaneum.
325 5692 454 5749 Advorte
468 5707 557 5763 porro
580 5694 687 5764 quanta
710 5692 799 5749 tuerit
820 5696 970 5753 ambrosii

17 5760 23 5767 '
131 5763 229 5829 nostrl
244 5762 274 5823 15
289 5762 453 5831 amicorum
468 5764 594 5827 seeretis
615 5763 701 5844 tides,
716 5768 746 5827 at
761 5781 849 5845 quan
866 5770 970 5829 saneta

1030 1937 1108 1993 enim
1124 1936 1275 2009 professio
1289 1936 1436 2008 repressit
1449 1937 1547 1992 studia
1561 1937 1753 2007 coercendi3
1768 1937 1862 2007 imola,

1030 2025 1131 2099 frater,
1147 2026 1185 2081 ab
1200 2026 1279 2081 omni
1295 2041 1351 2081 nos
1364 2025 1535 2082 abducebas
1544 2025 1751 2082 coercitionis
1761 2024 1861 2093 affecta

1032 2110 1182 2171 vindicare
1197 2114 1353 2186 pollicens,
1369 2118 1398 2169 et
1412 2114 1504 2170 lenire
1519 2114 1721 2171 desiderans.

1066 2204 1111 2259 «lt.
1130 2203 1859 2276 Noumediocrisigiturprudentiartestimonian,

1031 2309 1099 2366 quaa
1115 2293 1153 2349 ita
1168 2309 1185 2348 a
1200 2291 1386 2363 sapientibus
1400 2292 1540 2348 definitur
1556 2309 1563 2346 ε
1583 2292 1747 2348 Bonorum
1755 2294 1860 2365 primun

1032 2398 1102 2438 esse
1118 2382 1211 2438 Deum
1226 2381 1306 2437 seire
1328 2379 1396 2451 (58),
1413 2384 1442 2435 et
1457 2396 1564 2436 verum
1585 2381 1664 2437 illud
1692 2385 1783 2454 atque
1801 2382 1860 2437 diri·

1031 2488 1102 2527 num
1116 2472 1165 2542 pia
1179 2474 1277 2527 mente
1292 2470 1439 2540 venerari,
1455 2469 1536 2525 illam
1552 2469 1725 2526 amabilem
1742 2476 1859 2527 etconca

1031 2560 1205 2632 piscendam
1230 2563 1349 2615 aeterne
1371 2559 1631 2630 pulchritudinem
1653 2560 1794 2616 veritatis
1816 2564 1858 2615 teti

1031 2650 1140 2706 mentis
1157 2648 1297 2703 charitate
1312 2647 1448 2720 diligere.
1465 2646 1643 2703 Secundam
1653 2649 1857 2720 autem,inprc

1032 2739 1129 2793 ximos
1143 2754 1161 2792 a
1176 2737 1276 2792 divina
1292 2736 1342 2792 ille
1359 2736 1438 2792 fante
1453 2740 1541 2809 atque
1558 2738 1685 2793 coetesti
1702 2742 1810 2794 nature
1820 2737 1855 2791 dc·

1032 2829 1129 2883 rivere
1146 2827 1283 2898 pietatem
1300 2842 1307 2881 :
1325 2825 1507 2899 quodetiam
1522 2827 1631 2882 mundi
1654 2828 1805 2899 sapientes
1815 2841 1854 2881 no-

1032 2916 1104 2972 stris
1121 2917 1249 2972 hausere
1266 2916 1302 2971 de
1317 2915 1446 2988 legibus.
1464 2914 1571 2987 Neque
1581 2916 1666 2971 enim
1677 2916 1854 2974 der-ivereista

1032 3004 1062 3060 in
1077 3005 1229 3065 hominum
1245 3003 1430 3075 disciplinas,
1448 3003 1506 3059 nisi
1521 3004 1560 3060 de
1570 3005 1756 3062 ccelestiillo
1769 3005 1853 3061 (15155

1031 3094 1109 3168 legis
1127 3095 1205 3150 fonte
1221 3093 1389 3165 potuissent
1404 3092 1471 3164 (59).

1066 3183 1111 3238 13.
1128 3182 1202 3250 Quid
1218 3184 1309 3256 igitur
1325 3182 1548 3238 observantiam
1564 3182 1638 3256 ejus
1655 3200 1733 3258 erga
1749 3183 1798 3240 Dei
1809 3180 1853 3238 cul·

1030 3261 1092 3329 tum
1107 3272 1290 3343 praedicem?
1304 3270 1359 3338 Qui
1374 3271 1549 3344 priusquam
1571 3272 1806 3345 perfectioribus
1817 3287 1851 3329 es

1031 3362 1216 3417 setinitiatus
1226 3361 1388 3432 mysteriis,
1397 3358 1598 3434 innaufragio
1608 3363 1850 3433 constitutas,cun

1031 3466 1066 3508 ea
1081 3467 1138 3523 qua
1154 3450 1322 3521 veheretur,
1348 3450 1434 3505 navis
1457 3450 1624 3522 scopuloso
1647 3451 1731 3507 illisa
1744 3452 1852 3520 vedast

1032 3540 1207 3614 urgentibus
1216 3539 1285 3595 triac
1295 3543 1381 3612 atque
1391 3539 1458 3595 inde
1468 3539 1613 3597 ductibus
1623 3540 1850 3611 solveremur

1031 3632 1155 3685 mortam
1171 3632 1316 3699 metuens,
1340 3629 1393 3685 sed
1408 3644 1446 3685 ae
1461 3643 1577 3685 vacuas
1592 3632 1734 3702 mysterii
1748 3631 1850 3687 exiretr

1032 3719 1108 3788 vita;
1124 3718 1337 3790 quesinitiatos
1346 3733 1416 3774 essa
1422 3721 1619 3792 cognoverat,
1630 3720 1671 3775 ab
1677 3719 1727 3775 bis
1741 3719 1850 3776 dirinna

1031 3807 1102 3863 illud
1119 3806 1248 3862 fidetium
1263 3810 1480 3863 sacramentum
1499 3807 1644 3878 poposcit
1662 3824 1669 3865 ε
1686 3824 1747 3865 555
1766 3810 1794 3864 51
1810 3821 1849 3863 ca·

1030 3896 1130 3953 riosos
1154 3896 1257 3953 oeulos
1280 3896 1404 3953 inferret
1423 3896 1542 3952 arcanis
1566 3896 1640 3969 (60),
1671 3898 1729 3955 sed
1750 3901 1780 3954 at
1799 3894 1850 3953 tui
1892 3944 1894 3955 .

1031 4000 1094 4042 suae
1110 3989 1343 4058 consequeretur
1354 3984 1506 4043 55511155.
1518 3984 1642 4042 Etenim
1657 3985 1748 4063 ligari
1762 3984 1850 4044 fecitis
1890 3980 1894 4087 ;

1031 4132 1174 4200 cautaque
1189 4127 1305 4212 religio.
1891 4162 1894 4175 ·

1065 4199 1122 4270 (55)
1138 4199 1850 4268 11515511,115555555155155515)1151551555
1892 4258 1894 4267 ,

1030 4271 1849 4344 frequentissimi,n·meradesieramlnrraveroabica-
1892 4316 1894 4321 .

1029 4360 1084 4400 nes
1100 4344 1181 4413 edit,
1199 4359 1283 4415 quam
1304 4342 1489 4416 inexplorata
1517 4342 1668 4411 vnlnera;
1688 4362 1765 4402 mss.
1779 4356 1849 4417 propt

905 4415 971 4454 uam
988 4410 1014 4471 D
1029 4416 1066 4470 ad
1082 4430 1183 4481 unum,
1200 4430 1283 4486 quam
1295 4414 1448 4486 explorata
1463 4412 1601 4469 vulnera.
1614 4417 1762 4473 Absurde
1769 4430 1848 4472 55555
1891 4412 1894 4417 ’

1030 4486 1087 4559 (56)
1104 4486 1146 4539 115
1165 4486 1250 4539 llom.
1266 4484 1335 4539 edit.
1352 4490 1381 4541 et
1395 4483 1496 4555 plures
1512 4500 1589 4541 mss.
1603 4490 1687 4557 ;vet.
1698 4486 1848 4545 saumae

1031 4573 1097 4612 eum
1114 4572 1188 4611 mas.
1205 4556 1366 4623 nonnullis,
1385 4554 1550 4611 vindicabit
1577 4572 1647 4614 risu.
1671 4558 1741 4615 Non
1754 4560 1848 4615 dim

1030 4626 1201 4696 sententia,
1229 4627 1306 4681 idem
1329 4627 1409 4683 enim
1432 4631 1520 4681 sonat
1542 4643 1579 4682 ac
1605 4628 1750 4686 liberabit
1771 4640 1847 4687 rem

1030 4699 1235 4769 temporalium
1249 4714 1320 4753 cura
1333 4702 1363 4753 et
1378 4698 1567 4754 commercio.
1592 4699 1719 4757 Rursus
1735 4701 1847 4757 5551155

1030 4773 1108 4840 post,
1124 4769 1174 4824 abi
1189 4767 1248 4824 Gil.
1264 4769 1334 4824 edit.
1350 4772 1378 4825 et
1394 4770 1478 4824 llom.
1496 4785 1565 4824 cum
1580 4774 1692 4841 paucis
1702 4776 1847 4829 manacta!

1031 4842 1235 4913 nepotianum
1250 4839 1383 4911 Amerh,
1393 4838 1479 4896 Erae.
1495 4856 1531 4896 ae
1545 4856 1626 4898 mss.
1638 4843 1731 4917 longe
1739 4837 1844 4915 515511,

1031 4919 1134 4967 auctor
1148 4910 1342 4983 nepotiorum.

1066 4981 1407 5053 (51))155,555515555,
1426 5004 1437 5029 ι
1456 4981 1507 5053 qui
1532 4984 1650 5041 nullum
1669 4985 1802 5053 loederes,
1814 4984 1844 5035 tt·

1031 5070 1098 5125 quo,
1117 5074 1128 5102 a
1145 5057 1220 5122 etc.;
1238 5052 1414 5120 meliusalii,
1429 5057 1517 5124 atque
1532 5054 1606 5111 edit.
1622 5061 1656 5113 51
1670 5056 1701 5111 15
1716 5050 1844 5113 texture

1031 5125 1109 5179 enirn
1124 5124 1299 5179 Terentiana
1315 5124 1423 5180 locutio
1445 5139 1483 5179 ex
1500 5124 1573 5180 ndei
1598 5126 1629 5183 h.
1646 5131 1704 5184 act.
1720 5144 1749 5197 v,
1764 5141 1804 5193 ec,
1815 5123 1842 5177 t:

1033 5218 1044 5241 a
1063 5196 1143 5249 Nulli
1160 5144 1649 5267 1551151555,5551555555151155,
1667 5222 1679 5249 ι
1693 5204 1749 5255 515.
1829 5262 1835 5274 ,

1066 5267 1122 5334 (58)
1146 5266 1297 5321 Platonem
1320 5267 1436 5322 videtur
1459 5267 1596 5337 innuere,
1620 5272 1670 5341 qai
1696 5286 1761 5325 cum
1781 5264 1843 5329 alibi,

1030 5342 1090 5392 tum
1107 5337 1158 5392 lib.
1175 5355 1204 5391 iv
1221 5339 1257 5392 de
1274 5338 1377 5410 legib.
1406 5338 1444 5393 de
1463 5338 1565 5394 divino
1588 5344 1670 5396 cuttu
1684 5336 1843 5412 disputate

1030 5409 1282 5464 administratione
1299 5380 1479 5480 reipublice.
1505 5408 1592 5476 Quod
1613 5415 1710 5468 autem
1729 5410 1842 5484 sublitur

1030 5480 1065 5535 de
1082 5480 1251 5552 cognitione
1266 5480 1314 5535 sui
1328 5486 1357 5535 et
1370 5481 1430 5535 vita
1445 5483 1528 5538 reete
1542 5481 1724 5539 instituenda
1738 5498 1773 5539 ex
1784 5478 1843 5535 1115·

1029 5551 1115 5607 biade
1130 5568 1139 5605 1
1153 5551 1276 5622 petitum
1290 5555 1345 5608 est.

1065 5624 1123 5695 (59)
1137 5623 1254 5696 llemig.
1270 5626 1299 5678 at
1314 5622 1419 5696 Benig.
1429 5622 1508 5696 cad,
1522 5618 1841 5701 eindisciplinapetuit·

1029 5699 1097 5750 sent
1124 5693 1218 5751 nisi...
1235 5694 1315 5753 fonte
1330 5697 1497 5768 potassent.
1517 5718 1528 5748 ι

1066 5736 1121 5840 (td)
1136 5765 1211 5826 1155.
1221 5765 1341 5848 aliquot,
1356 5788 1368 5817 ι
1383 5767 1650 5837 conuicerimus
1662 5766 1762 5835 ndo·
1774 5776 1841 5829 titt·
