3900 6128
119 305 180 369 643

841 311 873 374 S.
896 310 1133 377 AMBROSII.'

1786 317 1850 384 644

130 448 1843 479 mm*-

710 532 895 611 LlBEll
949 532 1247 623 QUARTUS.

337 760 406 824 521
423 759 549 816 CAPUT
565 762 728 818 PRIMUM.

119 872 205 928 Haud
224 876 330 929 mirum
351 892 419 931 esse
437 878 512 950 quod
527 878 662 934 homines
680 879 712 933 in
725 878 841 934 Christi
851 895 950 951 coqui·

154 946 233 1000 tione
249 948 432 1016 erraverint,
443 949 498 1004 sed
506 950 581 1022 qued
591 950 756 1022 Scriptura
768 967 824 1005 non
840 950 951 1006 obtem·

151 1019 329 1088 paraverint
344 1038 353 1072 :
368 1018 448 1073 iilum
469 1037 579 1092 quoque
591 1037 644 1076 aee
654 1021 691 1076 ab
701 1021 818 1093 anpelis
828 1022 888 1076 nisi
903 1037 951 1076 re·

155 1087 302 1144 velatione
313 1088 408 1144 tuisse
418 1091 575 1162 capnitum,
587 1092 664 1146 sieut
680 1109 734 1146 nee
748 1093 785 1147 ab
797 1094 860 1164 ipso
870 1092 952 1148 Prae·

152 1176 284 1214 cursore.
301 1160 444 1231 Ejusdem
457 1161 575 1216 Christi
591 1164 621 1217 iu
642 1164 744 1217 eaelum
760 1164 952 1219 ascendentis

152 1231 318 1302 triumphus
330 1232 433 1303 qualis
447 1239 476 1287 et
488 1240 574 1305 raptu
588 1235 799 1322 prophetarum
816 1251 951 1307 quarum·

152 1302 217 1356 dam
230 1309 336 1374 quanto
343 1305 550 1374 praestantior.
571 1305 588 1359 T
595 1323 650 1375 ura,
668 1306 866 1378 descriptoau
889 1305 919 1360 el
936 1335 951 1348 -

147 1389 212 1428 rum
223 1373 278 1427 irae
289 1373 325 1428 de
341 1389 376 1428 re
395 1374 556 1447 colloquio,
577 1383 680 1432 eontra
699 1377 831 1433 Arianos
879 1375 951 1432 ilias

150 1444 335 1515 amnipotens
346 1460 415 1501 esse
426 1446 604 1503 ostenditur.

150 1568 175 1624 l.
197 1569 404 1625 Consideranti
424 1571 514 1642 mihi,
547 1573 707 1644 imperator
726 1577 872 1647 auguste,
893 1590 950 1646 qua

114 1659 225 1713 ratione
251 1659 296 1713 sic
321 1661 464 1715 erraverit
486 1677 583 1733 genus
604 1661 765 1732 hominum,
786 1665 818 1718 ut
833 1662 868 1717 de
896 1663 950 1718 Dei

114 1744 188 1802 Filio
205 1747 347 1818 plerique,
368 1765 413 1803 vae
426 1749 508 1819 mibi,
525 1750 644 1805 diversa
664 1756 861 1823 sequerentur
874 1752 949 1823 (94);

112 1852 298 1908 nequaquam
314 1837 387 1891 satis
414 1837 520 1893 mirum
541 1839 657 1895 videtur
680 1840 747 1912 quia
767 1841 876 1896 erravit
893 1841 950 1897 hu-

112 1941 196 1979 mana
224 1926 348 1980 scientia
377 1927 413 1981 de
433 1929 583 1999 supernis,
605 1929 659 1983 sed
678 1930 757 2000 quod
786 1929 949 2002 Scripturis

111 2030 169 2068 uon
185 2014 287 2068 detulit
306 2014 516 2071 obedientiam.

146 2102 172 2157 9.
190 2101 263 2167 Quid
280 2104 483 2175 enimmirum,
501 2107 527 2160 si
542 2107 719 2177 mysterium
736 2108 788 2163 Dei
805 2108 901 2164 Patris
920 2112 949 2166 et

112 2189 227 2246 Domini
243 2191 315 2247 lesu
331 2192 440 2249 Christi
456 2194 523 2264 (95),
544 2196 575 2249 in
591 2212 649 2266 quo
674 2201 743 2252 suut
763 2213 866 2254 omnes
881 2198 947 2254 tbe-

112 2281 193 2335 sauri
210 2281 362 2352 sapientiae
384 2285 412 2338 et
433 2284 566 2339 scientiae
586 2285 753 2341 absconditi
773 2286 897 2357 (Coloss.
914 2306 945 2361 11,

111 2366 150 2439 9),
167 2386 221 2440 per
240 2371 414 2441 sapientiam
439 2373 537 2428 mundi
555 2389 614 2428 non
634 2378 791 2445 potuerunt
810 2375 945 2432 homines

112 2458 374 2530 comprehendere,
392 2462 471 2531 quod
486 2478 541 2517 nec
564 2464 663 2536 angeli
675 2480 869 2538 cognoscere,
886 2466 946 2522 nisi

111 2563 148 2603 ex
160 2547 349 2618 revelatione,
366 2553 523 2621 potuerunt
537 2554 551 2607 ‘l

153 2637 227 2701 522
243 2641 269 2695 a.
286 2639 358 2705 Quis
374 2639 452 2693 enim
468 2640 562 2709 potuit
583 2642 720 2712 opinione
745 2644 842 2716 magis
857 2660 946 2716 quam

113 2729 170 2785 nde
188 2733 267 2804 siqui
283 2728 437 2785 Dominum
454 2728 567 2799 lesum,
584 2747 662 2785 nunc
678 2731 788 2786 deeoeli
805 2732 945 2788 altissimi

113 2819 228 2875 inferna
256 2820 466 2892 penetrantem,
484 2834 562 2873 nunc
586 2819 623 2873 ab
639 2819 744 2875 inieris
763 2821 800 2875 ad
814 2821 947 2877 coelestia

114 2913 321 2983 resurgentem
338 2925 344 2963 :
361 2907 459 2962 subito
479 2907 671 2978 exinanitum,
695 2911 726 2964 ut
749 2908 894 2964 habitaret
916 2911 947 2966 in

112 2998 211 3068 nobis,
228 3013 422 3069 necunquam
439 2996 633 3063 imminutum,
644 3014 710 3052 cum
720 3013 838 3070 semper
853 2998 946 3055 Filius

111 3083 139 3139 in
156 3085 251 3155 Patre,
269 3090 296 3142 et
311 3087 341 3140 in
357 3084 430 3140 Filio
447 3087 533 3140 Pater
547 3085 657 3140 esset?

964 727 994 788 Α
1010 747 1094 817 quasi
1110 762 1177 802 eum
1188 763 1275 819 quem
1290 748 1451 804 emiserant
1465 749 1532 805 coeli
1543 754 1646 821 portia,
1663 767 1771 822 capere
1786 766 1848 808 non

933 879 938 889 .
1008 839 1142 906 possent,
1160 837 1227 891 licet
1246 854 1396 908 nunquam
1416 838 1483 910 ejus
1510 841 1627 911 capiant
1645 841 1845 914 majestatem,

1008 924 1152 996 mojorem
1164 925 1241 980 viam
1250 927 1422 997 quaerebant
1432 927 1560 1000 aliquam
1576 930 1737 985 revertenti
1752 931 1847 987 :adeo

1008 1013 1081 1068 nibil
1098 1015 1266 1070 exinanitus
1281 1015 1421 1071 amiserat
1437 1015 1444 1072 l

1043 1103 1069 1156 7.
1087 1103 1193 1158 Debuit
1208 1106 1304 1159 tamen
1320 1120 1397 1160 novo
1408 1105 1512 1161 victori
1523 1122 1632 1162 novum
1642 1107 1720 1163 inter
1735 1109 1844 1180 parari,

1008 1207 1127 1262 semper
1141 1193 1218 1247 enim
1239 1194 1333 1248 victor
1354 1200 1493 1266 tanquam
1517 1196 1613 1268 maior
1628 1201 1656 1252 et
1669 1197 1846 1268 praecelsior

1007 1283 1054 1335 est
1070 1296 1076 1336 :
1096 1282 1149 1336 sed
1164 1282 1231 1353 quia
1248 1285 1367 1338 aeterum
1383 1284 1585 1355 suntjustitiae
1600 1286 1845 1358 portoe,eaedem·

1007 1385 1064 1441 que
1085 1370 1161 1426 Novi
1177 1374 1205 1426 et
1224 1371 1340 1427 Veteris
1352 1372 1541 1444 Testamenti,
1552 1375 1661 1447 quibus
1672 1374 1845 1446 (98)emlum

1007 1460 1147 1530 aperitur,
1159 1464 1378 1516 conmutantur
1391 1462 1502 1534 utique,
1518 1464 1571 1518 sed
1589 1463 1761 1535 elevantur3
1777 1465 1844 1538 quin

1007 1563 1067 1602 non
1082 1563 1160 1603 unus
1176 1548 1275 1620 homo,
1298 1550 1352 1604 sed
1367 1553 1447 1606 tolus
1467 1552 1497 1606 in
1512 1553 1641 1608 omnium
1658 1554 1845 1626 redemptore

1007 1637 1136 1692 mundus
1156 1638 1293 1694 intrabat.

1042 1727 1068 1780 8.
1103 1727 1277 1782 Translatus
1297 1730 1359 1783 erat
1384 1728 1486 1785 Enoch
1510 1730 1597 1801 (Gen.
1619 1748 1648 1801 v,
1668 1732 1727 1802 9-4),
1742 1735 1846 1803 raptus

1008 1815 1089 1870 Elias
1105 1813 1168 1887 (IV.
1179 1816 1253 1888 itaq.
1266 1834 1296 1886 u,
1318 1817 1362 1887 ll)
1378 1833 1385 1872 :
1407 1819 1460 1873 sed
1475 1835 1534 1874 non
1549 1835 1656 1875 servus
1672 1837 1765 1892 supra
1787 1821 1856 1877 Do—

1009 1906 1129 1960 minum.
1150 1926 1160 1953 ι
1179 1904 1286 1960 Nullus
1302 1906 1379 1961 enim
1395 1909 1529 1963 ascendit
1545 1908 1573 1963 in
1586 1910 1704 1980 coelum,
1721 1910 1783 1965 nisi
1796 1910 1861 1982 qui

1010 1994 1164 2049 descendit
1182 1995 1218 2049 de
1235 1995 1310 2050 coelo
1326 1996 1420 2065 (doen.
1442 2014 1483 2067 111,
1496 1996 1550 2067 19).
1571 1999 1646 2053 Nam
1661 2003 1691 2054 et
1707 2000 1831 2071 Meysen
1843 2046 1861 2080 ¹

965 2061 1077 2138 Blicet
1093 2098 1202 2153 corpus
1217 2083 1285 2155 ejus
1304 2100 1364 2139 non
1388 2087 1558 2157 apparuerit
1584 2088 1614 2141 in
1639 2088 1739 2158 terris,
1772 2105 1861 2144 nus-

1008 2175 1204 2245 quumtamen
1223 2173 1253 2227 in
1277 2172 1372 2244 gloria
1401 2175 1516 2229 coelesti
1535 2175 1674 2249 legimuS,
1696 2177 1757 2232 nisi
1773 2194 1861 2248 pos.

1008 2267 1143 2334 teaquam
1159 2261 1302 2317 Dominus
1318 2264 1548 2320 resurrectionis
1564 2281 1627 2321 sum
1641 2268 1770 2338 pignore
1785 2268 1861 2335 viu

1008 2352 1073 2407 cula
1102 2350 1191 2405 solvit
1218 2350 1343 2421 inferni,
1369 2354 1398 2407 et
1421 2353 1536 2424 piorum
1565 2354 1679 2409 animas
1706 2355 1861 2423 elevavit=

1007 2440 1182 2496 Translatus
1206 2456 1279 2512 ergo
1299 2439 1413 2510 Enoch,
1440 2446 1543 2513 raptus
1563 2442 1662 2511 Elias;
1691 2445 1779 2501 ambo
1798 2445 1861 2509 ru.

1007 2529 1089 2599 muli,
1105 2529 1192 2584 ambo
1208 2545 1275 2585 eum
1290 2545 1415 2602 corpore
1431 2546 1439 2585 :
1461 2531 1514 2586 sed
1530 2547 1587 2587 non
1603 2537 1672 2603 post
1687 2550 1856 2596 resurree.

1007 2619 1126 2689 tionem,
1148 2634 1206 2674 nou
1223 2634 1289 2673 cum
1305 2619 1452 2673 manubiis
1464 2622 1568 2675 mortis
1577 2621 1644 2693 (99),
1656 2625 1685 2677 et
1696 2623 1847 2695 triumphe

1007 2708 1105 2762 crucis
1121 2707 1256 2762 viderunt
1271 2706 1339 2762 illos
1351 2708 1459 2780 angeli.

1041 2795 1068 2851 9.
1086 2795 1121 2850 Et
1135 2796 1212 2864 ideo,
1230 2796 1387 2851 Dominum
1403 2798 1533 2853 omnium
1554 2799 1725 2870 primumac
1745 2801 1833 2861 solun

1006 2886 1042 2940 de
1064 2888 1157 2940 morte
1190 2884 1419 2955 triumphantem
1448 2888 1550 2942 venire
1576 2893 1751 2958 cernentes,
1777 2891 1828 2946 tolli

1005 2977 1107 3046 portas
1122 2973 1307 3044 principibus
1331 2975 1529 3046 imperabant,
1560 2992 1627 3032 eum
1650 2977 1826 3034 admiratione

1007 3064 1140 3118 dicentes
1159 3079 1164 3118 :
1183 3082 1197 3112 a
1217 3061 1322 3118 Tollite
1341 3066 1453 3134 portas,
1474 3066 1642 3136 principes,
1673 3067 1780 3137 vestri3
1803 3071 1824 3122 et

146 3159 172 3212 t.
204 3159 353 3214 Dubitavit
373 3158 403 3211 in
423 3172 458 3212 eo
481 3158 545 3226 ipse
571 3156 775 3228 Praenunuus,
802 3158 871 3214 licet
894 3175 948 3229 per
1010 3151 1175 3222 elevamini,
1196 3153 1289 3221 portae
1301 3152 1457 3208 eternales
1479 3169 1485 3209 :
1507 3157 1535 3209 et
1554 3154 1688 3211 introibit
1703 3172 1755 3212 rex
1770 3155 1821 3228 glo·

112 3243 281 3321 synagogae
297 3251 397 3318 typum
412 3245 478 3316 (96),
497 3245 639 3300 dubitavit
660 3247 723 3316 ipse
748 3251 815 3302 ante
831 3248 947 3303 Domini
1005 3242 1058 3297 riae
1077 3240 1171 3308 (Psal.
1193 3258 1276 3311 xxru,
1297 3240 1336 3311 T).
1353 3265 1363 3290 ιι

110 3332 216 3392 faeiem
232 3337 408 3392 destinatae.
427 3335 570 3407 Denique,
596 3335 700 3390 missis
716 3336 883 3408 discipulis,
900 3337 946 3391 in·
963 3380 990 3443 c
1041 3331 1084 3385 10-
1103 3329 1193 3385 Erant
1208 3333 1305 3384 tamen
1320 3331 1416 3386 adhue
1428 3334 1456 3386 et
1471 3333 1500 3386 in
1517 3333 1692 3390 caelestibus
1711 3334 1758 3406 qui
1772 3337 1822 3389 atu·

112 3429 245 3499 terrogat
262 3442 268 3480 :
292 3447 305 3476 ιι
325 3426 368 3480 Tu
386 3440 418 3479 es
434 3425 484 3495 qui
499 3427 641 3479 venturus
657 3440 754 3495 es,‘an
769 3425 859 3480 alium
875 3441 947 3481 exs-
1005 3421 1118 3490 pereni,
1135 3419 1185 3490 qui
1205 3419 1422 3475 admirarentur
1435 3437 1541 3475 novam
1564 3438 1712 3493 pompam,
1734 3437 1822 3479 navam

109 3519 262 3584 pectamus
274 3513 393 3584 (diattlr.
411 3531 451 3583 xi,
472 3513 528 3584 9)9
551 3537 561 3561 ιι
1005 3509 1131 3581 gloriam
1149 3524 1156 3577 ;
1173 3510 1201 3564 et
1220 3509 1285 3563 ideo
1301 3509 1513 3580 requirebant:
1537 3532 1547 3559 ι
1567 3510 1640 3575 Quis
1656 3516 1702 3567 est
1716 3513 1770 3568 iste
1781 3525 1824 3567 rex

110 3603 136 3674 5,
154 3603 377 3675 Obstupuerunt
389 3606 417 3658 et
431 3601 530 3675 angeli
541 3601 947 3675 eoelestempsleriumDncle
1005 3599 1110 3671 gloriae
1126 3597 1214 3666 (ibid.
1231 3597 1258 3666 8)
1273 3599 1288 3652 ‘l
1310 3620 1320 3646 ιι
1342 3597 1399 3652 Sed
1416 3599 1484 3669 quie
1512 3602 1541 3654 et
1563 3601 1662 3673 augeli
1677 3614 1824 3672 processus

111 3706 177 3747 cum
192 3695 363 3764 resurgeret
374 3692 527 3760 Dominus,
540 3695 627 3762 atque
639 3691 723 3746 illum
734 3692 943 3763 quamdudum
1005 3686 1115 3741 habent
1130 3686 1274 3755 scientim,
1295 3688 1323 3742 et
1343 3688 1533 3758 capacitatem
1553 3689 1717 3760 proiectus,
1733 3689 1827 3745 babent

109 3782 274 3837 secundum
297 3797 415 3836 carnem
439 3784 585 3853 angustus
611 3780 741 3850 sepulcri
760 3781 845 3836 locus
866 3786 946 3836 texe·
1005 3777 1105 3847 utique
1117 3775 1328 3831 discretionem
1344 3777 1461 3831 virtutis
1477 3781 1565 3848 atque
1584 3779 1749 3849 prudentiae
1766 3793 1827 3835 :so-

109 3873 163 3939 rat,
195 3872 404 3941 resurgentem
432 3869 468 3923 ab
493 3868 598 3923 inieris
622 3870 688 3924 omli
718 3868 775 3923 alta
795 3869 945 3925 sustinere
1004 3864 1051 3920 lus
1071 3865 1504 3937 enimsineprocessulleus;
1525 3867 1638 3938 quiaiu
1663 3869 1743 3925 omni
1773 3883 1828 3940 per·

109 3974 168 4012 non
192 3961 335 4027 possent,
360 3957 512 4013 haeserunt
536 3957 622 4012 etium
650 3956 782 4013 cmlestia
798 3959 946 4029 opinionis
973 3993 977 3999 -
1005 3955 1133 4010 tectione
1149 3969 1269 4024 semper
1285 3958 1482 4010 oeternusest.

113 4047 227 4102 incerto
238 4046 304 4115 (97).
1041 4041 1083 4098 ll.
1102 4042 1244 4098 Dicebant
1262 4044 1322 4113 alil,
1336 4043 1375 4098 ilii
1392 4045 1493 4117 utique
1509 4047 1559 4116 qui
1570 4046 1726 4102 adfuerant
1741 4063 1832 4103 resun-

145 4136 171 4190 6.
191 4133 335 4190 Veniebat
350 4135 428 4190 enim
444 4135 531 4190 novis
550 4134 814 4190 victorredimitus
830 4136 947 4192 exuviis
1006 4134 1096 4207 genti,
1118 4133 1159 4188 illi
1172 4133 1221 4204 qui
1236 4133 1370 4188 viderant
1386 4133 1501 4205 veljam
1517 4140 1720 4208 cognoverant
1737 4153 1744 4192 :
1759 4160 1769 4184 ι
1785 4137 1835 4193 Dc·

110 4225 254 4279 Dominus
271 4224 425 4295 intemplo
443 4227 547 4279 saneto
564 4239 638 4293 suc,
657 4224 909 4296 praeibantaugeli
920 4227 949 4279 et
1004 4223 1103 4277 minus
1119 4222 1204 4276 iortis
1220 4225 1248 4276 et
1270 4224 1385 4293 potens,
1403 4222 1547 4278 Dominus
1562 4228 1668 4295 potens
1692 4227 1723 4282 in
1738 4226 1834 4298 praelio

111 4311 294 4384 archangeli,
311 4312 454 4367 mirantes
470 4312 598 4384 spolium
609 4327 647 4367 ex
661 4316 753 4367 morte
768 4314 944 4385 quaesitum:
1005 4311 1093 4382 (ibid.
1094 4313 1118 4382 ).
1138 4336 1148 4357 ι

110 4406 138 4457 et
154 4403 291 4474 quamvis
307 4401 502 4456 scireutnihil
519 4402 579 4457 Deo
592 4402 734 4457 accedere
750 4418 786 4457 ex
798 4417 950 4473 carnepo·
1041 4398 1084 4455 19.
1102 4401 1210 4456 lterum
1225 4400 1379 4456 multitudo
1392 4401 1569 4474 angelorum
1592 4403 1764 4476 triumphali
1786 4421 1837 4480 ag·

108 4492 214 4561 tuisse,
232 4491 300 4563 quia
323 4490 399 4545 inira
424 4491 520 4545 Deum
543 4491 616 4555 523
636 4491 734 4546 omnia
756 4495 834 4561 sunt,
852 4493 949 4547 tamen
1005 4489 1083 4544 mine
1105 4487 1329 4560 precinebant:
1353 4513 1364 4536 ι
1391 4490 1496 4546 Tollite
1520 4494 1641 4563 portas,
1669 4495 1838 4567 princ'qrea,

108 4582 219 4650 tropaea
240 4579 355 4650 erucis,
381 4579 469 4652 cuius
500 4579 677 4651 principium
702 4595 792 4652 super
807 4581 949 4637 humeros
1006 4578 1118 4648 vestri3
1138 4581 1166 4633 et
1180 4575 1347 4651 elevamini,
1363 4583 1456 4651 portae
1472 4581 1840 4640 oelernules:etintroibit

110 4668 189 4740 ejus,
210 4672 238 4723 et
253 4668 475 4740 triumphatoris
491 4670 594 4724 aeterni
610 4669 765 4724 manubias
787 4670 945 4726 intuentes,
963 4702 990 4764 D
1005 4685 1059 4724 rex
1078 4665 1182 4740 gloriae
1202 4664 1290 4738 (ibid.
1307 4667 1345 4737 9).
1364 4690 1374 4717 ιι

146 4811 203 4880 (99)
219 4811 268 4866 Sie
279 4827 353 4866 mss.
375 4812 476 4881 plures
491 4828 526 4866 ac
543 4813 673 4882 potiores
696 4829 701 4867 :
720 4811 768 4867 alii
784 4815 880 4867 autem
911 4827 946 4868 ac

111 4883 191 4949 edit,
211 4904 221 4930 ιι
244 4898 340 4954 genus
357 4882 509 4938 hominum
523 4884 592 4952 (vet.
614 4885 694 4953 edit,
715 4884 880 4951 turmarum)
909 4883 945 4939 de

111 4953 162 5007 Dei
183 4952 270 5021 Filio,
282 4956 313 5007 ut
325 4952 457 5025 plerique
469 4955 587 5009 diversa
603 4956 672 5025 (vet.
690 4955 771 5025 edit,
791 4971 833 5010 vm
848 4955 946 5010 diver·

108 5027 152 5092 sa)
169 5028 374 5094 sequerentur.
389 5045 402 5073 ιι
918 5068 921 5073 ,

144 5096 200 5162 (95)
214 5095 281 5148 uDei
300 5094 395 5148 Patris
420 5098 448 5149 et
465 5095 590 5167 Domini,
611 5098 670 5152 »in
693 5113 767 5152 mss.
793 5096 944 5168 plerisque

110 5165 374 5234 omittiturcopula.

144 5237 201 5308 (99)
218 5258 231 5285 ιι
249 5237 305 5290 Ρει1
316 5236 484 5308 Svnngogae
496 5241 606 5308 typum,
621 5259 631 5288 ι
646 5239 673 5293 id
690 5242 745 5309 est,
759 5239 787 5293 in
803 5241 944 5310 quantum

109 5307 278 5380 synagogae
288 5308 383 5379 ligura
395 5313 465 5375 erat,
479 5308 770 5380 ejusqueporsonam
783 5327 946 5381 repraesen-

107 5382 187 5436 tabat
204 5395 210 5434 :
228 5381 257 5432 in
270 5383 410 5450 quantum
422 5385 519 5433 alitem
530 5380 640 5434 Christi
650 5398 828 5451 praecursor,
840 5398 897 5436 nou
909 5397 944 5436 ea

108 5453 196 5507 debat
216 5451 244 5505 in
262 5451 348 5504 talem
362 5451 534 5520 prophetam
551 5453 620 5506 tanti
633 5454 743 5507 erroris
756 5453 898 5522 suspicio,
912 5455 944 5508 ut

107 5523 172 5594 ipse
189 5521 367 5576 Ambrosius
385 5522 502 5577 tradidit
517 5523 568 5578 lib.
589 5540 607 5576 v
623 5525 651 5577 in
668 5525 788 5592 Lucem,
805 5540 884 5579 num.
896 5524 941 5594 99,

108 5595 158 5650 abi
174 5595 273 5650 fusius
288 5593 352 5650 hmc
368 5595 572 5666 prosequitur,
590 5594 690 5650 Videri
710 5595 797 5650 etiam
816 5599 943 5668 possunt

105 5671 214 5751 praeter
229 5667 262 5725 D.
281 5666 421 5724 Thomem
438 5666 498 5741 9-9,
521 5683 549 5747 q.
576 5666 603 5740 9,
620 5671 673 5724 art.
697 5667 724 5741 7,
741 5667 777 5725 ad
798 5667 834 5743 9,
863 5667 942 5727 sacri

1005 4811 1181 4882 interpretes
1197 4811 1226 4864 in
1238 4827 1267 4864 xi
1283 4810 1412 4866 Matthaei
1432 4816 1461 4867 et
1479 4829 1520 4866 vu
1544 4813 1643 4868 Lucae.
1664 4811 1751 4879 Quod
1770 4824 1840 4871 vero

1005 4883 1041 4937 nd
1056 4883 1228 4954 angelorum
1244 4882 1454 4938 dubitationem
1472 4883 1564 4954 jama
1584 4884 1673 4940 nobis
1695 4887 1842 4942 observa·

1004 4959 1065 5008 tum
1081 4956 1127 5008 est
1151 4953 1187 5007 ad
1202 4952 1252 5007 lib.
1271 4954 1314 5007 De
1339 4955 1437 5022 instit,
1452 4957 1529 5026 virp.
1555 4972 1619 5026 cap.
1640 4957 1671 5026 5,
1689 4974 1773 5012 num.
1796 4957 1842 5029 ³9,

1004 5025 1154 5079 doctorem
1172 5028 1304 5079 nostrum
1317 5025 1449 5080 eamdem
1462 5025 1537 5080 banc
1548 5027 1718 5096 opinionem
1729 5029 1841 5100 saepius

1004 5099 1137 5166 repetere
1156 5111 1161 5150 :
1179 5096 1232 5150 sed
1252 5111 1316 5150 eam
1343 5111 1489 5168 nusquam
1518 5102 1678 5168 pertractat
1706 5100 1840 5172 uberius,

1004 5183 1090 5238 quam
1107 5167 1163 5220 hoc
1181 5168 1245 5237 ipso
1260 5167 1337 5221 loeo.

1039 5238 1093 5305 (99,
1112 5238 1185 5293 llss.
1203 5239 1333 5308 aliquot,
1361 5239 1492 5293 melioris
1519 5243 1615 5310 notoe,
1644 5262 1655 5287 ιι
1673 5243 1745 5298 coeli
1763 5245 1842 5298 astat

1004 5311 1186 5364 sustinere...
1200 5309 1347 5380 opinionis
1364 5310 1485 5365 incerta.
1504 5336 1514 5359 ι

1039 5381 1095 5451 (98)
1110 5381 1224 5434 Tlruan.
1242 5381 1307 5435 cod.
1324 5398 1412 5448 unuS,
1430 5403 1441 5432 ι
1460 5381 1596 5454 idemque
1614 5383 1693 5439 Novi
1713 5388 1744 5441 et
1753 5382 1840 5442 Vele-

1002 5452 1045 5507 ris
1057 5451 1235 5506 Testamenti
1248 5452 1355 5520 aditus,
1372 5452 1491 5523 quibuS,
1511 5476 1521 5501 ιι
1539 5456 1595 5508 etc.

1038 5524 1095 5592 (99)
1111 5523 1176 5577 Non
1191 5524 1275 5593 pauci
1288 5540 1375 5589 mss„
1390 5546 1401 5570 ιι
1419 5528 1486 5594 pasl
1503 5527 1758 5583 resurrectionem
1780 5527 1840 5600 jen

1002 5611 1068 5650 cum
1096 5593 1253 5650 manubiis.
1280 5617 1290 5644 ιι
1322 5595 1388 5650 Non
1418 5597 1456 5651 ita
1484 5596 1582 5669 mnle;
1607 5599 1842 5676 subintelligitur

1001 5667 1089 5741 enim,
1106 5668 1138 5722 ut
1156 5668 1259 5744 postea
1275 5664 1412 5732 Christus
1426 5668 1571 5730 ascendit.
