3900 6128
159 250 220 325 195
887 249 920 310 S.
943 244 1166 313 AMBROSII.
1838 242 1898 312 196

160 453 218 512 que
238 436 379 508 perpetuo
394 430 573 503 virginitatis
597 433 666 486 voto
682 430 820 486 astrictas
840 429 936 486 fuisse
951 430 1168 486 contendimus.
1180 429 1306 487 Etcarte
1321 429 1392 486 illud
1407 428 1556 499 Patribus,
1578 429 1705 484 maxime
1719 432 1818 486 eutem
1836 433 1898 487 Au·

161 525 292 600 guetino,
315 520 458 576 familiare
474 520 609 574 videmus
625 535 704 588 esse,
730 522 762 574 ut
776 535 867 574 voces
884 521 1067 592 propositum
1086 535 1121 575 ac
1140 525 1236 575 votum
1247 519 1352 576 eodem
1364 522 1509 589 usurpent
1533 518 1712 590 significata.
1726 518 1831 591 Neque
1845 533 1899 575 vo-

161 619 222 671 tum
237 610 312 681 apud
328 609 411 679 ipsos
427 622 544 680 quoquc
556 607 754 662 scholasticos
765 607 843 662 aliud
854 610 940 663 sonat
954 622 1042 680 quam
1057 609 1242 680 propositum
1257 623 1330 663 voce
1349 608 1504 662 firmatum.
1517 606 1601 673 Quod
1617 607 1718 680 utique
1733 623 1829 663 sacrae
1844 607 1900 662 illm

162 701 296 772 virgines
321 697 500 768 farititabant,
527 713 594 751 cum
615 695 688 751 illud
711 697 839 751 vestium
863 698 1032 766 mutatione,
1049 712 1083 751 ac
1098 688 1156 752 loci
1171 697 1200 753 in
1216 696 1352 752 Ecclesia
1370 696 1498 766 separati
1524 695 1717 767 occupatione
1736 695 1832 768 pelam
1855 695 1901 751 fa·

161 791 273 848 cenent.

196 877 281 945 Quod
296 876 323 931 si
338 874 498 931 obtendant
512 874 650 946 Cypriani
664 874 772 944 locum,
789 873 839 929 nbi
857 874 1009 946 precipit:
1027 872 1096 939 Quae
1107 889 1311 946 perseverare
1326 872 1428 929 uolunt
1442 879 1490 928 aut
1506 889 1563 929 non
1579 880 1714 946 possunt,
1733 872 1841 929 melias
1856 878 1904 929 est

162 967 284 1034 nubant,
297 979 381 1037 quam
394 963 426 1017 in
441 964 540 1035 ignem
551 963 672 1019 delictis
681 963 745 1018 suis
759 962 979 1033 cadantOEpist.
996 962 1032 1017 ad
1047 963 1203 1033 Pompou.)
1216 979 1224 1033 3
1239 963 1268 1017 id
1284 978 1319 1018 ca
1329 963 1442 1018 ratione
1457 965 1597 1018 statutum
1613 977 1683 1017 esse
1701 963 1901 1034 respondetur

164 1058 203 1114 cb
218 1056 334 1126 lapsum
352 1053 543 1125 quarumdem
564 1052 724 1124 virginum,
743 1066 809 1123 quae
830 1049 1024 1108 offensionem
1041 1050 1185 1106 Ecclesiae
1209 1051 1368 1106 etiamnum
1387 1048 1557 1105 crudelitate
1579 1053 1770 1121 tyrannorum
1789 1052 1903 1106 vexata

163 1144 327 1221 pariebant.
343 1142 498 1210 Quocirca,
508 1140 576 1195 licet
587 1141 673 1196 istius
685 1141 763 1195 modi
778 1139 918 1213 conjugia
928 1140 1073 1212 majorem
1081 1140 1110 1195 in
1121 1140 1239 1195 modum
1250 1139 1469 1209 condemnaret,
1481 1154 1515 1194 ea
1528 1141 1625 1194 umen
1640 1142 1778 1210 tanquam
1789 1140 1902 1194 minore

166 1235 240 1293 mala
255 1231 383 1287 vitandis
400 1229 564 1301 majoribus
576 1228 725 1284 toleranda
741 1229 857 1285 censuit
871 1230 983 1300 verius,
1004 1245 1091 1300 quam
1106 1228 1251 1300 probavit.
1270 1227 1447 1292 Quinetiam
1462 1230 1585 1282 sanctus
1597 1227 1779 1298 Epiphanius
1792 1227 1904 1298 (haeres

165 1323 255 1396 dllac
266 1323 333 1393 post
344 1335 410 1375 eum
425 1319 612 1390 Augustinus
623 1317 687 1387 (lib.
704 1318 748 1374 De
762 1319 845 1373 Bono
865 1317 973 1374 Viduit.
987 1334 1050 1390 cap.
1068 1318 1101 1373 10
1111 1322 1140 1373 ct
1155 1316 1198 1388 ll)
1214 1333 1339 1390 quorum
1349 1317 1533 1388 temporibus
1544 1316 1694 1388 virginum
1708 1316 1825 1371 illarum
1835 1318 1905 1373 vcta

167 1411 275 1468 usitata
288 1408 384 1464 fuisse
401 1422 459 1462 non
471 1406 633 1461 diffitentur
647 1406 821 1476 adversarii,
838 1408 1055 1463 matrimonium
1069 1410 1136 1479 post
1152 1407 1263 1462 emisse
1277 1408 1345 1461 vota
1361 1408 1542 1460 contractam
1557 1408 1656 1460 vetant
1673 1404 1799 1460 dissolvi
1814 1418 1906 1476 prop·

166 1504 212 1557 ter
231 1499 362 1567 meritos,
379 1496 430 1568 qni
445 1495 563 1567 quidem
574 1495 600 1551 si
617 1495 689 1549 alias
705 1510 815 1550 uxores
826 1495 983 1551 duxissent
991 1496 1120 1564 domum,
1132 1493 1238 1566 majori
1249 1493 1363 1550 scelere
1375 1509 1408 1548 se
1417 1492 1612 1566 obligassent.
1626 1493 1716 1548 lidem
1727 1509 1798 1548 vcro
1809 1493 1905 1548 maxi-

166 1604 245 1644 mum
256 1588 395 1641 asserunt
411 1584 541 1654 ipsarum
556 1599 625 1638 csse
641 1584 763 1652 crimen,
775 1599 809 1637 ac
825 1583 922 1653 paenis
936 1583 1150 1640 ecclesiasticis
1161 1583 1293 1655 dignum.
1305 1581 1455 1652 Quaenam,
1468 1583 1673 1653 obsecremus,
1685 1583 1741 1637 alia
1755 1598 1840 1638 meus
1852 1581 1906 1637 fuit

166 1675 336 1748 Cypriane?
352 1672 501 1742 Numquid
515 1672 593 1726 enirn
609 1687 667 1726 non
683 1671 752 1725 dicit
764 1675 917 1742 corruptas
933 1676 961 1727 at
976 1673 1103 1743 pollutas
1114 1672 1180 1727 illas
1190 1672 1324 1744 virgines
1340 1671 1471 1727 firmiter
1485 1672 1640 1727 continere
1655 1671 1842 1742 decrevisse,
1859 1677 1906 1725 et-

168 1781 224 1839 que
241 1763 362 1820 Christo
377 1777 411 1816 se
426 1761 586 1816 devovisse
602 1781 610 1813 :
625 1775 722 1831 quove
744 1764 829 1831 pecto
844 1764 944 1816 votum
964 1762 994 1815 in
1018 1760 1066 1816 his
1088 1760 1218 1831 positum
1241 1774 1310 1816 esse
1326 1761 1429 1832 negari
1448 1757 1554 1832 queatl
1577 1759 1613 1815 Et
1628 1760 1696 1814 hinc
1712 1762 1757 1815 est
1772 1759 1906 1831 profecto

170 1851 249 1926 quod
260 1850 338 1905 idern
351 1848 438 1903 Pater
453 1864 519 1903 cum
535 1848 703 1920 Augustino
719 1851 872 1903 asseverat
889 1848 1045 1919 (Enarret.
1060 1850 1092 1904 in
1106 1848 1183 1922 psal.
1204 1865 1315 1904 uxxxnr
1336 1852 1364 1905 et
1382 1851 1472 1919 cxxv)
1498 1849 1642 1904 adulterio
1663 1850 1757 1904 teneri
1780 1848 1906 1904 feminas

169 1941 247 2010 illas,
264 1940 371 2010 quippe
387 1953 453 2008 quae
468 1937 565 1992 datam
579 1934 698 1991 Christo
715 1937 838 1991 Domino
853 1937 940 1993 fidem
956 1936 1129 2010 fregissent.

206 2030 320 2084 Maneat
335 2027 426 2099 igitur
444 2026 593 2097 virginum
608 2028 637 2080 et
651 2025 861 2080 continentium
879 2025 998 2081 vivendi
1013 2025 1155 2082 rationem
1170 2025 1226 2096 ipsi
1237 2025 1413 2081 Christianae
1425 2025 1562 2098 religioni
1574 2028 1658 2081 aetate
1672 2041 1731 2080 non
1743 2041 1813 2082 esse
1828 2024 1907 2081 infe·

170 2119 280 2175 riorem
296 2132 303 2172 ι
320 2115 379 2188 jem
395 2114 462 2169 inde
477 2113 696 2184 abapostolicis
711 2114 894 2185 temporibus
910 2115 1024 2185 puellas
1042 2114 1205 2178 exstitisse,
1223 2130 1289 2185 quae
1305 2113 1366 2169 Deo
1381 2113 1579 2185 virginitatem
1598 2129 1651 2168 seu
1667 2116 1735 2169 voto
1753 2128 1808 2169 seu
1824 2114 1908 2169 firmo

170 2209 320 2281 perpetuae
337 2203 524 2259 continentiae
536 2203 684 2273 promisso
701 2208 928 2258 consecrarent:
946 2205 1096 2274 postremo
1112 2202 1176 2257 heec
1191 2205 1258 2258 vote
1281 2217 1380 2256 coram
1404 2202 1564 2273 episcopis,
1581 2205 1631 2256 eut
1646 2202 1842 2274 presbyteris,
1860 2204 1909 2258 eut

169 2294 353 2369 parentibus,
369 2296 418 2348 aut
437 2293 553 2347 undem
565 2292 702 2347 omnibus
719 2292 900 2363 christianis,
916 2308 970 2363 per
983 2295 1105 2348 externa
1120 2292 1169 2346 illa
1182 2291 1290 2346 indicia
1307 2289 1449 2362 quaejam
1464 2295 1531 2346 ente
1543 2292 1782 2361 memoravimus,
1807 2284 1907 2346 decla·

170 2384 230 2439 rari
245 2381 451 2438 consuevisse.
469 2379 657 2434 Difficillimis
673 2382 768 2435 autem
784 2383 906 2435 vastatae
920 2383 1007 2452 atque
1018 2379 1075 2435 sub
1091 2380 1285 2436 acerbissima
1299 2379 1453 2451 tyrannide
1468 2381 1614 2451 gementis
1630 2379 1774 2435 Ecclesiae
1791 2383 1906 2451 tempo·

169 2472 254 2528 ribus
270 2471 381 2526 eaedem
397 2469 529 2540 virgines
541 2469 571 2522 in
581 2472 768 2539 paternarum
780 2468 887 2523 aedium
898 2471 1013 2524 secreto
1024 2468 1181 2540 degebant.
1198 2468 1358 2539 Postquam
1369 2483 1440 2522 vcro
1450 2467 1558 2522 divinae
1568 2468 1760 2539 benignitatis
1772 2482 1828 2539 cpe
1838 2468 1907 2523 lide·

170 2560 250 2616 libus
260 2558 457 2630 tranquillitas
472 2557 593 2612 concedi
610 2561 714 2627 carpta,
727 2557 785 2611 illae
801 2557 874 2627 ipsae
891 2557 1026 2612 Hominis
1043 2557 1096 2614 Dei
1111 2573 1232 2628 sponsae
1249 2556 1428 2612 monasterie
1443 2556 1598 2611 instituere
1619 2557 1775 2629 aggressae
1791 2560 1862 2612 sunt
1880 2558 1908 2612 in

169 2647 305 2717 Oriente3
322 2645 398 2701 undc
408 2645 589 2700 Athanasius
605 2645 642 2699 ob
657 2647 835 2700 Arienorum
846 2647 1082 2716 persecutionem
1098 2648 1221 2703 Romam
1236 2646 1395 2719 perfugere
1414 2648 1544 2714 coactus,
1562 2649 1593 2700 ut
1610 2647 1750 2701 nonnulle
1764 2646 1806 2701 ibi
1822 2662 1907 2701 cons·

170 2736 355 2804 tituerantur,
371 2749 491 2789 causam
507 2733 642 2803 praebuit.
653 2733 714 2788 lllic
725 2735 844 2804 quidem
859 2734 916 2790 hoc
930 2735 998 2791 vitre
1015 2753 1112 2809 gcnus
1127 2736 1208 2791 initio
1220 2735 1317 2791 minus
1330 2735 1419 2790 valuit
1428 2735 1505 2806 apud
1520 2734 1636 2790 nobiles
1653 2735 1785 2799 (Hieron.
1798 2735 1837 2790 clo
1849 2734 1908 2790 lea·

171 2825 234 2882 dib.
246 2823 410 2890 Marcellae)
427 2827 473 2877 :at
488 2837 558 2878 vero
574 2837 640 2876 cuna
656 2822 727 2877 illud
742 2823 875 2886 illustres
886 2825 1021 2896 quaedam
1037 2829 1178 2880 matronae
1194 2827 1296 2879 esseut
1314 2822 1468 2894 amplexae,
1483 2824 1597 2878 sensim
1612 2823 1641 2876 in
1656 2823 1730 2877 alias
1745 2823 1906 2895 religiones

170 2913 291 2968 maximi
305 2911 452 2983 cujusque
466 2910 604 2981 presulis
616 2911 713 2966 studio
729 2915 921 2984 propagatum
932 2917 988 2968 cst.

205 3001 237 3055 ln
250 3000 450 3073 juvandotam
462 3003 564 3053 sancto
575 3002 691 3071 tamque
701 3001 764 3055 utili
779 3002 911 3056 instituto
927 3002 1038 3057 nemini
1053 3001 1223 3056 interiorem
1242 3016 1311 3057 sese
1327 3001 1456 3056 ostendit
1470 3016 1596 3071 magnus
1614 3000 1808 3068 Ambrosius3
1831 2999 1909 3054 aliud

169 3091 277 3164 quippe
288 3105 347 3143 non
358 3088 444 3143 modo
460 3089 490 3142 in
506 3087 629 3141 diaecesi
643 3088 761 3158 propria
782 3089 946 3144 admissum
970 3091 1037 3145 totis
1060 3090 1175 3145 viribus
1198 3089 1271 3144 fovit
1285 3093 1372 3161 etque
1393 3089 1489 3160 euxit3
1504 3105 1608 3143 verum
1624 3090 1709 3144 etiem
1726 3105 1780 3160 per
1795 3089 1907 3143 vicinas

169 3178 340 3251 provincias
361 3181 388 3232 et
402 3182 484 3231 trans
500 3177 590 3230 maria
609 3191 727 3248 quoque
743 3193 837 3249 usqua
861 3178 891 3233 in
907 3179 1038 3234 Africam
1048 3195 1082 3233 ac
1098 3179 1300 3233 Mauritaniam
1316 3177 1515 3248 amplificavit.
1532 3177 1616 3232 Unde
1640 3193 1790 3250 agnoscas
1805 3181 1907 3232 sancto

168 3267 291 3323 antistiti
306 3267 353 3321 sin
369 3266 467 3320 minus
485 3266 571 3336 primi
586 3265 663 3336 apud
683 3266 770 3321 Italos
792 3267 1058 3322 sanctimonialium
1073 3267 1245 3338 parentibus
1263 3267 1328 3321 laus
1343 3267 1493 3336 debeatur,
1516 3267 1679 3338 proximam
1695 3269 1792 3320 tamen
1814 3266 1909 3321 cidem

169 3373 228 3412 uon
238 3371 329 3426 posse
344 3355 402 3409 nisi
415 3353 524 3427 injuria
539 3354 652 3425 negari,
669 3355 783 3425 patroni
799 3355 913 3410 scilicet
923 3371 958 3409 ac
973 3357 1189 3429 propagatoris.
1203 3357 1241 3411 Ut
1256 3360 1352 3411 autern
1368 3372 1425 3427 que
1437 3357 1549 3410 ratione
1565 3356 1743 3427 virginitatis
1758 3356 1908 3425 professio

169 3446 286 3501 dilatata
301 3448 356 3513 est,
374 3443 559 3498 manifestius
571 3444 717 3512 appareat,
735 3442 888 3514 librorum,
904 3459 980 3515 quos
995 3445 1044 3500 hic
1058 3445 1183 3514 edimus,
1201 3445 1344 3515 enelpsim
1356 3445 1575 3516 aggrediamur.

205 3534 278 3588 Cum
294 3533 365 3586 nihil
377 3532 527 3603 antiquins
542 3531 663 3586 haberet
679 3530 724 3584 vir
748 3536 880 3602 sanctuS,
898 3548 986 3604 quam
1004 3537 1036 3588 ut
1050 3535 1191 3606 populum
1206 3534 1264 3590 sibi
1286 3533 1429 3590 creditum
1444 3533 1564 3588 salutari
1580 3533 1711 3588 doctrina
1728 3533 1910 3604 informaret,

174 3622 408 3693 operaepretium
419 3621 608 3691 episcopatus
620 3620 760 3675 suiiuitio
778 3620 921 3675 facturum
940 3637 973 3676 se
990 3622 1082 3693 duxit,
1095 3623 1120 3677 si
1137 3623 1336 3677 demonstrata
1360 3622 1539 3694 virginitatis
1567 3622 1763 3676 sanctitudine
1785 3621 1822 3675 ad
1848 3638 1910 3676 eam

169 3710 362 3781 profitendam
373 3709 552 3763 christianas
563 3708 677 3779 puellas
693 3725 747 3778 pro
766 3723 820 3763 sua
835 3709 913 3763 virili
929 3709 1113 3765 accenderet.
1130 3710 1241 3764 Habuit
1251 3710 1342 3782 igitur
1356 3710 1391 3764 dc
1403 3710 1459 3764 hoc
1473 3713 1647 3782 argumento
1659 3725 1815 3765 sermones
1832 3714 1911 3764 tanta

168 3814 235 3852 cum
250 3797 417 3868 eloquentia
428 3800 456 3852 et
471 3797 666 3866 vehementia,
679 3800 710 3851 ut
729 3798 819 3851 maria
836 3798 900 3868 ipsa
914 3797 1118 3868 pervaderent.
1143 3797 1255 3853 Horum
1275 3798 1369 3852 excita
1387 3813 1503 3852 rumore
1517 3797 1601 3853 beate
1618 3798 1713 3868 ipsius
1729 3814 1816 3853 soror
1833 3798 1895 3851 Mer

169 3886 390 3957 cellina,eidem
405 3902 458 3955 per
473 3886 585 3939 litteras
601 3889 658 3938 tam
672 3885 771 3940 laetum
787 3902 1022 3958 prosperumque
1046 3901 1224 3941 successum
1248 3886 1391 3958 gratulata
1411 3889 1457 3941 est
1472 3902 1480 3942 ι
1497 3902 1585 3957 quem
1603 3887 1690 3941 etiem
1708 3890 1738 3940 ut
1761 3902 1828 3956 quae
1844 3887 1911 3939 vive

168 3991 243 4030 voce
257 3974 473 4045 pronuntiabat,
491 3973 607 4046 quando
623 3974 681 4028 sibi
692 3990 791 4029 coram
803 3975 904 4030 audire
919 3976 1038 4029 minime
1053 3974 1166 4045 liceret,
1184 3974 1289 4030 saltem
1305 3975 1516 4029 transmitteret
1533 3976 1643 4046 scripto
1660 3974 1806 4043 mandate,
1818 3972 1909 4030 obse·

171 4065 273 4118 crevit.
286 4062 391 4131 Quare,
411 4065 443 4116 ut
457 4065 516 4116 tam
531 4062 622 4134 juste
641 4063 774 4133 petitioni
794 4064 1019 4136 obsequeretur,
1040 4065 1200 4119 conciones
1216 4079 1288 4118 suas
1309 4063 1415 4119 intres
1431 4063 1498 4118 illos
1514 4062 1618 4143 libros,
1634 4079 1710 4135 quos
1726 4062 1813 4118 etiem
1834 4077 1911 4118 nunc

167 4151 323 4222 habcmuS,
335 4153 471 4224 digerere
485 4153 613 4206 animum
626 4151 750 4207 induxit.

204 4241 236 4295 ln
252 4241 346 4311 primo
360 4240 435 4295 libro
452 4240 631 4311 virginitatis
647 4241 818 4311 dignitatem
834 4242 982 4313 expendit,
999 4258 1033 4297 ac
1049 4245 1117 4315 post
1134 4242 1317 4315 singularem
1336 4242 1381 4297 sui
1400 4241 1612 4297 demissionem
1627 4242 1724 4296 stetim
1741 4241 1770 4295 in
1789 4239 1912 4296 exordia

168 4330 398 4385 demonstratam
414 4345 548 4400 quaenam
564 4330 600 4383 ed
617 4330 806 4384 scribendum
823 4331 920 4401 ipsum
932 4332 1109 4402 impulerint,
1127 4332 1229 4402 aperit.
1251 4332 1324 4386 Tum
1344 4331 1438 4386 beatae
1458 4331 1583 4404 Agnetis
1605 4330 1693 4403 cujus
1713 4330 1819 4385 natalis
1840 4330 1912 4384 inci·

169 4419 251 4475 derat
268 4421 296 4473 in
312 4435 379 4474 eum
395 4419 482 4485 diem,
497 4419 653 4488 praemissa
668 4419 844 4489 laudatione,
868 4421 1067 4492 virginitatem
1082 4436 1098 4475 a
1113 4421 1174 4476 Deo
1191 4423 1276 4476 Patre
1299 4421 1335 4475 ad
1352 4436 1408 4475 nos
1428 4436 1485 4475 uua
1503 4437 1570 4475 cum
1597 4419 1694 4474 Verbo
1715 4418 1911 4473 descendisse

169 4508 304 4563 affirmat.
318 4509 388 4563 lnde
405 4508 517 4579 colligit
532 4507 641 4561 nullam
657 4507 733 4578 apud
744 4508 890 4576 ethnicos,
909 4511 987 4580 apud
1002 4510 1147 4566 Hebraeos
1162 4513 1258 4565 autem
1276 4509 1478 4564 adumbratam
1490 4510 1587 4563 solum
1601 4509 1756 4563 exstitisse
1772 4508 1911 4562 virtutem

167 4596 265 4652 illam:
283 4612 370 4668 quam
385 4597 500 4652 temetsi
513 4597 681 4667 neutiquam
698 4597 866 4668 imperetur,
884 4601 983 4654 tamen
1005 4598 1189 4655 matrimonio
1214 4599 1302 4670 longe
1318 4599 1461 4668 praestere
1477 4597 1650 4668 compositis
1664 4597 1742 4651 inter
1759 4611 1792 4652 se
1811 4595 1912 4652 ambo·

168 4682 236 4752 hus,
252 4685 347 4754 palem
363 4686 441 4739 facit.
460 4685 535 4738 Hinc
550 4687 665 4754 arrepta
682 4685 850 4752 occasione,
867 4690 1005 4755 parentes
1020 4702 1055 4741 ac
1074 4687 1262 4758 potissimum
1277 4686 1383 4741 viduas
1398 4690 1530 4742 amanter
1551 4687 1658 4758 arguit,
1679 4685 1757 4758 quod
1774 4684 1852 4740 filias
1875 4700 1912 4740 ue

168 4772 214 4824 vel
230 4773 327 4841 ipsum
342 4774 377 4827 dc
393 4773 448 4827 hec
463 4774 584 4828 materia
601 4774 736 4828 audirent
751 4774 985 4843 concionantem,
1001 4775 1204 4847 prohiberent.
1223 4774 1260 4829 Ut
1280 4779 1377 4829 eutem
1397 4778 1578 4846 quantopere
1597 4774 1652 4829 hac
1668 4773 1698 4827 in
1720 4788 1752 4828 re
1774 4775 1909 4844 peccent,

168 4859 286 4929 planius
298 4861 356 4930 irat,
374 4861 432 4915 illis
449 4862 485 4917 ob
505 4862 608 4917 oculos
632 4861 796 4934 puellarum
814 4879 880 4934 quae
897 4863 1044 4918 Placentia
1060 4866 1088 4918 et
1109 4864 1250 4933 bononie,
1272 4864 1330 4918 imo
1356 4864 1443 4918 etiam
1467 4879 1483 4918 e
1504 4862 1710 4918 transmarinis
1728 4861 1828 4935 plagis
1848 4861 1913 4916 Me·

168 4947 317 5003 diclauam
328 4947 447 5004 Christo
463 4954 597 5021 nupturae
612 4951 779 5020 veniebant,
792 4952 958 5022 exemplum
973 4951 1064 5022 ponit.
1081 4950 1126 5005 Ad
1146 4954 1338 5021 postremum,
1354 4955 1471 5006 narrato
1489 4949 1687 5022 pulcherrimo
1708 4947 1840 5005 facinore
1862 4965 1913 5004 cu·

166 5032 286 5107 jusdem
297 5036 424 5110 virginis
441 5040 557 5110 quaneh
575 5041 668 5110 altari,
681 5040 851 5112 priusquam
874 5041 1063 5111 profiteretur
1081 5040 1300 5110 continentiam,
1317 5056 1333 5095 a
1348 5040 1412 5095 suis
1427 5040 1513 5095 evelli
1536 5054 1595 5094 non
1614 5036 1716 5110 poluit,
1739 5037 1815 5093 liber
1830 5037 1913 5093 clau·

169 5125 256 5180 ditur.

201 5212 234 5267 ln
249 5215 392 5284 secundo,
409 5216 558 5288 virginum
574 5215 728 5272 instituere
745 5233 843 5271 moros
859 5232 1036 5289 eggressus,
1054 5217 1083 5272 id
1099 5233 1160 5273 ase
1171 5219 1260 5290 negat
1271 5218 1455 5273 commodius
1463 5218 1600 5289 praestari
1611 5232 1701 5278 posse
1711 5231 1799 5289 quem
1812 5231 1912 5271 exem·

165 5299 234 5373 plis,
247 5319 373 5374 quorum
385 5307 510 5376 primum
526 5322 560 5361 ac
577 5307 758 5377 praecipuum
774 5321 790 5361 a
806 5307 858 5361 Dei
869 5307 960 5361 Matre
970 5304 1119 5377 virginum
1131 5307 1260 5360 omnium
1281 5305 1475 5377 antesignana
1492 5308 1649 5360 mutuatur.
1671 5303 1770 5375 Hujus
1784 5303 1910 5359 virtutes

164 5385 296 5446 breviter
306 5393 434 5465 quidem,
447 5395 501 5450 sed
512 5410 627 5449 summo
644 5411 710 5449 cum
727 5397 832 5449 ornatu
847 5397 875 5449 et
891 5392 1057 5466 eloquentia
1075 5394 1227 5450 describit.
1246 5396 1311 5449 Huc
1325 5394 1463 5449 Theclam
1478 5394 1558 5448 addit
1575 5392 1656 5448 Pauli
1671 5392 1858 5462 discipulam,
1875 5407 1910 5447 ac

164 5473 397 5536 hlediolanensis
414 5483 558 5538 Ecclesiae
574 5487 736 5555 patronam,
749 5499 836 5555 quem
850 5482 909 5538 illae
925 5484 1005 5539 velut
1019 5483 1187 5539 absolutam
1199 5484 1350 5554 exemplar
1362 5484 1392 5538 in
1408 5499 1441 5538 se
1453 5486 1597 5538 conentur
1611 5482 1787 5554 exprimere.
1801 5480 1911 5537 Verum

163 5579 201 5624 ne
217 5570 352 5642 exempla
371 5570 420 5626 ille
431 5570 547 5628 viribus
565 5573 629 5628 suis
641 5572 753 5646 majora
765 5576 959 5628 causarentur
962 5571 1274 5644 tertium,1psumque
1283 5587 1433 5629 memoriae
1444 5571 1630 5642 recentioris,
1646 5570 1691 5627 eie
1708 5567 1824 5642 objicit.
1839 5568 1911 5630 Erat

162 5650 230 5714 baec
240 5658 514 5734 virgoChristiena,
532 5675 610 5734 quea,
622 5661 692 5718 dum
707 5677 741 5719 se
756 5664 862 5734 sponte
885 5661 1012 5734 exponit
1022 5661 1172 5735 martyrio,
1191 5661 1228 5717 ad
1244 5662 1368 5736 lupanar
1382 5659 1534 5735 atyranuo
1546 5662 1718 5733 demnatum
1729 5658 1808 5719 unde
1825 5657 1913 5718 Chri·

165 5742 254 5807 ettam
268 5745 370 5810 militis
386 5761 442 5832 cpe
456 5749 598 5812 ateana·
609 5745 719 5834 elapsa,
732 5760 843 5812 cumea
857 5749 975 5813 eaden
989 5749 1122 5836 uenerit
1135 5749 1263 5834 punam
1276 5752 1437 5816 consecuta
1453 5753 1510 5817 est.
1526 5747 1638 5818 usum
1652 5750 1775 5818 matus
1794 5740 1910 5840 presul
