3900 6128
102 320 184 392 lm
698 320 1006 393 EPISTOLARUM
1028 321 1199 390 OLASSIS
1220 324 1260 388 11.
1652 322 1655 331 '
1755 323 1836 389 1880

104 538 204 598 neque
218 522 311 580 ullum
325 522 449 597 maius
474 524 521 580 est
544 538 621 581 euus
643 540 732 597 quam
754 529 945 597 peccaterum
959 513 989 577 Α
1004 525 1086 596 (Luc.
1102 542 1133 595 u,
1149 525 1178 595 6)
1195 541 1201 580 :
1218 524 1321 581 eadem
1336 529 1432 581 autem
1446 524 1608 591 Bethleem,
1634 539 1701 595 quoa
1723 523 1835 595 Ephra-

105 614 228 672 sarcina
250 615 279 668 et
302 614 420 684 pondus
445 613 634 687 flagitiorum.
651 611 793 684 Deprimit
808 614 944 686 animam,
1003 618 1043 669 ta.
1060 615 1092 669 In
1107 615 1193 670 deme
1209 614 1300 686 igitur
1316 615 1427 670 luroris
1444 617 1604 687 generatus
1620 613 1836 685 estChristus3

109 705 216 761 curvat
231 718 328 774 usque
343 702 381 758 ad
397 705 516 773 terram,
533 719 570 758 ne
586 718 619 758 se
635 704 751 776 erigere
761 703 867 774 possit.
879 704 948 759 Gra·
1006 708 1033 759 et
1048 704 1114 759 ideo
1126 703 1189 775 jam
1204 720 1262 758 nen
1278 704 1383 759 demus
1399 703 1521 772 luroris,
1547 703 1600 757 sed
1620 702 1725 758 demus
1740 702 1836 774 paule,

106 793 168 865 via,
185 791 238 863 tili,
254 791 358 864 gravia
368 792 457 846 nimis
469 791 643 847 delictorum
654 792 797 863 pondera.
815 792 947 864 Denique
1006 793 1074 865 quia
1095 809 1200 864 panem
1225 793 1331 864 recipit
1355 810 1423 849 eum
1447 794 1498 864 qui
1520 792 1673 847 descendit
1696 792 1733 846 de
1762 792 1838 846 coelo

106 881 158 938 illa
175 881 206 936 in
221 879 386 954 Evangelio
409 880 525 952 mulier,
550 876 617 953 quae
641 886 762 936 curvata
777 883 849 952 erat,
877 897 947 952 spe·
1006 882 1229 955 (dean.v1,50).
1248 883 1359 938 Demus
1376 887 1472 937 autem
1495 882 1625 936 furerem
1649 880 1778 936 videntis
1793 884 1840 936 est

110 971 187 1028 ciem
203 970 394 1040 praetendens
410 971 515 1024 animae
530 970 704 1043 laborantis,
721 988 737 1024 a
758 969 877 1027 Christe
892 987 948 1042 pe·
1006 970 1154 1042 Ephrata;
1172 973 1240 1045 quia
1256 971 1316 1027 illic
1331 972 1468 1027 Heredes
1484 971 1552 1025 ilum
1567 969 1719 1024 Christum
1737 969 1840 1042 requi-

108 1061 166 1117 tuit
181 1059 247 1115 selo
262 1059 339 1131 erigi
355 1057 437 1128 (Luc.
454 1075 517 1131 xm,
534 1058 589 1131 lt).
1006 1059 1055 1129 rit,
1072 1060 1177 1131 perimi
1193 1061 1294 1116 statuit
1309 1060 1469 1116 infantulos
1483 1078 1490 1126 ;
1512 1060 1590 1114 unde
1608 1059 1698 1114 «Vox
1708 1060 1740 1115 in
1748 1060 1841 1114 Rama

144 1147 173 1205 8.
200 1147 277 1203 Huic
300 1162 376 1221 erge
398 1146 504 1203 animae
527 1147 635 1203 dicitur
659 1162 665 1204 :
692 1171 703 1195 a
725 1147 858 1204 viriliter
882 1162 947 1221 age,
1006 1149 1104 1204 audita
1127 1154 1195 1205 est:
1224 1150 1336 1206 Rachel
1359 1149 1505 1222 plorantis
1529 1149 1606 1203 filies
1631 1164 1704 1204 sues
1719 1148 1841 1219 (March.

111 1237 214 1303 1064
227 1240 256 1293 et
271 1236 484 1309 appropinqua,
501 1236 561 1293 lilia
576 1235 657 1308 Sion,
673 1239 706 1292 ut
719 1237 869 1307 parturias
893 1237 949 1308 (88)
1005 1253 1036 1307 11,
1054 1236 1109 1308 18).
1128 1261 1140 1287 a

110 1327 217 1399 (Mich.
233 1342 274 1397 vr,
291 1325 371 1396 10).»
389 1325 515 1382 Dolores
530 1326 609 1382 euim
621 1327 814 1398 parturientis
829 1326 949 1382 tribula·
1043 1326 1086 1381 le.
1103 1325 1162 1382 Sed
1174 1326 1236 1399 jam
1253 1344 1338 1384 neme
1349 1328 1468 1395 timeat;
1485 1328 1553 1400 quin
1564 1328 1685 1400 requies
1695 1325 1745 1381 illa
1755 1341 1843 1398 quam

110 1415 223 1473 tienam
239 1419 408 1487 operantur,
428 1437 438 1463 a
457 1413 606 1471 tribulatio
621 1416 799 1486 patientiam,
812 1416 950 1487 patientia
1007 1416 1159 1486 quaerebat
1174 1416 1276 1487 David,
1293 1418 1391 1473 audita
1406 1418 1496 1474 estin
1511 1416 1651 1488 Ephrata,
1667 1417 1785 1471 inventa
1796 1418 1843 1471 est

110 1503 328 1579 probationem,
345 1502 481 1575 probatio
498 1518 592 1575 spem,
609 1519 681 1575 spes
697 1507 869 1560 autemnon
885 1520 951 1559 cen·
1007 1503 1038 1559 in
1054 1506 1166 1576 campis
1183 1505 1267 1562 silvae
1281 1505 1377 1578 (Psal.
1390 1505 1539 1578 cxxx1,6).
1556 1507 1638 1562 Tunc
1653 1506 1749 1562 adhuc
1765 1504 1842 1560 silva

111 1593 210 1650 tundit
223 1593 255 1649 in
270 1595 414 1649 aeternum
429 1592 523 1663 (Rom.
538 1608 568 1661 r,
584 1591 612 1662 8,
627 1591 654 1661 t,
670 1592 709 1663 5).
727 1612 739 1643 ι
766 1591 859 1648 Simul
878 1608 951 1666 ege·
1009 1595 1072 1648 erat
1099 1594 1249 1650 nationum
1278 1598 1492 1668 congregatio,
1518 1596 1572 1650 sed
1594 1599 1788 1667 posteaquam
1812 1593 1844 1648 in

112 1682 190 1740 riter
212 1686 300 1754 atque
323 1681 489 1738 excluditur
510 1695 596 1736 omne
621 1679 701 1752 quod
726 1680 886 1737 adversum
906 1683 952 1737 est
1009 1680 1160 1738 Christum
1176 1683 1310 1752 credidit,
1327 1685 1480 1739 fructuosa
1496 1684 1573 1738 laeta
1592 1687 1647 1754 est,
1671 1684 1740 1755 quia
1753 1683 1842 1738 bena-

112 1771 205 1829 benis
218 1770 354 1828 moribus
367 1786 375 1842 3
390 1786 428 1826 ue
443 1769 604 1826 residentia
626 1768 694 1841 ejus
717 1769 881 1826 frutescant
901 1785 952 1827 se·
1011 1770 1080 1827 dicti
1096 1771 1209 1827 ventris
1226 1773 1356 1828 fructum
1370 1772 1481 1842 recepit
1502 1772 1583 1842 (Luc.
1609 1789 1629 1840 1,
1655 1772 1711 1841 tt).
1728 1771 1845 1826 Mortua

113 1860 205 1931 mina,
220 1863 307 1932 atque
322 1860 354 1914 in
369 1873 465 1915 noves
480 1858 587 1914 iterum
602 1858 769 1931 germinent
783 1861 897 1929 partus.
968 1838 994 1903 Β
1012 1864 1068 1931 est,
1084 1876 1158 1934 erge
1174 1861 1286 1917 Rachel
1302 1861 1470 1934 parturiens
1486 1860 1573 1933 (Gen.
1585 1878 1677 1931 xxxv,
1695 1857 1759 1930 19);
1776 1861 1846 1932 quia

152 1949 181 2006 7.
198 1948 262 2005 Nee
277 1949 373 2006 otiose
389 1944 448 2020 (88)
463 1948 570 2003 dantur
584 1949 612 2003 ei
627 1962 738 2003 cernua
762 1951 791 2004 et
811 1948 952 2022 ungulae3
1009 1949 1072 2023 jem
1087 1955 1156 2005 tune
1171 1952 1257 2022 quasi
1272 1950 1449 2023 patriarchae
1464 1966 1542 2006 uxor
1560 1950 1692 2006 terrerem
1717 1949 1846 2005 Heredis

113 2042 147 2097 nt
163 2042 296 2095 conterat
311 2052 416 2093 omnes
440 2036 607 2108 manipulos
632 2052 720 2108 areae,
738 2037 817 2093 sicut
829 2037 954 2093 vitulum
1011 2040 1139 2108 videbat,
1156 2040 1207 2111 qui
1222 2054 1277 2095 uec
1292 2040 1467 2095 minusculae
1488 2041 1566 2094 aetati
1586 2039 1727 2110 pepercit.
1753 2037 1846 2094 Simul

114 2127 224 2184 Libani
239 2127 346 2200 (Mieh.
362 2141 402 2197 rv,
420 2125 474 2196 18).
491 2125 557 2181 Nisi
579 2126 657 2181 anim
680 2126 821 2197 manipuli
837 2127 955 2183 contriti
1012 2129 1080 2200 quia
1096 2128 1125 2183 iu
1141 2127 1270 2199 Ephrata
1285 2128 1398 2198 peperit
1412 2127 1566 2200 Beniamin
1584 2127 1684 2198 speeie
1708 2125 1847 2198 superie-

114 2215 240 2287 tuarint,
254 2216 348 2288 paleae
360 2215 521 2284 ventilatas,
537 2214 652 2270 fructus
667 2230 811 2286 apparere
830 2215 955 2272 iuterie-
1011 2232 1074 2272 rem
1092 2217 1189 2281 1065
1205 2217 1346 2289 mysterio
1361 2216 1568 2289 posteriorem,
1583 2217 1708 2271 Paulum
1722 2214 1847 2284 seilicet,

112 2320 168 2362 res
192 2311 221 2361 et
245 2304 361 2361 absolvi
385 2307 546 2376 nequeunt.
563 2303 749 2360 Comminuat
763 2304 855 2378 igitur
869 2311 957 2379 atque
1013 2306 1064 2378 qui
1079 2309 1237 2378 antequam
1260 2308 1465 2378 generaretur,
1489 2320 1548 2360 non
1571 2305 1710 2359 minimos
1729 2303 1848 2359 doleres

115 2394 247 2451 excutiat
262 2394 346 2466 prius
361 2394 458 2449 anima
471 2393 633 2465 proficiens
654 2394 828 2464 passionum
849 2410 957 2467 super·
1013 2395 1100 2450 matri
1115 2395 1263 2465 praestitit,
1281 2393 1370 2466 cujus
1386 2393 1464 2449 filies
1479 2393 1722 2466 persequebatur.
1738 2391 1775 2447 Et
1789 2391 1849 2448 illio

116 2483 208 2554 buat3
223 2485 255 2539 nt
270 2484 385 2539 tructus
401 2497 475 2538 euos
491 2481 696 2538 demonstrare
716 2484 815 2555 possit
838 2483 868 2539 in
891 2483 958 2555 ipsa
1014 2486 1131 2539 mortua
1146 2486 1174 2539 et
1188 2485 1303 2554 sepulta
1318 2485 1382 2550 est;
1407 2485 1440 2538 ut
1462 2499 1518 2538 nes
1544 2483 1719 2538 commortui
1733 2483 1762 2537 et
1776 2497 1848 2537 cen·

116 2575 235 2646 segete.
250 2570 364 2637 Quanta
375 2572 503 2627 adversa
513 2575 594 2642 sunt,
606 2588 673 2644 quaa
684 2575 786 2644 partus
798 2573 959 2645 impediant
1016 2573 1124 2643 sepulti
1138 2589 1206 2628 curn
1220 2571 1351 2644 Christe,
1368 2573 1398 2627 in
1408 2571 1544 2627 Ecclesia
1554 2587 1762 2646 resurgamus.
1778 2570 1850 2625 Inde

115 2659 236 2719 bonosi
250 2661 323 2718 llaec
337 2660 421 2733 prius
436 2660 628 2733 exstirpanda
644 2663 731 2734 sunt,
747 2677 784 2719 na
806 2661 854 2717 his
879 2661 958 2718 truc·
1016 2663 1094 2718 enim
1108 2662 1164 2718 alia
1179 2661 1430 2733 interpretatione,
1440 2661 1489 2717 vel
1501 2661 1667 2732 fecundata,
1680 2659 1727 2717 vel
1739 2660 1852 2732 repleta

115 2749 207 2807 tilera
220 2749 443 2807 internecentur
457 2750 564 2806 animae
580 2752 654 2806 eata.
1017 2751 1173 2820 fructibus,
1191 2750 1321 2823 Ephrata
1336 2750 1535 2824 significatur.
1724 2797 1727 2800 .

154 2838 183 2894 8.
208 2839 291 2895 Tunc
315 2840 403 2896 etiarn
425 2838 501 2895 illud
522 2839 668 2911 prespicit
692 2839 838 2911 providus
854 2839 960 2896 animae
1053 2839 1097 2896 ll.
1114 2840 1291 2911 Hictomen,
1317 2840 1347 2895 id
1371 2842 1417 2897 est
1440 2840 1469 2895 in
1494 2840 1572 2897 libro
1595 2841 1769 2913 prophetico
1783 2837 1851 2912 (et),

117 2927 286 3001 consulter,
299 2929 332 2984 ut
347 2927 504 2985 concludat
520 2942 585 2984 eam
608 2929 638 2984 iu
664 2928 864 3000 voluptatibus
883 2929 959 2998 suis,
1017 2930 1185 2986 invenimus
1200 2934 1330 3011 thymi,
1344 2931 1377 3003 ei,
1394 2929 1490 3001 idest,
1502 2931 1733 3001 inpaucihuses
1747 2929 1852 3002 (Mich.

120 3020 211 3090 atque
225 3016 401 3073 intercludat
417 3015 485 3089 ejus
505 3017 691 3090 cupiditates,
715 3033 752 3074 ne
775 3018 859 3074 iniis
883 3018 961 3074 dele·
1019 3036 1047 3089 v,
1064 3019 1102 3088 2).
1118 3018 1150 3073 ln
1166 3019 1304 3076 Malthace
1329 3024 1449 3076 autem:
1477 3020 1542 3075 «Et
1566 3023 1607 3088 tu,
1627 3021 1789 3089 Bethleem,
1805 3018 1855 3075 do·

119 3110 228 3163 otetur.
245 3105 341 3164 Utiles
356 3106 436 3162 enim
452 3108 522 3162 sunt
532 3107 735 3179 correptiones
751 3107 894 3179 parentis,
911 3106 964 3180 qui
1019 3124 1086 3165 mus
1101 3108 1187 3179 luda,
1204 3125 1262 3164 non
1277 3126 1311 3165 es
1327 3109 1357 3164 in
1370 3110 1561 3181 paucioribus
1576 3110 1695 3179 (Matth.
1711 3126 1741 3179 11,
1757 3108 1795 3180 6).
1812 3107 1856 3163 lbi

120 3210 183 3253 nen
197 3195 291 3267 parcit
306 3195 411 3268 virgea,
427 3197 460 3251 ut
477 3196 662 3252 obedientem
676 3197 834 3268 praeceptis
850 3196 963 3252 saluta-
978 3166 1004 3231 c
1020 3199 1126 3254 domus
1142 3198 1218 3253 luda
1232 3198 1299 3271 (85),
1316 3199 1363 3253 hic
1379 3199 1485 3255 domus
1501 3199 1630 3270 Ephrata
1646 3214 1653 3252 :
1669 3199 1699 3252 in
1714 3213 1773 3270 que
1787 3212 1856 3252 var·

120 3283 209 3342 ribus
232 3287 355 3356 praestet
379 3284 505 3341 animam
527 3285 579 3341 lilii
603 3286 651 3341 sui
676 3285 785 3359 (Prov.
810 3303 872 3356 xm,
896 3285 962 3356 tt).
1020 3287 1126 3342 berum
1142 3286 1351 3357 discrepantia,
1367 3302 1425 3343 nen
1442 3303 1586 3343 sensuum
1601 3291 1657 3342 est.
1675 3286 1750 3341 Nam
1765 3288 1793 3340 et
1808 3283 1858 3340 lu·

121 3373 216 3448 Virga
232 3374 311 3430 enim
333 3373 443 3446 visitat,
470 3374 548 3431 sicut
571 3375 723 3449 legimus:
752 3375 914 3431 aVisitabe
934 3375 964 3429 in
1021 3377 1085 3433 daea
1101 3376 1224 3432 interior
1238 3376 1311 3432 vidit
1325 3377 1467 3447 furerem,
1484 3381 1512 3432 et
1527 3377 1658 3432 exterior
1675 3374 1805 3446 pertulit.
1822 3370 1858 3428 Et

120 3463 211 3535 virga
225 3463 397 3537 iniquitates
412 3479 515 3519 eorum
529 3463 628 3535 (Psal.
643 3481 788 3536 uxxxvur,
803 3463 860 3536 88).
882 3486 892 3514 a
910 3464 964 3520 lta·
1021 3467 1051 3521 iu
1067 3464 1259 3537 paucioribus
1274 3470 1339 3533 est;
1366 3466 1434 3537 quia
1448 3467 1535 3536 pauci
1550 3468 1619 3521 suut
1638 3465 1688 3538 qui
1703 3464 1813 3547 intrant
1826 3462 1857 3517 in

121 3566 184 3626 que
205 3551 257 3625 qui
281 3553 367 3626 virga
390 3553 540 3609 maxillam
563 3555 689 3625 percutit
712 3553 884 3610 lsraeliticae
904 3554 965 3609 ani·
1022 3554 1141 3610 demum
1156 3554 1241 3624 panis
1256 3557 1481 3627 perangustam
1503 3555 1592 3610 viam.
1618 3553 1654 3609 Et
1679 3555 1804 3609 nonest
1828 3550 1858 3605 in

122 3656 193 3713 maa,
218 3641 316 3698 erudit
339 3657 404 3698 eam
428 3642 467 3698 ad
488 3641 676 3713 disciplinam
699 3644 847 3714 patientiae
868 3643 966 3699 Domi-
1022 3643 1227 3715 paucioribus,
1243 3643 1273 3698 id
1289 3647 1335 3699 est
1350 3643 1386 3699 da
1401 3644 1635 3714 proficientibus,
1661 3659 1728 3714 quaa
1751 3639 1859 3696 Chris-

123 3730 194 3788 niea
218 3732 418 3804 correptione.
447 3732 541 3788 Nemo
569 3732 654 3788 enim'
677 3723 838 3804 desperare
868 3731 965 3802 debet,
1023 3734 1084 3788 tum
1101 3749 1159 3788 nen
1175 3732 1305 3805 agnovit.
1322 3732 1385 3788 Nec
1400 3733 1520 3787 minima
1536 3736 1591 3799 est,
1608 3748 1676 3805 quae
1691 3731 1860 3787 ostdomus

125 3819 298 3895 qmounqne
314 3820 473 3893 corripitur
486 3825 575 3894 atqua
588 3821 742 3894 arguitur3
762 3821 814 3893 qui
828 3821 906 3877 enim
920 3821 968 3876 di·
1023 3822 1249 3891 benedictionis,
1266 3824 1295 3877 et
1310 3821 1418 3876 divinae
1443 3822 1548 3894 gratiae
1572 3820 1792 3891 receptaculum
1809 3835 1816 3873 t
1832 3821 1861 3875 et

124 3908 194 3984 tigit
208 3909 312 3982 illium,
329 3910 451 3982 corripit
465 3910 573 3984 (Eccli.
590 3928 663 3983 xxx,
680 3910 707 3982 l)
722 3911 816 3968 Nemo
830 3911 969 3967 dareme·
1023 3911 1054 3966 in
1070 3927 1104 3967 ee
1119 3910 1248 3979 minima,
1267 3911 1313 3965 eui
1339 3911 1365 3966 is
1390 3911 1441 3982 qui
1467 3911 1577 3982 aliquid
1596 3910 1712 3966 confert
1728 3908 1860 3980 Christo,

128 3997 180 4056 dio
195 3998 320 4056 diffidat.
1025 4000 1142 4056 videtur
1157 4000 1284 4055 deferre.
1301 3998 1337 4054 Et
1358 4000 1408 4072 qui
1432 4000 1541 4071 appetit
1561 3999 1737 4069 Ecclesiam,
1754 3998 1862 4053 Chris·
1885 4055 1891 4068 ,

161 4086 191 4144 a.
208 4087 286 4144 Eece
310 4088 365 4145 tibi
388 4088 440 4144 ubi
463 4089 570 4146 domus
594 4088 730 4146 feroram
749 4088 878 4146 videntis
894 4090 967 4158 arat,
1025 4093 1086 4146 tum
1102 4091 1211 4161 appetit
1221 4107 1229 4156 ;
1245 4090 1276 4145 in
1291 4091 1399 4161 quevis
1424 4090 1544 4144 minime
1564 4090 1642 4144 enim
1657 4088 1796 4143 Christus
1812 4090 1862 4142 ant

129 4176 174 4234 ibi
198 4177 306 4235 demus
327 4178 413 4249 panis
437 4181 506 4252 est;
527 4179 579 4235 ubi
603 4179 775 4250 crudelitas,
792 4179 833 4235 ibi
848 4179 967 4250 pietas:
1025 4179 1151 4250 laeditur,
1179 4182 1228 4234 aut
1254 4179 1428 4248 honoratur,
1454 4179 1617 4234 secuudum
1637 4177 1717 4249 quod
1730 4177 1795 4247 ipse
1811 4175 1859 4229 eit.

128 4265 183 4324 nbi
196 4282 284 4340 paena
294 4267 508 4341 inuocantium,
523 4268 565 4324 ibi
575 4269 785 4325 universorum
795 4267 968 4339 redemptio,
1029 4293 1039 4318 a
1058 4269 1142 4335 Quod
1164 4268 1242 4325 enim
1257 4268 1307 4323 uni
1322 4268 1429 4324 herum
1444 4268 1633 4324 minimorum
1649 4265 1774 4334 lecistis,
1790 4261 1863 4317 mihi

129 4356 210 4414 sicut
234 4358 479 4430 scriptumest:
507 4368 519 4407 t
547 4357 582 4414 Et
602 4362 649 4428 tu,
674 4358 836 4429 Bethleem,
863 4356 970 4412 demus
1027 4358 1142 4414 lecistis
1157 4356 1276 4427 (Matth.
1293 4374 1363 4427 xxv,
1382 4357 1436 4427 td).

129 4444 278 4519 Ephrata,
303 4462 363 4503 nen
386 4461 420 4503 es
445 4447 565 4501 minima
589 4446 667 4503 inter
690 4447 842 4518 principes
870 4445 948 4502 luda
961 4461 1012 4548 ,Β
1064 4446 1107 4503 lt.
1123 4447 1221 4517 lpeam
1236 4450 1332 4501 autem
1346 4444 1499 4500 Bethleem
1513 4459 1583 4501 essa
1600 4458 1666 4516 quaa
1682 4445 1728 4498 est
1744 4439 1862 4513 Ephra-

130 4551 169 4599 οι
192 4536 305 4592 aenim
318 4537 409 4592 exibit
423 4535 570 4607 Princeps
585 4537 616 4594 in
632 4537 726 4592 lsrael
737 4536 841 4607 (Mieh.
857 4552 887 4606 v,
904 4535 968 4608 8).»
1029 4541 1066 4606 tn,
1084 4535 1169 4592 docet
1184 4535 1270 4591 lectio
1286 4534 1424 4603 Genesis,
1441 4533 1492 4589 ubi
1507 4533 1546 4588 ait
1568 4551 1573 4588 :
1594 4556 1605 4580 a
1623 4532 1737 4587 Mortua
1752 4534 1798 4586 est
1813 4547 1863 4586 au·

130 4624 286 4683 Bethleem
300 4625 407 4681 demus
421 4626 508 4697 panis
531 4629 592 4697 est,
619 4625 749 4697 Ephrata
770 4626 876 4681 domus
891 4625 971 4681 sure·
1028 4630 1087 4681 tem
1103 4625 1225 4694 Rachel,
1243 4629 1271 4680 et
1286 4625 1402 4695 sepulta
1417 4627 1463 4678 est
1478 4623 1507 4676 iu
1523 4623 1570 4677 via
1582 4621 1720 4691 Ephrata,
1738 4621 1803 4690 ipsa
1818 4622 1866 4676 est

131 4730 198 4770 ram
212 4714 352 4771 videntis.
370 4713 434 4770 Hoc
450 4715 539 4771 habet
563 4715 766 4786 interpretatio
780 4715 904 4769 istorum
920 4729 972 4769 ne·
1029 4713 1182 4771 Bethleem
1206 4712 1294 4785 (Gen.
1320 4731 1408 4782 xxxv,
1435 4710 1489 4781 le).
1505 4733 1515 4760 v
1539 4713 1570 4766 ln
1585 4711 1633 4765 via
1648 4711 1803 4780 sepultura
1817 4713 1865 4766 cst

131 4803 256 4861 minum.
272 4805 306 4860 ln
320 4805 473 4861 Bethleem
487 4807 574 4861 natus
599 4809 646 4860 est
668 4803 703 4859 de
728 4804 820 4858 illaria
836 4802 974 4858 Christus
1030 4810 1142 4860 sanetae
1168 4802 1280 4858 Rachel
1299 4802 1367 4874 (86),
1392 4818 1458 4874 quae
1484 4805 1571 4872 typus
1591 4800 1646 4854 luit
1661 4798 1816 4868 Ecclesiae,
1833 4802 1866 4855 ut

170 4947 228 5021 (82)
252 4948 339 5005 Rom.
363 4948 445 5021 edit,
473 4950 531 5003 «at
553 4946 631 5017 dele,
656 4947 716 5002 filia
731 4946 813 5019 Sion,
831 4950 862 5002 ut
875 4948 975 5018 partu·
1030 4947 1132 5015 tendit,
1149 4944 1344 5001 conciliandis
1365 4944 1484 4999 minime
1509 4943 1623 4999 laborat
1640 4960 1646 4996 :
1664 4942 1866 5014 llicrenymue

135 5019 230 5076 ricae.
251 5040 262 5069 ι
1030 5034 1103 5074 vero
1127 5020 1157 5072 in
1181 5017 1317 5072 eumdem
1342 5016 1474 5071 llliehaeae
1498 5015 1607 5083 lecum,
1634 5016 1703 5085 ejus
1724 5019 1812 5086 prout
1836 5014 1867 5070 in

172 5090 230 5216 (ddp
255 5089 327 5146 Ead.
351 5089 421 5147 edit.
452 5089 596 5146 oeCeruua
619 5092 669 5146 tua
691 5105 799 5161 ponam
821 5089 929 5161 terrea,
946 5090 975 5146 et
1031 5090 1111 5146 Lxx
1132 5094 1219 5160 atque
1244 5089 1274 5143 in
1298 5088 1427 5143 Hebraeo
1450 5087 1569 5158 legitur,
1596 5103 1663 5141 cum
1681 5087 1777 5156 ipsius
1793 5086 1866 5140 cita·

135 5178 176 5220 uu
200 5176 266 5217 uas
282 5164 348 5217 tuas
363 5177 471 5231 penam
486 5177 597 5217 aeneas.
613 5161 679 5217 Non
696 5162 801 5232 otiose,
817 5167 905 5217 etc.»
1030 5164 1119 5230 tione,
1137 5160 1213 5232 apud
1228 5159 1397 5214 Matthaeum
1422 5159 1660 5213 contrarietatem
1678 5156 1866 5211 animadver-

172 5178 231 5305 (ᾗ)
244 5233 390 5288 Absoluta
406 5234 556 5304 praecipua
568 5232 751 5303 dilllcultate,
764 5234 902 5288 nimirum
916 5248 974 5305 qua
1031 5234 1083 5297 tit;
1110 5249 1144 5287 ac
1169 5236 1256 5287 tautae
1279 5231 1462 5312 diversitatis
1481 5247 1589 5284 causas
1613 5229 1743 5299 inquirit.
1768 5227 1867 5296 ipsum

136 5306 251 5362 ratione
267 5304 374 5360 demus
389 5303 502 5360 furoris
517 5305 617 5359 vecari
633 5307 729 5375 pessit
740 5305 812 5359 illud
824 5305 974 5374 oppidum,
1033 5304 1155 5360 consule
1180 5319 1237 5358 nen
1261 5303 1359 5357 solum
1384 5319 1412 5356 m
1435 5302 1571 5357 eumdem
1599 5299 1786 5378 prophetam,
1813 5296 1868 5351 sed

136 5377 167 5504 pn
183 5392 243 5460 quo
256 5374 397 5432 Christus
412 5376 496 5431 nosci
507 5375 609 5502 vpluit,
620 5376 800 5501 Aptbresiup
816 5376 976 5501 mmm
1033 5377 1119 5501 ctiapn
1135 5373 1275 5500 pipistiud
1289 5373 1459 5500 Pamrpaoh.
1476 5373 1512 5499 pe
1527 5372 1637 5443 optime
1652 5384 1763 5443 genere
1778 5372 1867 5424 mter·

139 5453 456 5591 ttll'thlltrl
477 5462 836 5589 illlatattlh,
851 5462 976 5573 'tritt
1032 5463 1136 5588 Ψῗεὲ)
1157 5460 1547 5588 adidhhilhlht,
1574 5537 1585 5561 «.
1602 5513 1707 5568 aaa
1730 5508 1866 5580 suaa„

138 5589 253 5648 Verum
273 5589 370 5646 utrius
393 5605 430 5646 ua
454 5591 615 5646 verberum
638 5604 762 5643 sensum
777 5589 902 5659 pulchre
918 5590 977 5645 sibi
1034 5588 1177 5657 nonnulli,
1197 5609 1208 5639 ι
1227 5588 1333 5644 demus
1349 5589 1502 5643 ludecen
1664 5654 1680 5665 ..
1824 5653 1830 5664 ὑ

140 5605 437 5746 οοιιςωοῑομιοὲιιω
447 5661 506 5716 sibi
516 5675 686 5733 repugnare
697 5659 748 5715 ubi
758 5659 930 5733 declaravit,
940 5661 977 5717 de
1070 5660 1126 5731 (86)
1143 5660 1184 5716 lta
1197 5676 1273 5732 mes,
1291 5660 1392 5730 plures
1406 5659 1595 5729 potioresque
1609 5670 1617 5723 ς
1633 5653 1683 5709 alu
1699 5652 1871 5713 nonnullret

140 5733 286 5814 apicibus,
304 5732 459 5806 inquibus
474 5733 549 5791 selis
565 5732 791 5807 repugnantiam
815 5747 885 5791 esse
910 5748 978 5793 eon·
1035 5747 1139 5792 omues
1155 5731 1236 5810 edit,
1256 5753 1268 5782 a
1286 5731 1403 5809 sepulta
1418 5733 1464 5788 ost
1479 5731 1582 5786 sancta
1599 5726 1722 5786 Rachel.
1741 5751 1752 5780 a

272 5830 404 5897 Peraea.
424 5831 502 5895 xvt.
1662 5823 1719 5889 tt„
