3900 6128
28 238 31 243 ’
106 245 185 314 1061
837 247 872 312 d.
886 244 1108 313 AMBROSII.
1751 253 1839 322 1052

108 464 139 521 v,
155 445 194 519 8).
210 443 333 518 Accepit
342 444 408 502 sine
419 445 519 518 dubio,
530 446 644 518 accepit
654 445 725 520 (non
736 444 874 520 fallimur,
886 448 942 505 sod
956 429 1035 521 lxi,
1051 449 1156 522 18,19)
1171 468 1181 524 [
1197 474 1208 499 n
1225 451 1349 524 quidsi,
1365 452 1497 526 inquam,
1512 452 1626 524 pullum
1640 452 1732 511 istum
1747 455 1786 511 cd
1799 470 1837 513 se

108 535 312 607 admonemur)
333 536 465 592 tentandi
489 536 663 610 hujusmodi
685 540 879 610 potestatem
904 554 941 594 ne
993 539 1082 595 modo
1094 538 1189 612 jussit
1203 542 1320 612 adduci,
1336 543 1441 598 missis
1455 543 1601 614 apostolis
1617 543 1687 615 illis,
1705 544 1758 617 qui
1771 544 1838 616 jam

109 626 185 684 sorte
201 624 336 697 corporis
351 626 410 681 mei
423 624 598 682 vulneribus
612 627 728 698 possim
742 627 838 683 atidei
848 629 943 683 iaten-
995 628 1076 683 exuti
1099 645 1223 701 corpore
1253 632 1587 702 incomprehensibilem
1608 632 1703 688 oculis
1718 634 1837 690 nostris

107 717 189 774 tione
203 714 348 771 revocari.
365 714 497 789 Legistis
512 719 541 771 et
555 732 610 772 vos
625 716 694 789 quie
704 717 804 773 multis
820 716 868 772 his
882 720 943 773 ten·
995 718 1170 791 angelorum
1184 721 1316 790 speciem
1329 722 1462 794 gerunt?
1475 722 1581 777 Nonne
1592 721 1619 776 si
1633 720 1670 777 ab
1681 721 1782 795 aliquo
1791 738 1840 779 re·

108 806 181 862 tavit
203 804 260 876 (58)
282 807 417 860 sanctum
440 805 497 860 tob
521 805 676 862 diabolus:
700 807 738 861 ad
759 809 943 877 postremum
997 808 1130 879 sistatur,
1148 809 1262 866 dicent:
1291 832 1302 859 α
1327 810 1472 866 Dominus
1486 827 1606 882 opernm
1621 810 1689 883 ejus
1713 811 1838 868 deside-

109 896 286 968 potestatem
299 892 472 967 hujusmodi
486 894 578 966 potiit,
595 897 625 950 et
638 895 762 968 accepit,
774 897 805 951 ut
819 896 944 952 tentaret
997 897 1066 952 rat?
1083 918 1094 946 ι
1107 896 1138 953 Si
1148 899 1270 954 resistat
1279 898 1403 956 velvitoe
1409 900 1501 974 hujus
1509 900 1665 972 cupiditas,
1678 900 1839 957 siresistat

110 999 220 1055 corpus
235 981 313 1055 eius,
334 983 414 1055 quod
428 983 557 1056 perfudit
570 985 731 1042 ulceribus.
998 1001 1067 1042 caro
1082 989 1111 1042 et
1124 987 1261 1061 sanguis,
1277 989 1304 1044 si
1320 989 1637 1045 resistatconrersetio
1647 989 1837 1062 corporalis3

149 1064 224 1128 865
238 1072 265 1127 5.
282 1070 356 1127 Cum
371 1075 453 1127 esset
467 1073 652 1144 propositum
670 1075 702 1129 ut
712 1072 857 1130 Ecclesiae
870 1090 944 1130 vasa
997 1075 1067 1146 quia
1081 1074 1231 1148 aliquibus
1246 1076 1372 1134 forsitan
1385 1078 1462 1151 grati
1477 1079 1623 1136 videmur.
1640 1078 1699 1134 Sed
1715 1077 1835 1150 quinos

107 1160 171 1235 jam
193 1160 379 1217 traderemus
399 1158 467 1233 (59),
482 1161 540 1217 hoc
560 1162 700 1234 responsi
724 1163 857 1219 reddidi:
883 1179 941 1236 me,
998 1162 1047 1218 hic
1063 1164 1169 1237 diligit,
1185 1165 1276 1221 multo
1292 1167 1419 1238 amplius
1434 1167 1549 1240 diliget,
1565 1168 1592 1223 si
1606 1167 1684 1223 sinat
1699 1167 1767 1223 lieri
1783 1166 1838 1224 ho·

111 1250 140 1307 si
150 1248 942 1325 demeisaliqaidposceretur,auttandus,autdomus,
999 1253 1087 1309 stiam
1100 1252 1221 1326 Christi,
1238 1278 1249 1302 r
1268 1256 1336 1327 quia
1352 1256 1489 1328 dissolvi,
1506 1259 1611 1312 etcum
1626 1255 1747 1313 Christo
1765 1271 1837 1314 esse

111 1342 163 1396 aut
176 1355 291 1410 aarum,
307 1341 358 1395 aut
371 1342 538 1412 argentum,
550 1330 585 1395 'id
598 1340 678 1412 quod
692 1340 835 1414 meijuris
851 1346 943 1414 esset,
998 1341 1090 1397 multo
1099 1342 1226 1399 molius:
1244 1345 1300 1400 etsi
1315 1361 1434 1402 manere
1448 1346 1479 1401 in
1491 1362 1579 1402 carno
1588 1345 1684 1419 magis
1694 1360 1836 1401 necessa·

110 1429 239 1486 libenter
248 1426 374 1485 offerre:
390 1428 499 1500 templo
513 1430 567 1485 Dei
582 1429 655 1485 nihil
668 1445 761 1501 posse
771 1431 943 1504 decerpere,
999 1430 1076 1486 rium
1099 1435 1221 1504 propter
1239 1448 1295 1489 vos
1317 1434 1460 1507 (Philipp.
1476 1453 1495 1505 1,
1512 1433 1557 1505 16,
1573 1433 1629 1506 11).
1648 1456 1659 1485 ι
1682 1434 1768 1491 Nihil
1788 1437 1838 1492 est

111 1534 168 1576 nec
181 1519 297 1574 tradere
313 1516 395 1590 illud,
408 1518 486 1590 qaod
502 1519 738 1588 custodiendam,
751 1535 811 1577 noa
825 1521 945 1577 traden-
1000 1535 1073 1594 ergo
1084 1520 1164 1593 quod
1173 1522 1460 1595 vereamini,iratres
1469 1523 1672 1595 dilectissimi,
1681 1523 1747 1580 scio
1760 1524 1838 1580 enim

111 1609 183 1665 dam
199 1607 376 1678 acceperim.
392 1607 505 1664 Deinde
520 1609 678 1665 consulere
692 1625 739 1665 me
755 1609 842 1665 etiam
856 1610 948 1681 impe·
999 1609 1069 1680 quia
1083 1608 1226 1682 quidquid
1240 1627 1351 1683 passus
1366 1611 1462 1684 iuero,
1479 1627 1534 1683 pro
1548 1611 1667 1668 Christo
1683 1614 1792 1684 patiar.
1804 1612 1838 1669 lit

111 1696 221 1754 ratoris
242 1696 349 1752 saluti:
372 1696 442 1769 quia
465 1711 522 1752 nec
543 1698 617 1752 mihi
641 1698 794 1770 expediret
816 1698 944 1772 tradere,
1000 1689 1073 1754 866
1088 1698 1147 1773 legi
1158 1700 1237 1771 quod
1248 1715 1301 1756 eos
1311 1700 1414 1756 timere
1426 1717 1486 1757 non
1501 1700 1700 1774 debeam,qui
1710 1703 1837 1772 possunt

112 1785 218 1845 necilli
229 1786 365 1857 accipere
377 1801 385 1856 ;
399 1785 524 1858 accipiat
537 1787 615 1842 enim
630 1802 735 1843 vocem
744 1787 831 1843 liberi
846 1804 946 1845 sacer·
963 1802 1121 1869 gearnem
1136 1788 1282 1845 occidere.
1298 1789 1334 1844 Et
1348 1789 1447 1845 audivi
1457 1789 1619 1846 dicentem:
1640 1809 1652 1840 r
1669 1788 1726 1854 Qui
1741 1790 1836 1861 perdi·

112 1874 202 1948 dotis,¹
219 1875 246 1931 si
260 1874 324 1931 vult
336 1875 396 1932 sibi
410 1888 480 1932 esse
494 1874 673 1945 consultum,
683 1876 947 1934 recedataChristi
1002 1876 1078 1932 derit
1105 1878 1233 1933 animam
1261 1895 1346 1935 suam
1374 1882 1496 1951 propter
1522 1895 1580 1950 me,
1611 1880 1744 1937 inveniet
1774 1895 1835 1937 een

112 1964 233 2037 injuria.
1001 1965 1122 2037 (Metili.
1138 1983 1169 2039 x,
1183 1967 1240 2037 39).
1262 1991 1274 2018 ι

147 2055 175 2110 6.
192 2055 264 2111 llaec
278 2054 366 2127 plena
388 2055 562 2111 humilitatis
585 2057 665 2127 sunt,
690 2058 729 2127 et,
752 2060 785 2112 ut
805 2056 944 2130 arbitror,
1037 2056 1065 2111 e.
1082 2054 1162 2130 Ergo
1179 2057 1206 2112 si
1221 2057 1284 2113 vult
1299 2057 1455 2128 Dominus,
1472 2061 1584 2113 certum
1595 2058 1731 2131 estquod
1740 2058 1833 2116 nullus

112 2142 406 2217 plenaati'ectusejus
417 2145 681 2217 quemimperatori
693 2144 945 2204 debetsaccrdos.
1003 2145 1139 2201 obsistat.
1156 2144 1284 2211 Quodsi
1311 2146 1407 2202 adhuc
1435 2151 1537 2202 nostre
1553 2146 1650 2205 dillert
1666 2149 1831 2220 certamina,

112 2233 172 2291 Sed
186 2233 256 2307 qnia
273 2255 285 2282 α
302 2233 381 2289 lucta
395 2234 483 2290 nobis
494 2236 541 2290 est
551 2249 610 2291 non
620 2233 872 2292 sclumadrersus
883 2253 947 2293 cer·
1002 2234 1074 2306 quid
1088 2235 1254 2290 veremini?
1273 2234 1399 2291 Servum
1417 2235 1527 2291 Christi
1541 2253 1601 2292 non
1617 2237 1756 2292 custodia
1771 2254 1831 2293 cor·

113 2337 182 2380 nem
195 2326 225 2379 et
239 2323 437 2396 sanguinem3
460 2323 627 2396 sedetiam,
644 2324 724 2396 quod
746 2325 870 2398 gravius
890 2328 947 2398 esi,
1002 2323 1125 2395 peratis,
1142 2324 1196 2379 sod
1213 2324 1328 2380 Domini
1342 2325 1528 2396 providentia
1550 2327 1649 2397 sepire
1671 2327 1831 2383 consuevit

113 2412 646 2486 adversusspiritalianequitiae,quae
656 2415 764 2469 suntin
774 2414 947 2472 coelestibus
1039 2410 1083 2468 10.
1101 2413 1223 2468 Turbati
1238 2414 1390 2487 estisquie
1400 2417 1517 2486 apertas
1533 2415 1691 2487 reperistis
1703 2417 1832 2489 geminas

112 2501 237 2575 (Epioe.
250 2518 291 2572 vr,
307 2500 364 2574 11),
381 2525 393 2552 a
409 2504 536 2559 tentator
550 2502 600 2558 ilie
624 2502 761 2559 diabolas
785 2520 840 2576 per
858 2503 949 2560 mini·
1003 2500 1096 2573 iores,
1113 2516 1189 2574 quas
1205 2503 1309 2574 captus
1325 2503 1420 2559 oculis
1444 2503 1573 2576 quidam,
1590 2504 1661 2559 dum
1676 2504 1831 2576 hospitium

113 2591 948 2667 strossuoscertamenauget,vulneribuscorporismei
1003 2591 1157 2662 proprium
1167 2592 1281 2663 repetit,
1293 2591 1472 2662 patefecisse
1483 2595 1674 2649 memoratur.
1684 2593 1718 2649 ln
1727 2609 1832 2667 quoco-

113 2682 327 2755 experiendum
337 2682 504 2740 arbitratur.
517 2682 596 2754 Scio,
608 2682 726 2754 tratres,
738 2682 861 2739 vulnera
871 2682 947 2755 hoeo,
1003 2680 1142 2752 gnoscite
1161 2679 1240 2751 quod
1259 2680 1333 2735 nihil
1348 2679 1530 2754 suffragetur
1548 2682 1678 2737 humana
1692 2682 1830 2738 custodia.

113 2787 182 2846 quae
195 2786 250 2844 pro
264 2769 384 2827 Christo
398 2771 575 2844 excipimus,
587 2788 647 2828 non
657 2787 727 2828 esse
737 2771 871 2844 vulnera,
883 2772 949 2845 qui·
1005 2767 1083 2833 Ecce
1098 2785 1176 2824 unus
1191 2769 1242 2841 qui
1255 2769 1376 2825 videndi
1391 2786 1499 2825 munus
1515 2770 1623 2841 amisit,
1633 2771 1726 2827 solvit
1740 2775 1830 2828 vestra

112 2860 172 2920 bus
185 2861 246 2917 vita
260 2876 320 2917 non
334 2860 476 2917 emittitur
489 2861 557 2935 (60),
573 2861 628 2918 sed
642 2864 834 2935 propagatur.
843 2861 946 2933 Sinite,
1004 2858 1144 2913 universa
1163 2859 1335 2930 munimina,
1356 2863 1385 2915 et
1404 2860 1556 2915 custodias
1575 2860 1663 2917 lusit:
1694 2860 1829 2917 Dominus

115 2965 231 3024 quaeso,
241 2964 311 3007 esse
320 2953 489 3007 certamen:
505 2953 690 3023 spectatores
700 2966 755 3008 vos
767 2967 837 3008 esse
851 2952 947 3008 decet.
1004 2950 1102 3003 antem
1121 2963 1186 3003 suec
1204 2949 1419 3004 misericordie
1449 2949 1613 3005 custodiam
1644 2965 1704 3006 non
1731 2949 1830 3004 amisit.

113 3038 307 3098 Considerate
322 3041 391 3114 quia
407 3041 434 3097 si
450 3040 570 3113 quidem
584 3040 672 3097 habet
684 3041 788 3098 civitas
799 3040 949 3098 veiathle-
1005 3036 1112 3093 Nonne
1127 3040 1193 3093 ante
1208 3037 1341 3109 biduum,
1357 3041 1389 3092 ut
1403 3037 1591 3109 meministis,
1607 3039 1696 3093 ctiam
1710 3038 1782 3095 illud
1795 3053 1830 3094 re

113 3131 184 3202 tam,
198 3130 247 3187 rel
260 3130 383 3187 alterius
391 3130 502 3187 nobilis
512 3130 584 3187 artis
600 3131 736 3202 peritam,
748 3134 828 3203 optat
842 3130 949 3188 olierre
1005 3129 1121 3196 partum
1135 3129 1192 3198 esi,
1208 3128 1287 3199 quod
1302 3143 1319 3181 a
1333 3129 1416 3199 parte
1435 3127 1510 3182 laeva
1529 3127 1665 3183 basilion
1680 3127 1829 3201 ingressus

35 3247 42 3261 ·
114 3220 279 3278 certamini.
291 3219 351 3277 Cur
363 3221 395 3277 in
406 3220 572 3294 majoribus
583 3220 675 3276 rebus
685 3221 858 3292 repudietis,
869 3221 950 3294 quod
1006 3215 1124 3287 quidam
1140 3217 1262 3287 pervius
1278 3216 1343 3287 tuit,
1359 3231 1447 3289 quem
1462 3216 1609 3287 putabatis
1620 3217 1757 3273 clausum
1772 3231 1830 3273 esse

114 3311 164 3369 vei
177 3311 209 3366 in
224 3311 391 3367 minoribus
405 3311 482 3367 velle
497 3312 693 3368 consuestis?
707 3310 773 3367 Non
791 3311 894 3367 metuit
908 3326 954 3366 ar·
1005 3309 1092 3379 atque
1101 3307 1265 3363 munitum?
1275 3306 1438 3378 Sepsorant
1446 3323 1551 3378 nempe
1560 3309 1665 3363 armati
1674 3308 1829 3377 basilicam,

96 3470 99 3475 Δ
114 3416 174 3472 me,
189 3415 250 3457 non
263 3399 421 3473 barbaros,
436 3401 487 3475 qui
502 3402 627 3457 mortem
637 3415 697 3456 non
706 3399 799 3472 timet,
810 3400 862 3473 qui
871 3400 952 3456 nulla
1006 3395 1200 3465 explorabant
1215 3395 1272 3452 hos
1286 3399 1375 3468 atque
1395 3396 1462 3451 illos
1482 3394 1600 3454 aditus:
1629 3398 1761 3454 caecitate
1773 3411 1830 3468 per·

116 3490 218 3548 carnis
231 3491 381 3563 voluptate
395 3492 549 3549 retinetur.
1006 3483 1067 3540 iusi
1082 3487 1162 3556 sant,
1171 3487 1203 3541 ut
1217 3484 1296 3558 quod
1307 3488 1511 3557 apertumerat
1520 3486 1622 3542 ridere
1632 3502 1692 3542 non
1702 3487 1828 3558 possent:

150 3579 179 3637 'i.
189 3580 276 3638 Certe
287 3582 314 3638 si
322 3581 467 3640 Dominus
478 3580 548 3638 huic
558 3596 615 3638 nos
626 3579 780 3637 certamini
790 3578 951 3653 deputavit,
1006 3574 1105 3646 itaque
1120 3574 1329 3646 perplurimas
1354 3577 1458 3630 noctes
1482 3575 1562 3647 quod
1585 3578 1721 3646 apertum
1744 3573 1827 3644 iaedi,

115 3670 229 3729 trustra
242 3671 406 3746 perdtdles
419 3674 462 3729 tot
475 3670 615 3728 noctibus
630 3672 660 3726 et
673 3670 781 3727 diebus
797 3668 950 3727 custodias
1007 3679 1068 3719 non
1081 3663 1237 3736 ignoretis.
1255 3663 1387 3720 Desinite
1403 3680 1476 3737 ergo
1499 3664 1672 3735 sollicitari,
1701 3663 1827 3738 quiahoc

116 3744 335 3818 exhibuistidet
345 3758 951 3833 excubias:implebiturchristivotunas.
970 3761 972 3765 ·
1008 3753 1073 3822 erit,
1090 3753 1168 3825 quod
1182 3750 1322 3809 Christus
1336 3752 1432 3824 iubet,
1450 3755 1479 3808 et
1496 3753 1576 3824 quod
1591 3768 1661 3808 esse
1677 3752 1799 3825 expedit·

117 3849 311 3921 Omnipotens
321 3849 401 3906 enim
411 3850 825 3920 nosterestDominustesus,
835 3848 957 3905 haeceet
1045 3841 1088 3898 ll.
1106 3841 1239 3914 Denique
1253 3842 1388 3913 exempla
1401 3841 1489 3898 vobis
1505 3841 1582 3914 legis
1597 3841 1757 3912 proteram.
1779 3838 1825 3896 Eti-

118 3938 195 3995 tides
203 3940 323 4011 nostra:
338 3940 444 3997 etideo
454 3941 534 4013 quod
544 3939 609 3996 tieri
624 3939 753 4011 mandat,
764 3939 953 4011 implebitur3
1010 3930 1824 4004 soensquaerebaturaregestris,missusoratexercitns

118 4044 175 4087 neo
189 4028 329 4086 convenit
343 4045 400 4086 nos
415 4029 524 4085 divinae
539 4028 597 4102 (61)
613 4028 735 4085 obviare
750 4027 917 4084 sententies.
1011 4020 1061 4093 qui
1077 4035 1145 4075 eum
1157 4021 1285 4091 caperet,
1297 4020 1536 4075 circumvallatus
1547 4023 1608 4075 etat
1619 4021 1767 4100 undique:
1780 4032 1823 4073 ⁰&

153 4117 182 4175 0.
197 4117 333 4175 Audistis
346 4118 428 4190 quod
442 4117 531 4173 hodie
546 4117 655 4173 lectum
679 4117 736 4172 sit:
762 4117 880 4172 Pullum
895 4115 954 4170 sibi
1011 4110 1052 4180 pit
1067 4109 1170 4165 timere
1185 4107 1252 4179 ejus
1268 4109 1408 4164 servulus
1421 4125 1428 4177 3
1455 4109 1524 4180 quie
1538 4109 1680 4165 servulus
1699 4113 1769 4178 erat,
1781 4106 1823 4162 hot

119 4207 213 4265 asinae
221 4206 358 4264 Salvator
364 4222 419 4279 per
430 4207 585 4279 apostolos
597 4205 692 4279 jussit
705 4205 822 4274 adduci,
832 4203 955 4259 manda·
1011 4200 1067 4270 est,
1080 4214 1140 4254 non
1149 4201 1210 4254 erat
1218 4197 1320 4254 liberae
1331 4198 1440 4253 mentis
1455 4201 1483 4253 et
1492 4198 1596 4254 liboree
1605 4200 1767 4269 potestatis.
1779 4196 1822 4250 Pa·

117 4297 220 4371 vitque
233 4298 266 4353 ut
280 4296 308 4354 si
323 4297 392 4370 quis
402 4297 558 4353 resisteret
568 4295 636 4367 (61),
648 4294 813 4351 diceretur:
831 4291 955 4348 «Domi
1011 4287 1076 4342 tivit
1099 4287 1208 4358 operiri
1227 4286 1294 4360 ejus
1311 4287 1415 4344 oculos
1431 4290 1554 4342 sanctus
1573 4287 1728 4359 propheta,
1743 4288 1769 4342 et
1779 4282 1822 4338 ait:

119 4402 178 4445 nus
193 4402 316 4461 operam
333 4386 403 4460 eius
422 4385 571 4444 desiderat
585 4384 668 4456 (Luc.
685 4401 748 4454 xix,
763 4383 829 4448 eet:
847 4404 859 4431 ι
880 4380 957 4447 Quid
1016 4398 1027 4425 a
1046 4377 1184 4447 Respice,
1201 4379 1231 4432 et
1243 4376 1312 4433 vide
1333 4380 1443 4448 quanto
1458 4377 1559 4448 plures
1584 4377 1644 4431 siut
1667 4391 1722 4448 pro
1743 4371 1821 4435 nobis,

119 4477 148 4535 si
162 4480 192 4534 et
199 4493 279 4534 nunc
288 4476 401 4550 pallum
417 4476 507 4531 istum
521 4475 626 4545 asinae,
638 4474 697 4531 hoc
707 4474 762 4545 est,
773 4471 841 4545 ejus
849 4472 960 4526 anima·
1014 4480 1102 4537 quam
1116 4468 1218 4521 contra
1237 4480 1292 4521 nos
1312 4465 1372 4535 (IV
1383 4465 1458 4538 liep.
1474 4482 1514 4536 vr,
1531 4465 1586 4536 16).
1606 4488 1617 4512 a
1643 4464 1679 4520 Et
1702 4457 1820 4535 respexit,

119 4566 161 4625 lis
173 4567 255 4640 quod
268 4581 392 4641 marem
408 4565 555 4621 sarcinam
569 4566 688 4636 portare
703 4560 869 4631 consuevit,
880 4538 997 4615 sicutD
1013 4558 1042 4610 et
1056 4553 1130 4609 vidit
1143 4553 1316 4626 angelorum
1338 4553 1439 4608 millia.
1456 4553 1636 4608 Advertistis
1660 4553 1749 4625 igitur
1761 4542 1820 4622 quoi

122 4658 170 4713 est
184 4656 312 4713 humana
327 4654 467 4727 conditio,
484 4655 532 4711 eui
547 4653 655 4710 dieitur
671 4668 678 4709 ς
697 4674 710 4702 ι
727 4651 832 4707 Venite
845 4649 883 4705 ad
900 4663 956 4721 me,
1014 4642 1152 4699 servulos
1161 4641 1271 4697 Christi
1280 4643 1300 4696 ii
1312 4643 1408 4714 inagis
1420 4642 1596 4711 custodiant,
1610 4642 1661 4713 qui
1669 4658 1728 4697 non
1739 4638 1820 4693 videa·

124 4759 230 4802 omnes
244 4745 295 4818 qut
309 4744 462 4816 taboram,
479 4746 509 4800 et
528 4743 642 4800 onerati
663 4742 747 4813 estis,
772 4742 801 4796 et
824 4755 881 4813 08⁰
902 4753 958 4794 vos
1014 4734 1071 4803 tur,
1082 4747 1170 4803 qaam
1180 4732 1231 4804 qui
1242 4731 1388 4786 videntur.
1397 4730 1455 4786 Sed
1466 4733 1494 4785 et
1505 4730 1547 4784 illi
1559 4731 1585 4784 si
1597 4730 1821 4797 custodiantret·

125 4832 276 4892 relicum:
292 4833 615 4909 tollitejugammeum,
625 4832 694 4905 qnia
704 4831 770 4888 leve
781 4827 958 4903 est(Matth.
1013 4821 1246 4878 trisoustodiunt
1253 4820 1437 4877 orationibus
1447 4819 1598 4876 advocati:
1610 4818 1729 4893 legistis
1737 4822 1818 4882 nempe

163 5123 222 5198 (66)
235 5120 346 5179 Omnes
360 5119 441 5192 edit,
460 5144 472 5171 ι
489 5122 589 5179 multis
611 5120 678 5177 aliis
691 5119 830 5189 tentavit:
856 5137 868 5169 a
885 5132 960 5173 mss.
1016 5108 1183 5166 suaminter
1191 5108 1361 5164 ornamenta
1368 5097 1818 5162 numerabantur.Scdhaeciusitt

129 5193 275 5266 nonnulli,
292 5215 303 5245 ι
320 5191 421 5248 multis
436 5194 577 5264 hahuit:
600 5214 611 5246 ι
627 5193 677 5249 alii
692 5193 783 5249 multo
798 5191 909 5263 plures,
927 5203 962 5245 ac
1015 5182 1052 5237 ed
1066 5181 1118 5236 lib.
1135 5178 1269 5270 {11‚0ffi⁰·
1286 5195 1349 5248 ⁰³9·
1366 5177 1590 5260 28‚‚¹¹1111¹·,¹35‚
1607 5176 1750 5258 96101010
1762 5164 1819 5226 ⁵⁰⁸²·

129 5272 208 5329 notae
237 5267 373 5355 potioris,
400 5288 411 5317 ι
437 5266 539 5323 multis
563 5265 610 5323 his
632 5265 763 5333 tentavit,
786 5286 797 5315 ι
824 5260 963 5318 nimirum
1052 5252 1108 5322 (60)
1124 5252 1199 5334 hdrt.
1217 5265 1330 5319 omnes,
1346 5271 1356 5298 ι
1374 5249 1553 5330 quihusvrta
1566 5249 1821 5330 amiticiam-111⁸}-

131 5357 267 5416 00rp0rts
295 5339 481 5396 vulneribus.
507 5338 584 5394 Nam
608 5338 686 5410 quod
709 5335 866 5407 subjungit
890 5356 901 5383 ι
927 5331 963 5387 ad
1017 5340 1033 5380 e
1056 5326 1244 5405 contrarie«
1267 5337 1327 5403 non
1347 5323 1497 5374 amittitur.
1517 5339 1528 5368 ι
1551 5318 1747 5401 ΜοΙιοοχὴιο
1765 5318 1822 5369 catti

129 5419 314 5489 postmmum
341 5414 527 5484 potestatem,
548 5413 647 5479 etQ.
673 5406 765 5478 hujus
794 5404 964 5460 tentationis
1018 5395 1244 5475 conjunctiones
1260 5408 1367 5463 quippe
1383 5392 1430 5446 vel
1446 5390 1780 5473 utpotosabaudiuniar.

130 5487 266 5560 probatio
281 5486 337 5553 est,
353 5499 413 5539 non
426 5483 550 5539 alterius
566 5478 733 5550 explicatio,
1065 5466 1194 5537 fittMSS·
1206 5464 1348 5546 aliquot„
1362 5456 1825 5545 11090011V0111tlt03tl¹v¹⁰ffl2¹⁰¹⁰·

167 5557 225 5631 (59)
234 5557 325 5613 Erant
333 5554 363 5609 in
374 5554 519 5609 Ecclesiis
527 5550 586 5605 duo
596 5561 737 5602 vasorum
746 5560 866 5617 genera,
878 5546 963 5600 inan·
1066 5538 1112 5607 61)
1124 5538 1194 5591 Haec
1206 5536 1323 5606 quidem
1338 5534 1427 5588 lectio
1443 5534 1595 5613 Dcmrmuca
1610 5520 1829 5615 Psimarumertt

155 5631 306 5684 aratorum
317 5625 443 5695 scilicet,
459 5638 527 5697 quae
543 5618 640 5676 sacris
654 5615 805 5688 mysteriis
821 5616 966 5671 inservie-
1018 5609 1147 5738 Eropria,
1160 5608 1212 5690 sed
1223 5623 1289 5661 cum
1301 5607 1403 5688 eudem
1416 5620 1485 5686 casa
1502 5606 1624 5658 recitata
1637 5603 1716 5687 antra
1726 5602 1829 5664 drettlh

132 5642 215 5769 gent,
239 5696 269 5750 ot
289 5708 393 5756 eorum
414 5710 482 5775 quis
503 5692 624 5767 propter
651 5685 778 5765 pretium
802 5689 852 5745 aut
872 5689 965 5746 artem
1040 5698 1084 5740 aec
1098 5696 1134 5738 eo
1149 5679 1196 5736 dte
1210 5677 1287 5735 iacta
1302 5677 1398 5732 tuisse
1413 5675 1482 5731 hinc
1496 5690 1557 5731 non
1572 5677 1722 5747 sequatur.
