3900 6128
103 263 168 331 783.

823 255 856 318 S.
878 248 1099 320 nueaostt.

1778 250 1839 318 784

105 463 185 520 enim
202 475 241 516 ex
261 456 360 529 aliquo
380 458 435 523 est,
455 458 504 511 aut
519 471 556 511 ex
576 455 742 511 substantia
766 457 821 525 est,
839 457 888 510 aut
902 445 983 510 exA
1032 455 1082 526 qui
1091 453 1200 526 saepius
1214 457 1352 508 creatur:
1363 451 1439 524 qnod
1453 466 1527 508 sane
1540 450 1602 508 dici
1618 466 1676 507 non
1686 456 1785 523 potest
1802 465 1837 505 ac

102 553 247 623 potestate
265 547 342 616 ejus.
361 545 404 599 Ex
416 545 591 609 substantia,
602 545 679 600 sicut
694 545 796 606 Filius,
815 546 866 615 qui
878 545 939 598 ait:

106 639 177 693 «Ex
190 652 241 692 ore
252 635 398 689 Altissimi
410 634 526 705 prodivi
545 634 651 700 (Eccli.
671 651 752 704 xxiv,
767 635 794 703 5)
808 649 815 703 3
834 656 845 681 ι
864 633 941 686 sicut

104 726 244 799 Spiritus,
265 748 275 772 ι
294 724 393 795 quiaa
418 723 502 778 Patre
527 723 659 794 procedit
673 723 768 793 (dean.
790 738 840 790 xv,
856 719 939 791 arip»

108 817 144 871 de
161 831 219 887 quo
231 814 302 868 dicit
319 812 429 868 Filius:
451 835 461 859 ι
480 812 530 866 llle
551 827 597 867 me
614 810 805 878 clar·ilicabit;
822 807 942 880 quiade

107 920 173 960 meo
185 903 311 974 accipiet
322 926 332 948 ι
346 901 440 969 (dean.
453 917 515 970 xvi,
526 901 580 971 14).
596 922 607 951 ι
623 900 666 955 Ex
677 902 820 972 potestate
834 902 941 965 autem,

107 995 182 1048 sicut
200 991 272 1047 illud
287 994 350 1046 est:
369 1012 380 1037 ι
400 990 484 1045 Unus
501 989 581 1045 Deus
599 989 695 1060 Pater,
712 1004 750 1043 ex
771 985 943 1059 quaomnia

107 1082 135 1154 (I
151 1086 291 1150 Comvru,
308 1077 345 1148 6)·
367 1102 378 1126 ιι

142 1170 187 1240 48,
197 1168 350 1235 Quomodo
365 1182 439 1240 ergo
456 1166 485 1221 in
500 1169 584 1221 utero
601 1165 703 1221 habuit
718 1165 808 1220 Maria
823 1179 861 1220 ex
876 1162 944 1233 Spi-

106 1259 165 1317 ritu
181 1259 307 1314 sanciat
321 1256 352 1313 Si
368 1256 456 1328 quasi
472 1272 510 1310 ex
525 1256 700 1318 substantia,
725 1269 799 1326 ergo
814 1252 944 1323 Spiritus

108 1349 139 1405 in
153 1363 272 1404 carnem
286 1349 314 1401 et
330 1361 401 1402 ossa
418 1361 585 1400 conversus
601 1346 669 1400 est‘?
700 1343 767 1399 Nou
784 1343 896 1413 utique.
912 1339 944 1395 Si

108 1437 194 1511 quasi
211 1453 249 1491 ex
264 1436 434 1507 operatione
449 1438 477 1490 et
491 1435 636 1506 potestate
653 1432 720 1504 ejus
733 1431 824 1504 Virgo
840 1443 946 1485 conce·

109 1528 162 1600 pit,
180 1526 247 1598 quis
264 1528 353 1597 neget
366 1523 507 1594 Spiritum
522 1522 708 1578 creatorem?

144 1614 190 1670 ll.
203 1613 277 1679 Quid
294 1613 475 1685 quodetiam
492 1611 547 1665 lob
565 1614 728 1665 creatorem
744 1622 831 1664 suum
849 1606 945 1678 Spiri-

113 1707 175 1759 tum
193 1703 347 1758 evidenler
362 1700 490 1755 ostendit
505 1700 625 1754 diceus:
646 1720 657 1745 ιι
674 1697 801 1768 Spiritus
817 1696 947 1765 divinus,

112 1792 162 1866 qui
180 1791 251 1847 iecit
265 1806 310 1845 me
326 1789 393 1860 (tob
409 1804 514 1857 xxxin,
534 1788 586 1857 t)‘?
604 1810 615 1836 ι
634 1786 669 1840 Et
693 1786 826 1841 divinum
849 1787 949 1855 utique

112 1886 139 1937 et
165 1884 329 1936 creatorem
353 1895 411 1933 uuo
437 1877 587 1932 versiculo
605 1875 829 1930 demonstravit.
850 1872 949 1946 [Alias

112 1987 176 2041 cap.
202 1970 262 2038 Vl.)
285 1968 316 2022 Si
334 1969 425 2038 igitur
448 1969 563 2020 creator
587 1969 633 2020 est
656 1965 794 2034 Spiritus,
820 1979 880 2018 nou
905 1966 951 2017 est

113 2060 215 2131 utique
233 2060 388 2124 creatura3
406 2058 571 2109 creaturam
588 2053 666 2108 caim
683 2052 845 2124 Apostolus
866 2067 952 2106 crea-

111 2152 267 2219 toremque
285 2146 387 2199 divisit
413 2144 537 2198 dicens:
572 2166 583 2189 ι
615 2142 786 2197 Servieruut
809 2144 952 2196 creatura

112 2237 317 2310 potiusquam
334 2231 468 2288 Creatori
484 2232 577 2303 (Itoni.
595 2247 614 2285 ι.
632 2231 687 2301 25).
706 2253 719 2280 ι

149 2326 193 2381 45.
212 2323 304 2379 Simul
336 2322 463 2378 creatori
493 2321 631 2375 admouet
661 2318 854 2375 serviendum
883 2318 951 2389 (ll),

114 2414 278 2471 damnando
288 2428 340 2467 eos
353 2413 402 2483 qui
421 2410 555 2466 serviunt
570 2414 723 2476 creaturis,
741 2425 807 2465 cum
822 2408 952 2463 Creatori

115 2504 271 2560 servitium
287 2502 459 2556 debeamus.
473 2499 509 2553 Et
517 2499 657 2569 quoniam
672 2497 846 2553 Creatorem
859 2496 953 2567 Spiri-

116 2597 179 2649 tum
208 2594 341 2657 noverat,
368 2590 454 2643 docet
482 2587 579 2642 eidem
608 2588 801 2643 serviendum
830 2586 952 2641 diceus:

118 2680 356 2748 allidetecaues,
367 2677 463 2731 videte
480 2676 573 2731 malos
592 2677 756 2747 operarios,
772 2677 868 2730 videte
885 2690 955 2729 eon-

117 2771 261 2826 cisiouem
274 2784 280 2822 :
298 2783 354 2821 uos
367 2766 444 2820 enim
456 2781 561 2820 sumus
573 2765 772 2836 circumcisio,
793 2765 842 2837 qui
858 2763 953 2835 Spiri-

116 2859 158 2915 tui
175 2859 226 2912 Dei
241 2857 297 2927 (ll)
309 2857 457 2911 servimus
473 2854 619 2926 (Pliilipp.
638 2871 679 2923 ru,
695 2852 722 2924 9,
740 2853 778 2923 3).
799 2878 810 2901 ι

155 2947 200 3003 lb.
213 2946 296 3013 Quod
308 2947 334 3000 si
346 2945 413 3016 quis
426 2944 461 2999 de
472 2944 645 2998 Latinorum
664 2944 800 2998 codicum
815 2942 955 2998 varietate

122 3036 282 3104 contendit,
293 3050 418 3107 quorum
429 3033 546 3105 aliquos
558 3033 664 3104 perfidi
674 3034 866 3102 falsaverunt,
878 3031 957 3088 Grae-

122 3142 175 3183 cos
185 3126 323 3198 inspiciat
336 3125 466 3191 codiceS,
480 3127 508 3178 et
525 3123 657 3177 advertat
672 3124 740 3194 quia
755 3123 796 3178 ibi
813 3123 956 3194 scriptum

121 3220 185 3272 est:
213 3217 238 3268 oi
258 3213 386 3288 llvn'ipoerr
406 3216 472 3265 Θεοῦ
493 3209 662 3286 )ατ)ιιύοντες,
685 3213 764 3284 quod
779 3214 955 3283 interpreta-

125 3309 174 3361 tur
195 3305 323 3360 lalinus:
344 3327 354 3351 ι
373 3304 424 3376 qui
438 3301 558 3373 Spiritui
576 3301 627 3355 Dei
644 3301 803 3356 servimus.
823 3325 834 3349 ιι

157 3395 203 3450 tr.
220 3393 299 3467 Ergo
330 3410 397 3448 cum
412 3391 603 3447 serviendum
632 3391 709 3445 dicat
728 3392 849 3461 Spiritui
879 3392 957 3447 idem

124 3483 297 3555 Apostolus,
315 3482 366 3554 qui
382 3498 440 3536 non
457 3483 612 3549 creaturae,
629 3479 683 3534 sed
709 3481 835 3535 creatori
849 3481 958 3536 asserit

122 3572 331 3640 serviendum3
347 3571 500 3626 evidenter
515 3571 615 3641 utique
633 3571 661 3624 et
677 3569 741 3640 ipsc
757 3573 893 3625 sanctum
908 3585 957 3626 os·

122 3662 214 3716 tendit
230 3662 370 3732 Spiritum
388 3663 561 3728 creatorem,
579 3662 607 3713 et
631 3659 663 3712 in
678 3662 797 3714 internae
822 3659 959 3714 divinita·

123 3750 163 3805 tis
178 3749 291 3804 honore
306 3750 526 3816 venerandum3
542 3748 611 3819 quia
627 3747 777 3818 Scriptum
790 3751 857 3804 est:
878 3772 889 3796 ι
902 3750 959 3805 Do·

125 3838 237 3892 minum
252 3838 345 3892 Deum
369 3842 450 3892 tuum
465 3837 615 3907 adorabis,
643 3839 672 3891 et
686 3837 745 3908 ipsi
761 3836 818 3894 soli
842 3840 959 3894 servies

125 3926 246 3997 (Matri.
262 3942 302 3997 iv,
319 3923 374 3997 to).
394 3950 404 3973 ιι

387 4050 460 4115 643
490 4058 616 4115 CAPUT
642 4059 688 4114 Vl.

127 4167 351 4242 objicientibus
361 4182 400 4222 ex
413 4165 615 4221 verbisAmos
626 4165 727 4220 creari
736 4165 892 4240 Spiritum,
908 4186 960 4225 re·

157 4240 362 4314 poniturlranc
380 4254 479 4294 vocem
496 4236 557 4291 illic
573 4236 799 4310 intellipendarn
814 4239 851 4294 de
864 4248 959 4313 vento,

161 4364 218 4437 (tt)
234 4364 355 4432 Quidam
373 4379 458 4432 mss,
479 4385 490 4409 ιι
514 4360 607 4416 Simul
630 4377 697 4415 cum
717 4364 843 4418 creatori
858 4365 961 4421 admo-

127 4443 177 4493 net
192 4438 395 4505 servieudum,
417 4433 600 4489 damnandos
624 4448 677 4487 eos
702 4435 840 4505 ostendit,
863 4438 959 4507 qui...

127 4510 311 4650 Et(quoniam
325 4512 440 4562 creator
450 4509 496 4560 est
507 4505 644 4575 Spiritus,
658 4521 713 4559 nos
731 4506 865 4575 addocet,
878 4513 933 4563 etc.
947 4529 958 4559 ι

1034 526 1276 598 Spiritnsancto:
1290 524 1452 597 quippequi
1458 524 1685 584 etaiternussib
1696 537 1837 577 neomar-

1035 593 1836 664 te,autlraereticainVatrenirefusioneresolvipossit.

1036 664 1838 738 QuodsiurpeantperricaciuseumdemlocuurdeSpi-

1034 740 1096 792 ritu
1102 745 1204 792 senecio
1211 739 1355 808 scriptum
1365 737 1470 806 tuisse,
1479 736 1791 792 docetrecorreudum
1803 734 1840 789 ad

1035 810 1272 880 expositionems
1292 808 1453 862 iritualem:
1464 806 1840 862 Cirristnmeaimadventn

1034 896 1087 935 suo
1096 883 1235 938 tonitrua.
1246 881 1256 933 i
1294 885 1350 947 est,
1362 878 1521 933 verborum
1532 878 1564 933 di
1569 879 1702 932 vinorum
1717 878 1776 931 vim
1785 876 1840 931 Dr·

1035 951 1185 1014 mavisse,·
1200 966 1256 1031 per
1271 949 1418 1021 Spiritum
1434 955 1530 1003 autern
1547 949 1703 1004 burianam
1715 949 1841 1003 animam

1035 1020 1215 1093 signiticari,
1231 1022 1309 1075 sicut
1325 1026 1355 1074 et
1369 1036 1515 1074 caruema
1528 1019 1651 1075 cbristo
1661 1027 1839 1090 susceptam.

1034 1091 1130 1164 Hujus
1138 1107 1229 1162 porro
1240 1108 1303 1146 cnm
1313 1091 1452 1163 quaelibet
1465 1090 1759 1162 Trinitatispersona
1771 1105 1841 1145 rere

1036 1165 1078 1218 sit
1087 1164 1234 1232 creatrix,
1247 1163 1318 1218 iude
1329 1163 1478 1216 astruitur
1488 1162 1635 1233 Spiritum
1642 1161 1789 1216 similiter
1799 1161 1842 1214 in·

1037 1233 1223 1289 carnationis
1251 1233 1371 1288 Domini
1394 1242 1544 1288 auctorem
1576 1248 1645 1288 esse
1669 1233 1719 1305 qui
1743 1247 1844 1288 reruni

1038 1305 1166 1361 omnium
1183 1305 1376 1377 creatorjam
1393 1312 1462 1359 ante
1478 1313 1615 1359 assertus
1629 1311 1686 1359 est.

1038 1393 1082 1448 t8.
1099 1391 1197 1463 (Alias
1214 1408 1277 1463 cap.
1294 1391 1365 1462 Vll).
1383 1391 1446 1448 Nec
1463 1407 1508 1447 ine
1524 1393 1656 1464 praeterit
1678 1391 1840 1449 haereticos

1003 1482 1154 1554 obiectare
1164 1481 1361 1537 consuevisse
1374 1481 1442 1536 ideo
1450 1481 1546 1536 videri
1559 1484 1690 1537 creatum
1701 1481 1845 1552 Spiritum

1003 1575 1150 1640 sanctum,
1182 1571 1250 1643 quia
1276 1569 1410 1642 plerique
1435 1585 1539 1626 eorum
1567 1571 1605 1626 ad
1634 1574 1845 1643 argumentum

1003 1659 1174 1716 astruendae
1199 1676 1263 1715 sure
1279 1658 1438 1730 impietatis
1466 1659 1639 1715 adsciscunt
1663 1658 1749 1728 illud,
1765 1659 1843 1730 quod

1005 1751 1096 1804 Amos
1112 1749 1148 1803 de
1164 1749 1233 1802 Actu
1248 1752 1404 1803 ventorum
1427 1748 1546 1804 locutus
1562 1753 1617 1816 est,
1635 1752 1666 1803 ut
1691 1748 1758 1815 ipse
1774 1763 1844 1819 pro·

965 1822 1141 1910 preticus
1157 1853 1257 1893 sermo
1273 1837 1412 1893 declarat.
1430 1837 1479 1892 Sic
1500 1837 1579 1892 euim
1595 1837 1709 1893 habes:
1737 1857 1749 1888 ιι
1769 1836 1843 1892 Ecce

1005 1943 1062 1999 ego
1079 1927 1200 1982 lirmans
1216 1926 1387 1996 tonitruum,
1404 1931 1433 1982 et
1449 1942 1555 1981 creans
1570 1927 1720 1998 spiritum,
1732 1929 1763 1980 et
1772 1942 1841 1981 uun·

1006 2017 1083 2071 tiaris
1099 2017 1130 2070 in
1146 2016 1282 2071 homiues
1297 2014 1448 2071 Christum
1464 2031 1561 2086 suum,
1579 2015 1694 2070 taciens
1709 2013 1807 2070 lucem
1818 2017 1843 2070 et

1006 2105 1153 2176 nebulam,
1172 2110 1201 2160 et
1221 2106 1389 2160 ascendens
1418 2120 1509 2175 super
1536 2104 1667 2173 excelsa,
1701 2103 1842 2160 Dominus

1007 2194 1088 2249 Deus
1103 2195 1290 2265 omnipotens
1306 2210 1413 2249 nomeu
1429 2198 1476 2249 est
1490 2195 1518 2249 ei
1533 2195 1637 2263 (Amos
1654 2210 1695 2264 rv,
1712 2191 1769 2263 18).
1789 2215 1800 2241 ι

1044 2283 1089 2338 to.
1101 2283 1133 2338 Si
1151 2283 1220 2338 hinc
1243 2283 1354 2338 iaciunt
1377 2284 1582 2355 quaestionem,
1607 2283 1688 2354 quod
1714 2287 1843 2337 creatum

1008 2372 1149 2444 Spiritum
1164 2371 1246 2437 dixit,
1275 2372 1343 2444 quia
1368 2376 1486 2427 creatur
1507 2371 1634 2443 Spiritus
1659 2370 1776 2426 Esdras
1791 2386 1843 2426 nos

1009 2461 1118 2530 docuit,
1136 2460 1239 2515 diceus
1265 2461 1295 2515 in
1319 2467 1425 2532 quarto
1449 2461 1525 2516 libro
1549 2460 1622 2531 (l3):
1657 2459 1723 2514 «Et
1747 2460 1777 2514 in
1801 2459 1845 2514 die

1010 2550 1142 2606 secundo
1164 2551 1272 2604 iterum
1294 2550 1404 2604 creasti
1429 2550 1564 2621 spiritum
1591 2548 1771 2604 ssi·uiamenti
1794 2547 1847 2619 (IV

1010 2639 1103 2694 Esdr.
1115 2653 1155 2706 vr,
1172 2638 1237 2709 tl);
1258 2661 1268 2685 ι
1286 2641 1382 2692 tamen
1407 2641 1437 2692 ut
1460 2637 1621 2709 propositis
1644 2637 1845 2692 iuhaereamus

1011 2728 1067 2796 (ll)
1083 2727 1130 2782 bis
1145 2727 1282 2781 videlicet
1297 2741 1364 2798 quaa
1378 2727 1471 2783 Amos
1487 2727 1569 2797 dixit,
1583 2741 1682 2782 noune
1693 2726 1846 2781 evidenter

1011 2817 1157 2871 dictorum
1171 2815 1346 2870 testificatur
1360 2816 1456 2871 series
1467 2817 1503 2871 de
1515 2816 1603 2871 istius
1618 2821 1756 2871 ereatura
1766 2831 1846 2871 mun·

1011 2906 1040 2961 di
1056 2905 1185 2961 locutum
1196 2904 1393 2975 prophetam?

1046 2995 1091 3051 ot.
1117 2995 1250 3066 lienique
1267 2997 1304 3050 ita
1320 2996 1426 3066 caepit:
1453 3017 1464 3045 ι
1481 2993 1545 3067 Ego
1562 2990 1707 3052 Dominus
1725 2994 1847 3051 firmana

1011 3083 1182 3153 tonitruum,
1192 3087 1221 3138 et
1231 3098 1337 3139 creans
1346 3084 1493 3154 spiritum.
1504 3084 1571 3155 lpse
1582 3085 1654 3139 ordo
1663 3100 1722 3139 nos
1733 3085 1846 3155 doceat,

971 3178 1080 3250 cuam
1094 3173 1121 3227 si
1136 3172 1172 3228 de
1188 3172 1298 3243 Spiritu
1313 3176 1418 3228 sancto
1438 3172 1538 3228 dicore
1553 3173 1711 3244 voluisset,
1737 3188 1798 3229 non
1813 3172 1847 3228 de

1012 3262 1139 3319 tonitrus
1149 3262 1250 3333 utique
1258 3262 1466 3332 praemisisset.
1478 3261 1582 3334 Neque
1591 3262 1669 3317 euim
1679 3262 1846 3335 antiquiora

1013 3354 1140 3407 tonitrua
1155 3356 1224 3406 sunt
1238 3367 1325 3422 quam
1341 3351 1468 3422 Spiritus
1484 3355 1626 3408 sanctus:
1643 3352 1783 3424 quamvis
1795 3351 1846 3406 im·

1013 3441 1053 3513 pii
1069 3442 1139 3509 siat,
1155 3443 1252 3494 tamen
1267 3439 1296 3494 id
1312 3455 1370 3495 nou
1385 3440 1493 3495 audent
1517 3440 1626 3496 dicere.
1654 3440 1768 3496 Deinde
1783 3455 1848 3495 cum

1014 3528 1183 3601 subpactum
1192 3530 1345 3585 videamus
1356 3544 1426 3584 esse
1441 3530 1478 3584 de
1494 3530 1560 3585 luce
1570 3532 1599 3585 et
1612 3528 1734 3599 nebula,
1752 3542 1848 3584 nonne

1014 3619 1265 3674 manifestumest
1294 3618 1373 3691 quod
1388 3619 1424 3673 de
1453 3623 1587 3674 creatura
1608 3619 1711 3673 muudi
1741 3619 1849 3673 dictum

1015 3708 1240 3780 intelligendum
1263 3709 1326 3762 sit?
1355 3707 1427 3764 Cum
1442 3709 1521 3763 enirn
1549 3709 1623 3764 llnnt
1651 3707 1850 3780 aliquetem·

1015 3801 1146 3868 pestates
1161 3797 1249 3852 istius
1277 3797 1388 3866 muudi,
1404 3797 1573 3868 praecedere
1600 3798 1741 3868 tonitrua,
1766 3795 1851 3869 sequi
1885 3842 1887 3846 .

1014 3888 1170 3941 ventorum
1186 3886 1284 3957 llatus,
1298 3886 1405 3942 coelum
1417 3886 1535 3942 nebulis
1547 3885 1687 3959 caligare,
1701 3884 1799 3942 lucem
1809 3901 1888 3941 re·-

1016 3975 1098 4030 iundi
1108 3990 1147 4029 ex
1156 3974 1300 4046 tenebris,
1311 3975 1378 4046 ipso
1387 3991 1445 4031 usu
1461 3976 1644 4047 quotidiano,
1655 3976 1851 4048 exemploque
1863 3991 1888 4026 ε

1016 4065 1238 4137 cognoscimus.
1250 4063 1324 4119 Nam
1340 4066 1428 4121 etiam
1444 4065 1531 4120 ttatus
1547 4070 1704 4121 ventorum
1728 4066 1888 4137 spiritus:

1016 4154 1133 4224 dicitur,
1149 4153 1227 4209 sicut
1241 4154 1384 4225 scriptum
1399 4156 1462 4210 est:
1482 4177 1493 4202 ι
1511 4155 1594 4227 Ignis
1618 4157 1647 4210 et
1663 4153 1803 4227 sulphur,
1825 4152 1888 4208 eli

1016 4243 1143 4315 Spiritus
1160 4243 1299 4314 procellae
1316 4243 1411 4314 (Psal.
1429 4261 1458 4311 x,
1475 4243 1514 4314 Ἰ).
1534 4267 1544 4291 ι

1016 4384 1069 4439 pro
1084 4391 1094 4417 ι
1108 4368 1228 4439 Spiritui
1247 4368 1311 4438 Dei,
1333 4392 1344 4416 ιι
1364 4366 1589 4440 reposuerint«
1608 4366 1721 4439 Spiritu
1740 4367 1821 4425 Deo:
1839 4385 1888 4415 ι-

1016 4441 1122 4495 deiude
1138 4456 1208 4495 vero
1231 4440 1391 4512 legitimam
1408 4456 1478 4495 esse
1502 4440 1659 4495 lectionem
1684 4455 1777 4512 quam
1791 4455 1889 4494 ain-

976 4512 1181 4610 „plectimur
1199 4511 1273 4566 Nam
1289 4511 1357 4566 licet
1373 4511 1457 4566 Erus.
1475 4511 1543 4566 edit.
1561 4516 1670 4583 etseq.
1686 4526 1747 4568 nou
1762 4521 1889 4566 secun

192 4580 275 4649 bilta
305 4595 378 4634 mss·
410 4580 543 4647 sellfflni
573 4591 677 4630 ⁰m¹¹0⁸
704 4580 800 4632 aulem
830 4580 899 4633 edil·
925 4597 960 4634 ⁸0
1016 4608 1050 4648 oc
1067 4608 1140 4646 mss.
1157 4592 1268 4663 aliquot
1282 4591 1403 4647 Graecas
1418 4605 1510 4647 voces
1525 4592 1565 4646 ita
1579 4589 1714 4663 efferant,
1736 4591 1762 4644 oi
1773 4590 1889 4644 unte

127 4651 215 4723 pauci
230 4667 315 4720 mss,
334 4672 345 4701 ι
365 4649 487 4719 Spiritui
504 4647 583 4718 De03
611 4670 621 4694 ιι
640 4647 690 4701 alii
711 4648 838 4721 denique
864 4651 961 4707 adbuc

128 4723 295 4793 pauciores,
315 4744 326 4768 ιι
345 4722 454 4792 Spiritu
471 4720 541 4773 Deo.
562 4720 772 4791 »Augustinus
782 4721 899 4792 quidem
909 4723 959 4778 lib.

128 4810 171 4861 ιιι,
194 4793 278 4846 Gont.
300 4793 373 4846 duas
390 4792 488 4862 Epist.
511 4791 613 4861 l’elap.
633 4806 696 4860 cap.
713 4790 740 4858 Ἰ,
757 4794 818 4845 tres
834 4793 961 4864 hujusce

128 4863 187 4918 loci
203 4863 346 4917 lectiones
362 4863 462 4928 refert,
479 4862 532 4915 sed
549 4877 636 4932 quam
656 4863 723 4916 aliis
749 4863 963 4933 praelerendam

130 4938 220 5005 putet,
238 4950 296 4987 ιιοιι
316 4933 405 4986 addit.
423 4933 530 4986 Verum
552 4933 603 4986 lib.
621 4949 629 4985 ι
656 4933 699 4986 De
725 4933 833 4988 Triuit.
853 4952 917 5006 cap.
934 4936 961 5005 6,

128 5008 159 5059 in
176 5005 314 5058 omnibus
329 5008 378 5056 aut
393 5018 467 5073 pene
482 5004 620 5057 amoinus
635 5004 748 5058 Graecis
765 5007 919 5061 codicibus
935 5013 965 5061 et

129 5076 265 5147 pluribus
276 5075 388 5128 latinis
401 5075 703 5144 observatscripturn,
725 5077 843 5144 Spiritui
858 5079 929 5132 Dei:
950 5099 961 5128 ι

129 5148 208 5219 quod
239 5151 334 5200 uatem
363 5147 391 5199 in
416 5145 593 5215 quibusdam
623 5148 825 5216 repsi-iatum
853 5151 963 5219 Spiritu

131 5219 202 5286 Deo,
217 5241 228 5265 ι
243 5233 373 5272 errorem
385 5233 464 5270 csse.
476 5219 654 5271 Cunrautem
666 5218 751 5287 paulo
762 5223 828 5274 autc
841 5223 962 5275 Ambro-

130 5291 208 5345 sium
225 5305 284 5343 nou
300 5289 427 5343 obscure
452 5288 654 5359 designaverit
676 5292 764 5360 (quod
791 5292 964 5364 intelligitur

130 5378 188 5418 nou
207 5361 303 5415 solum
319 5377 356 5415 ex
372 5377 407 5415 eo
436 5361 513 5429 quod
530 5362 585 5414 bos
614 5361 706 5414 libros
733 5368 848 5417 constat
870 5366 964 5418 lectos

131 5449 200 5489 esse
216 5434 252 5487 ab
270 5433 374 5487 eodem
392 5434 569 5502 Augustino,
586 5433 639 5485 sed
656 5434 742 5487 etiam
767 5436 846 5504 quod
862 5437 964 5490 eadem

130 5505 212 5560 Pauli
231 5510 319 5575 atque
336 5504 464 5558 llattliaii
481 5506 657 5571 testimonia,
675 5520 742 5575 quar
763 5503 812 5558 bic
827 5509 964 5575 citantur,

130 5577 296 5648 allegantur
305 5591 424 5649 quoque
436 5575 591 5630 inlaudata
603 5576 757 5645 capitalib.
769 5591 778 5629 ι
789 5576 833 5630 De
843 5576 965 5641 Trinit.)

130 5646 199 5702 inde
214 5647 322 5730 collige
338 5648 567 5717 corruptionem,
585 5663 602 5701 c
628 5646 674 5701 'us
699 5647 841 5718 baeretici,
864 5651 966 5705 Ariani

132 5715 256 5792 seilicet,
266 5717 512 5791 bicaccusautur,
528 5718 559 5772 iu
573 5733 608 5774 eo
637 5718 719 5774 uisse
728 5719 867 5792 positam,
883 5722 964 5793 quod

1015 4665 1323 4746 ματιθιῷλατρώοντις.
1347 4675 1445 4727 umen
1468 4671 1570 4743 plures
1588 4686 1662 4726 mss.
1685 4675 1717 4726 et
1733 4670 1889 4726 Amerb‘

1016 4755 1216 4807 tantummodo
1245 4753 1396 4822 exhibent,
1410 4747 1706 4825 iimparrlnrpaioirrr.
1729 4752 1807 4818 Quin
1827 4745 1889 4806 e·

1017 4824 1102 4879 Erae.
1120 4824 1228 4894 ipsein
1245 4839 1333 4895 cupos
1352 4826 1421 4878 edit.
1448 4825 1715 4878 Ambrosianorum
1730 4829 1889 4894 operuufl

1016 4918 1075 4957 vos
1089 4907 1144 4973 Θεῷ
1157 4904 1283 4973 primum
1311 4903 1431 4958 inducta
1457 4907 1513 4975 est,
1543 4903 1574 4958 in
1601 4917 1656 4957 sua
1685 4907 1786 4958 tamen
1802 4903 1889 4960 ob*

1018 4978 1186 5030 servatione
1201 4976 1238 5030 ad
1253 4977 1388 5030 eumdem
1418 4975 1554 5045 Apostoli
1577 4978 1690 5030 teritum
1718 4968 1890 5048 agnose·

1016 5045 1171 5100 lec-tionem
1188 5053 1320 5101 nostram
1335 5046 1485 5101 Ambrosii
1501 5062 1580 5101 esse.
1599 5045 1683 5100 lianc
1700 5046 1709 5099 i
1732 5063 1799 5101 ειιιιι
1810 5061 1890 5102 εν

1017 5119 1116 5188 quitur
1130 5118 1256 5172 Zenerus
1272 5119 1301 5171 in
1317 5118 1419 5172 eadem
1435 5116 1536 5186 verba,
1553 5121 1656 5191 ctuon
1672 5063 1774 5172 aarum
1785 5120 1890 5172 Ama

1017 5188 1111 5242 brosii
1122 5196 1209 5261 atque
1220 5191 1391 5260 Augustini,
1408 5188 1462 5243 sed
1477 5190 1565 5244 etiam
1579 5188 1713 5243 Salviani
1728 5190 1890 5246 auctori-a

1018 5264 1075 5314 tate
1091 5261 1231 5314 defendit.

1053 5331 1109 5399 tid)
1127 5333 1189 5386 l'et.
1206 5332 1275 5386 edit.
1294 5347 1328 5385 ae
1344 5347 1417 5386 mss.
1445 5347 1537 5402 prope
1551 5331 1586 5385 ad
1614 5347 1718 5402 unum,
1736 5354 1748 5380 ιι
1776 5333 1806 5388 in
1821 5332 1859 5389 li·

1016 5400 1071 5456 hro
1084 5404 1179 5456 tertio.
1194 5426 1205 5450 ι
1226 5402 1262 5456 Et
1284 5418 1357 5458 sane
1369 5403 1439 5474 quin
1454 5404 1607 5458 Ambrosii
1621 5403 1689 5458 baro
1703 5404 1796 5461 lectio
1810 5406 1859 5475 sit,

1018 5474 1090 5528 nibil
1101 5474 1238 5544 prohibet
1250 5490 1257 5556 3
1274 5476 1388 5530 anobis
1398 5476 1476 5529 euim
1488 5476 1517 5531 ia
1528 5474 1681 5530 Admonit.
1693 5477 1733 5532 ad
1749 5476 1860 5533 librum

1018 5545 1146 5600 Dabana
1165 5552 1273 5600 mortis
1293 5545 1483 5602 observatum
1499 5550 1546 5601 est
1562 5546 1618 5602 bos
1632 5544 1742 5606 Esdrea
1765 5548 1860 5606 libros

1017 5616 1099 5671 varie
1114 5617 1145 5671 in
1159 5617 1251 5672 variis
1268 5618 1422 5674 codicibus
1438 5617 1595 5674 distinctos
1611 5632 1696 5681 esse.

1036 5689 1111 5815 t(tt)
1122 5689 1196 5746 Mss.
1214 5689 1336 5762 aliquot,
1351 5713 1362 5738 ι
1384 5695 1415 5746 ut
1429 5691 1642 5768 proposuistis,
1659 5688 1813 5757 mrem
1845 5732 1860 5779 ‚

1019 5773 1035 5816 θ
1049 5775 1074 5817 c.
1094 5783 1105 5811 ιι
