3900 6128
111 200 192 279 10111

852 199 887 266 S.
908 199 1130 279 euneosu.

1758 205 1845 277 1010

111 385 988 475 amoenum,BarbarossuisexcessissetlnibustNum-fl
1003 419 1022 458 a
1036 378 1173 461 consorte
1197 404 1419 476 superstitionis
1441 420 1448 461 :
1475 365 1658 464 christianus
1676 407 1842 481 imperator
1877 420 1884 437 '

111 494 182 567 quid
207 495 294 548 etiam
317 492 360 547 illi
381 491 543 549 Christiani
564 494 693 564 fuerunt,
711 508 837 565 quoram
851 493 944 547 mise-

109 583 197 639 rabili
212 597 349 654 novoque
372 583 508 653 exemplo
532 584 605 638 aller
628 584 762 654 captivus
784 585 944 653 imperator

109 671 177 744 (90),
194 671 251 726 snb
267 670 359 726 altero
376 672 510 743 captivus
526 672 618 743 orbis,
636 672 728 727 satelli
747 688 780 727 se
795 689 862 744 quae
877 672 942 726 vic-

108 761 215 817 toriam
229 760 437 832 promittebant
452 760 519 832 (91),
537 777 607 815 suas
625 760 818 816 caeremonias
840 760 942 831 prodi-

110 850 240 904 derunt?
258 836 409 920 Numquid
430 852 458 904 et
476 852 546 905 tunc
561 865 620 905 non
636 852 698 904 erat
712 865 762 904 ara
778 849 942 905 Victoriae?

108 938 236 995 Paenitet
259 937 363 1008 lapsus
380 942 519 994 :vetusta
539 939 663 995 canities
677 938 808 1011 pudendi
822 938 943 1011 sangui·

109 1029 157 1084 nis
171 1027 260 1083 traxit
273 1027 423 1083 ruborem.
446 1028 514 1083 Non
538 1029 683 1084 erubesco
703 1040 771 1083 cam
794 1030 854 1083 toto
871 1028 942 1083 orbe

107 1116 245 1189 longaeva
261 1116 404 1171 converti.
420 1115 530 1172 Veram
546 1121 624 1173 certe
640 1120 687 1173 est
700 1117 769 1189 quia
780 1117 859 1172 nulla
870 1118 943 1171 aetas

109 1206 147 1261 ad
168 1204 399 1276 perdiscendum
422 1220 491 1260 sara
515 1207 570 1261 est.
596 1206 761 1262 Erubescat
778 1207 941 1274 senectus,

110 1310 177 1367 quae
192 1294 350 1349 emendare
364 1310 399 1349 se
413 1310 472 1350 non
486 1297 594 1366 potest.
611 1295 679 1350 Non
694 1310 838 1350 annorum
864 1295 942 1349 cani·

24 1435 27 1439 ,
111 1384 169 1438 ties
192 1385 238 1438 est
259 1382 375 1438 laudata
396 1383 464 1455 (99),
491 1384 546 1439 sed
568 1398 684 1439 morum
703 1383 785 1456 (Sap.
801 1400 842 1454 rv,
859 1383 886 1455 8,
902 1382 942 1452 9).

110 1471 218 1528 Nullus
232 1471 329 1542 pudor
342 1474 389 1527 est
411 1471 449 1526 ad
470 1471 593 1527 meliora
611 1473 750 1528 transire.
766 1473 830 1528 Hoc
845 1472 944 1527 solum

110 1560 256 1616 habebam
267 1575 422 1615 commune
433 1576 501 1615 cum
510 1551 584 1616 835
599 1561 750 1632 Barbaris,
767 1562 836 1634 quia
850 1559 944 1616 Deum

110 1651 195 1704 antea
219 1647 400 1704 nesciebam.
424 1647 610 1704 Sacrificium
638 1653 771 1706 vestrum
799 1652 875 1706 ritus
899 1653 945 1705 est

110 1736 274 1792 bestiarum
289 1751 395 1792 cruore
409 1738 557 1810 respergi.
574 1738 650 1804 Quid
665 1739 694 1793 in
713 1739 838 1795 mortuis
851 1755 944 1810 pecu-

112 1825 201 1881 dibus
225 1825 359 1895 quaeritis
382 1825 436 1880 Dei
455 1827 573 1881 voces‘l
595 1826 710 1897 Venite,
733 1830 763 1882 et
787 1828 893 1884 discite
915 1829 946 1883 in

112 1913 201 1969 terris
216 1914 369 1969 coelestem
382 1912 514 1969 militiam
531 1930 538 1970 ε
554 1914 604 1972 hic
618 1916 757 1987 vivimus,
773 1917 876 1972 stillio
892 1918 946 1971 mi-

112 2001 242 2058 litamus.
257 2001 332 2058 Coeli
345 2003 519 2074 mysterium
532 2003 637 2059 doceat
650 2020 697 2060 me
708 2005 788 2060 Deus
803 2006 878 2076 ipse,
894 2006 946 2077 qui

113 2090 254 2161 condidit,
277 2106 337 2146 nou
358 2091 457 2161 homo,
473 2091 524 2163 qni
547 2107 582 2147 se
603 2093 703 2163 ipsam
717 2093 874 2167 ignoravit.
891 2094 946 2150 Cui

112 2179 211 2251 magis
225 2177 261 2235 de
276 2176 348 2250 Deo,
364 2194 453 2251 quam
466 2178 528 2236 Dec
543 2181 686 2238 credam?
704 2182 857 2249 Quomodo
872 2199 945 2255 pos-

101 2281 102 2284 ’
116 2283 185 2324 aum
196 2267 285 2324 vobis
296 2268 428 2339 credere,
445 2269 496 2341 qui
506 2269 637 2327 fatemini
648 2287 703 2328 vos
714 2272 852 2345 ignorare
866 2272 946 2345 quod

116 2355 239 2412 colitis?

149 2445 176 2500 8.
193 2443 270 2515 Uno,
287 2445 391 2518 inquit,
415 2445 520 2505 itinere
541 2464 601 2505 non
623 2452 721 2522 potest
743 2450 893 2523 perveniri
910 2451 948 2506 ad

113 2536 174 2590 tam
187 2534 301 2608 mande
315 2539 473 2593 secretum.
488 2537 572 2604 Quod
596 2556 651 2596 vos
673 2541 829 2613 ignoratis,
845 2541 875 2596 id
890 2557 947 2596 nos

115 2623 170 2680 Dei
183 2639 257 2680 noce
271 2625 479 2697 cognovimus.
496 2627 532 2682 Et
546 2628 626 2701 quod
642 2645 697 2686 vos
723 2630 947 2701 suspicionibus

116 2713 260 2787 quaeritis,
276 2730 315 2770 ex
329 2715 395 2786 ipsa
409 2716 554 2787 sapientia
566 2718 620 2774 Dei
634 2723 663 2775 et
677 2719 799 2775 veritate
814 2735 948 2790 comper·

115 2805 179 2861 tum
193 2802 349 2860 habemns.
366 2805 433 2861 Non
449 2810 616 2880 congruunt
630 2809 721 2881 igitur
734 2810 835 2867 vestra
849 2808 949 2866 nobis·

118 2907 196 2949 eum.
212 2892 275 2949 Vos
288 2909 392 2964 pacem
406 2894 464 2950 diis
479 2897 590 2952 vestris
605 2898 643 2953 ab
658 2899 887 2970 imperatoribus
901 2899 951 2956 ob-

117 2982 254 3053 sacratis,
270 2997 328 3039 nos
342 2984 418 3055 ipsis
433 2983 661 3056 imperatoribus
675 3005 692 3042 a
705 2987 824 3045 Christo
846 3005 949 3061 pacem

116 3086 270 3144 rogamus.
287 3071 349 3129 Vos
363 3089 503 3130 mannum
517 3077 684 3132 vestrarum
698 3079 828 3135 adoratis
848 3095 947 3150 opera,

118 3175 176 3216 nos
184 3160 324 3234 injurium
333 3161 470 3220 ducimus
480 3179 566 3220 omna
575 3167 652 3237 quod
664 3166 728 3223 iteri
737 3170 844 3240 potest,
857 3170 950 3225 Deum

119 3250 226 3322 putari.
241 3250 311 3308 Non
322 3252 386 3308 vult
395 3267 429 3308 se
440 3253 520 3310 Deus
528 3254 558 3309 in
567 3254 717 3326 lapidibus
732 3257 800 3312 coli.
817 3258 950 3330 Denique
969 3286 975 3301 »

119 3339 208 3395 etiam
222 3340 282 3411 ipsi
296 3340 466 3413 philosophi
480 3344 574 3400 vestri
588 3345 645 3400 ista
660 3346 800 3402 riserunt.

156 3429 184 3486 9.
199 3428 284 3495 Quod
306 3430 332 3485 si
355 3445 410 3486 vos
433 3431 499 3488 ideo
524 3431 675 3490 Christum
698 3433 792 3491 Deum
816 3436 951 3510 negatis3

121 3519 191 3592 quia
206 3518 289 3575 illum
303 3522 451 3576 munuum
466 3537 536 3577 esse
551 3539 610 3580 non
625 3524 813 3597 creditisfflil)
827 3525 951 3582 nescitis

122 3607 201 3663 enim
224 3608 304 3681 quod
327 3624 409 3665 mors
432 3610 482 3666 illa
504 3612 603 3667 carnis
631 3611 729 3685 suerit,
759 3629 818 3671 noa
842 3613 951 3670 divini·

122 3697 201 3767 tatis,
231 3697 318 3770 (quae
341 3698 413 3754 tecit
431 3701 464 3754 ut
487 3700 669 3758 credentium
689 3703 753 3775 jam
776 3720 863 3760 nemo
888 3721 952 3761 ruo-

123 3784 236 3856 riatur),
252 3787 323 3858 quid
336 3787 424 3843 vobis
438 3789 665 3861 imprudentius,
677 3792 727 3864 qui
739 3794 952 3849 contumeliose

124 3872 238 3944 colitis,
268 3876 298 3929 et
324 3874 487 3933 honorilice
515 3879 686 3952 derogatis,
714 3885 846 3938 vestram
875 3883 953 3939 enim

124 3959 219 4016 Deum
232 3961 347 4037 lignum
360 3965 480 4034 putatis.
502 3966 525 4021 0
542 3969 756 4026 contumeliosa
769 3970 954 4028 reverential

124 4047 275 4107 Christum
288 4051 365 4108 mori
377 4053 512 4123 potuisse
527 4071 586 4111 non
602 4057 733 4114 creditis.
748 4058 772 4113 0
791 4059 955 4115 honorifica

123 4139 310 4212 pervicacia!

161 4228 205 4286 10.
234 4230 293 4286 Sed
315 4231 427 4303 vetera,
448 4230 565 4305 inquit,
589 4234 738 4290 reddenda
761 4241 830 4292 sunt
854 4237 956 4293 altaria

125 4319 304 4393 simulacris,
320 4324 491 4380 ornamenta
505 4322 649 4380 delubris.
666 4326 873 4397 Reposcuntur
886 4327 951 4383 haec

1005 508 1085 547 aram
1100 494 1195 549 solius
1210 493 1320 549 Christi
1335 495 1436 550 didicit
1450 493 1608 551 honorare.
1633 495 1711 562 Quid
1732 514 1841 558 manus

1004 582 1069 652 pias
1085 584 1114 637 et
1128 598 1179 637 ora
1194 583 1292 638 fidelia
1307 584 1503 639 ministerium
1518 585 1584 640 sais
1603 589 1718 658 cogunt
1744 591 1841 644 saeri-

1002 670 1092 743 legiis
1107 671 1248 727 exhibere
1264 673 1345 743 (elli
1361 673 1426 727 Vox
1441 674 1629 744 imperatoris
1644 676 1745 731 nostri
1760 675 1859 740 Chri,

1004 764 1082 816 stum
1097 760 1230 831 resultet,
1248 764 1276 815 et
1290 761 1372 816 illum
1387 760 1495 831 solum,
1512 777 1600 833 quem
1617 763 1719 833 sentit,
1735 764 1839 837 loqua-

1002 851 1050 904 tur
1068 865 1073 904 :
1093 849 1165 916 Quia
1181 865 1233 905 cor
1247 850 1333 921 repis
1347 851 1378 904 in
1392 865 1509 904 manum
1524 850 1582 906 Dei
1599 850 1707 922 (Pror.
1722 869 1787 925 xxi,
1802 855 1840 926 1).

1004 938 1153 1011 Numquid
1168 938 1328 1010 imperator
1342 938 1462 1011 gentilis
1476 953 1558 992 aram
1573 937 1694 995 Christo
1709 939 1839 999 levavit?

1003 1025 1079 1082 Dum
1106 1043 1140 1082 ea
1168 1043 1234 1099 qaas
1258 1026 1386 1097 inerunt,
1411 1031 1591 1098 reposcunt3
1614 1029 1756 1100 exemplo
1784 1046 1836 1088 suo

1003 1116 1162 1171 admonent
1175 1119 1316 1188 quantum
1329 1114 1489 1170 Christiani
1504 1115 1701 1186 imperatores
1717 1118 1837 1191 religio·

1004 1205 1044 1274 ni,
1061 1221 1149 1276 quam
1162 1208 1340 1277 sequantur,
1355 1204 1481 1259 debeant
1499 1204 1615 1261 deterre
1641 1207 1837 1279 reverentisc3

1004 1294 1121 1365 quando
1137 1294 1265 1366 gentiles
1279 1293 1543 1364 superstitionibus
1562 1295 1628 1350 suis
1643 1295 1745 1351 omnia
1759 1295 1839 1353 detu-

1004 1381 1111 1438 lerunt.

1041 1498 1084 1554 tl.
1101 1498 1217 1554 Dudum
1232 1499 1387 1572 eoepimus,
1414 1504 1443 1556 et
1463 1501 1526 1574 jam
1551 1503 1721 1572 sequuntur
1738 1501 1839 1558 exclu-

1006 1601 1059 1641 sos
1083 1586 1165 1658 (95).
1191 1587 1256 1643 Nos
1279 1590 1426 1661 sanguine
1446 1590 1620 1662 gloriamur,
1636 1590 1707 1647 illos
1723 1590 1840 1662 dispeu-

1006 1675 1087 1731 dium
1110 1679 1217 1732 movet.
1243 1677 1307 1733 Nos
1324 1677 1389 1733 haec
1403 1679 1537 1735 victoriae
1552 1679 1618 1734 loco
1634 1678 1785 1744 ducimus,
1800 1679 1839 1735 rlh

957 1756 989 1833 Β
1005 1764 1145 1838 injuriam
1159 1767 1271 1835 putant.
1286 1765 1443 1838 Nunquam
1458 1768 1546 1822 nobis
1561 1767 1692 1839 amplius
1712 1768 1840 1824 contule·

1005 1857 1085 1924 runt,
1100 1868 1189 1926 quam
1203 1870 1270 1908 cum
1286 1855 1439 1911 verberari
1453 1855 1640 1911 Christianos
1654 1859 1746 1929 atque
1761 1872 1840 1927 pros·

1007 1942 1082 1998 cribi
1105 1959 1139 1998 ac
1162 1942 1263 1998 necari
1283 1943 1433 2016 juberent.
1459 1945 1618 2000 Praemium
1635 1944 1710 2001 lecit
1724 1945 1838 2018 religio,

1006 2031 1130 2103 pertidia
1143 2031 1264 2102 putabat
1277 2047 1346 2089 esse
1362 2032 1551 2103 supplicium.
1569 2033 1673 2089 Videte
1689 2035 1839 2106 magnom-

1007 2135 1083 2175 mos.
1108 2119 1166 2174 Per
1188 2118 1325 2191 injurias,
1348 2135 1402 2192 per
1424 2120 1565 2191 inopiam,
1587 2137 1642 2193 per
1664 2122 1839 2193 supplicium

1008 2224 1064 2264 nos
1093 2209 1242 2264 crevimus
1267 2207 1334 2280 (96)
1361 2225 1367 2265 :
1392 2209 1435 2264 illi
1459 2210 1654 2266 caeremonias
1681 2226 1756 2266 suas
1779 2210 1838 2268 sine

1009 2300 1126 2370 quaesta
1141 2313 1261 2353 manere
1275 2314 1367 2368 possa
1380 2314 1440 2354 uon
1456 2300 1590 2354 credunt.

1049 2404 1123 2469 836
1148 2412 1180 2468 11
1204 2412 1225 2469 “.
1250 2412 1394 2484 ilabeant,
1420 2414 1525 2485 inquit,
1550 2413 1688 2470 Vestales
1710 2414 1837 2487 virgines

1010 2502 1067 2573 (91)
1082 2501 1295 2557 immunitatem
1309 2518 1404 2557 suam.
1420 2503 1526 2558 Dicant
1540 2502 1607 2572 hoc,
1624 2518 1685 2574 quo
1708 2503 1838 2559 nesciant

1012 2591 1143 2662 credere,
1173 2591 1253 2662 qaod
1280 2591 1378 2661 possit
1408 2607 1478 2647 esse
1503 2592 1632 2663 gratuita
1660 2590 1837 2664 virginitas:

1010 2682 1173 2752 provocent
1196 2680 1300 2752 lucris,
1323 2681 1375 2752 qui
1399 2680 1536 2736 dillidant
1559 2679 1732 2736 virtutibus.
1752 2680 1838 2747 Quen·

1010 2773 1057 2825 tas
1079 2772 1176 2825 tamen
1198 2769 1257 2824 illis
1282 2769 1416 2842 virgines
1441 2770 1562 2840 praemia
1586 2769 1741 2840 promissa
1769 2769 1838 2825 teca·

1011 2860 1101 2915 runt?
1116 2858 1174 2914 Vix
1189 2862 1303 2931 septem
1325 2858 1463 2915 Vestales
1488 2858 1644 2930 capiuntur
1667 2858 1787 2930 puellae.
1800 2857 1838 2913 llo

1011 2950 1091 3004 totus
1106 2963 1248 3004 numerus
1263 2963 1351 3020 quem
1366 2948 1468 3003 infulas
1483 2949 1577 3003 vittati
1597 2948 1715 3019 capitis,
1733 2962 1835 3018 pnrpu-

1011 3040 1141 3093 raturam
1165 3037 1293 3093 vestium
1312 3036 1453 3108 murices,
1478 3053 1585 3109 pompa
1604 3036 1721 3093 lecticae
1741 3035 1837 3091 minis·

964 3123 994 3199 0
1014 3129 1126 3182 trorum
1146 3126 1327 3182 circumfusa
1352 3127 1501 3196 comitatu,
1525 3125 1685 3198 privilegia
1706 3125 1835 3195 maxima,

1013 3216 1096 3272 lucra
1109 3216 1249 3288 ingentia,
1265 3216 1441 3287 praescripta
1454 3214 1582 3287 denique
1596 3214 1751 3285 pudicitiae
1769 3216 1836 3270 taur

1015 3321 1087 3376 pora
1102 3308 1279 3377 coegerant.

1050 3429 1094 3485 19.
1111 3429 1251 3486 Attollant
1266 3430 1372 3484 mentis
1388 3431 1417 3485 et
1439 3428 1573 3500 corporis
1590 3426 1705 3498 oculos,
1731 3426 1840 3483 videant

1015 3519 1132 3591 plebem
1140 3518 1421 3591 pudoris,populum
1430 3515 1842 3590 integritatis,coneiliumrir

1016 3608 1159 3680 ginitatis.
1176 3608 1244 3664 Non
1258 3609 1339 3663 vittae
1350 3608 1436 3678 capiti
1447 3607 1550 3675 decus,
1564 3605 1618 3660 scd
1628 3605 1764 3678 ignobile
1774 3602 1841 3659 vela·

1017 3713 1085 3754 men
1098 3698 1167 3752 usui
1181 3697 1248 3769 (98),
1265 3697 1364 3753 nobile
1380 3695 1505 3750 castitati
1522 3711 1528 3750 :
1545 3710 1604 3750 non
1620 3695 1782 3767 exquisita,
1797 3690 1840 3748 sed

1017 3786 1151 3843 abdicata
1166 3787 1312 3842 lenocinia
1326 3784 1555 3856 pulchritudinis
1572 3799 1580 3840 :
1596 3799 1658 3839 non
1676 3783 1727 3838 illa
1741 3796 1843 3855 purpu-

1017 3892 1117 3932 rarum
1132 3877 1272 3949 insignia,
1290 3891 1349 3931 non
1363 3876 1453 3930 luxus
1467 3873 1649 3943 deliciarum,
1663 3871 1719 3927 sod
1729 3869 1847 3942 ususje·

1016 3965 1185 4038 juniorum:
1197 3980 1257 4020 non
1271 3964 1437 4036 privilegia,
1448 3978 1508 4018 non
1516 3962 1598 4016 lucra
1610 3977 1616 4016 :
1630 3960 1843 4032 omniapostre·

1019 4070 1066 4111 mo
1077 4055 1142 4124 alia,
1153 4057 1186 4110 ut
1199 4054 1333 4110 revocari
1343 4069 1360 4106 a
1372 4051 1469 4107 studio
1479 4053 1576 4121 putes,
1588 4048 1659 4103 dam
1674 4051 1843 4104 exercentur

1020 4144 1126 4200 oldaia.
1143 4144 1202 4199 Sed
1217 4144 1286 4198 duni
1301 4144 1457 4197 exercetur
1473 4139 1614 4209 osticium,
1631 4139 1766 4194 studium
1779 4150 1843 4210 pro·

1018 4236 1151 4289 vocatur.
1160 4232 1229 4289 Sais
1239 4231 1359 4288 castitas
1368 4226 1718 4298 cumulaturdispcndiis.
1729 4227 1797 4283 Non
1806 4226 1848 4281 est

1018 4323 1186 4397 virginitas,
1210 4337 1278 4394 qnae
1302 4320 1395 4391 pretio
1413 4319 1528 4388 eruitur,
1545 4332 1604 4371 uon
1618 4315 1742 4371 virtutis
1758 4315 1846 4372 studio

159 4482 217 4554 (90)
240 4485 322 4541 ldem
344 4483 480 4540 Nunnius
494 4485 531 4540 ad
545 4486 611 4541 haec
627 4486 718 4541 verba
734 4501 740 4541 :
757 4486 789 4541 ld
803 4486 881 4543 haud
898 4487 996 4569 du-p)
1067 4485 1112 4554 9-1)
1125 4481 1248 4539 Pauculi
1261 4497 1348 4549 mss,
1366 4499 1380 4530 a
1396 4477 1555 4534 sacrifieiis
1570 4475 1729 4532 exhibere.
1748 4499 1761 4525 a

123 4553 183 4625 bie,
199 4557 294 4628 iuquit
307 4557 345 4613 de
359 4556 423 4612 Lic.
437 4555 605 4627 Valeriano,
621 4559 650 4612 et
664 4556 724 4611 tilio
738 4557 806 4630 ojus
821 4558 953 4615 Gallieno

80 4620 95 4641 ⁸
123 4626 358 4701 intelligendum,
374 4644 501 4712 qaorum
513 4631 597 4699 pater
611 4631 714 4699 captus
728 4645 745 4683 a
760 4645 831 4702 rego
847 4629 955 4685 Persa-

123 4715 189 4753 rum
204 4700 326 4771 Sapore,
342 4717 390 4757 cnr
404 4716 568 4755 ascensuro
584 4700 731 4755 cervicem
745 4716 798 4770 pro
822 4701 954 4757 scabello

125 4769 313 4842 subjiciebat,
343 4772 374 4827 in
401 4771 563 4827 miserabili
593 4771 734 4826 servitute
763 4773 919 4827 consenuit
945 4789 951 4829 :

125 4839 199 4895 alter
222 4842 323 4897 orbem
350 4845 496 4898 terrarum
518 4842 591 4898 luxu
614 4844 643 4897 et
664 4842 794 4913 nequitia
810 4844 954 4915 perdidit,

85 4938 88 4943 ·
125 4910 199 4966 adeo
222 4915 253 4968 ut
275 4912 395 4985 triginta
419 4914 535 4984 tyranni
548 4913 718 4984 provincias
734 4915 953 4985 occupaverint,

125 4983 155 5064 et
168 4981 285 5110 {emines
310 5000 427 5057 quoque
451 4988 643 5040 contrusam
667 4984 801 5040 diadema
819 5001 955 5056 sumpse-

125 5069 194 5110 rrn.

161 5126 220 5198 (91)
242 5126 317 5182 Mes.
342 5126 462 5198 aliquot,
492 5126 683 5199 osalellitquo
707 5143 773 5200 quae
802 5127 957 5183 victoriam

124 5199 323 5270 promittebat.
342 5221 354 5248 o
370 5199 469 5254 Minus
486 5199 649 5254 commode.

159 5271 216 5343 (99)
238 5269 347 5327 Omnes
371 5270 440 5326 edit.
465 5285 500 5325 ac
521 5271 608 5341 pauci
628 5285 713 5342 mss,
741 5293 752 5319 α
771 5271 894 5327 canities
911 5272 957 5326 est

122 5341 279 5398 laudanda.
298 5365 309 5390 υ

157 5415 214 5485 (93)
231 5413 370 5471 Nonnulli
385 5428 472 5482 mss,
498 5435 508 5461 u
527 5415 673 5468 mortuum
696 5429 766 5468 esse
783 5414 924 5481 creditis3
943 5435 954 5464 s

121 5486 238 5558 reliqui,
255 5489 283 5543 et
298 5500 401 5542 omnes
427 5485 519 5540 edit...
549 5509 560 5533 o
578 5502 637 5540 non
662 5484 793 5539 creditis.
813 5505 824 5530 ι»
848 5485 955 5538 illelius

120 5559 274 5682 utqocent
288 5556 453 5630 sequentia,
468 5556 640 5612 «Christum
655 5555 731 5611 mori
746 5553 881 5625 potuisse
895 5570 955 5610 nou

121 5643 171 5682 cre
193 5629 254 5684 itis.
274 5654 285 5679 a

1066 4555 1191 4628 95))191.
1208 4553 1289 4621 edit,
1318 4574 1328 4600 a
1346 4551 1421 4605 Duru
1444 4550 1598 4619 cooptatae,
1623 4561 1851 4629 seqnamure13

1020 4628 1124 4693 cluso3
1142 4650 1153 4674 υ
1172 4627 1257 4680 ltom.
1274 4627 1302 4678 et
1318 4621 1559 4678 mss.nobisca1u
1576 4621 1852 4689 consonamque

995 4736 1001 4744 -
1019 4700 1097 4770 qaod
1113 4699 1162 4752 illa
1176 4695 1296 4751 retinuit
1312 4717 1323 4741 «ι
1337 4708 1506 4764 sequamur,
1518 4714 1528 4739 o
1540 4690 1591 4745 ubi
1601 4705 1696 4761 prope
1712 4689 1752 4744 ad
1766 4702 1852 4744 unum

1018 4773 1131 4841 ponunt
1148 4790 1158 4819 ι
1177 4770 1352 4838 sequuntur.
1371 4784 1383 4814 ι

1053 4841 1110 4912 (96)
1124 4839 1234 4895 Omnes
1248 4837 1329 4907 edit,
1348 4850 1429 4891 «nos
1445 4833 1612 4889 credimus:
1630 4847 1765 4887 nonanes
1781 4845 1855 4887 mes.

1020 4934 1032 4961 ι
1053 4928 1109 4966 nos
1126 4925 1284 4966 crevimus.
1305 4931 1316 4956 n

1054 4983 1111 5053 (ll)
1134 4983 1176 5037 Da
1200 4980 1370 5035 Vestalibus
1392 4977 1459 5031 vida
1477 4975 1555 5047 quod
1570 4990 1587 5028 a
1602 4973 1691 5029 nobis
1708 4973 1855 5030 observa·

1017 5056 1079 5109 tum
1094 5056 1141 5108 est
1154 5054 1190 5107 ad
1206 5053 1257 5106 lib.
1274 5069 1283 5104 1
1298 5051 1334 5105 da
1356 5048 1470 5120 Virqin.
1488 5063 1552 5115 cup.
1568 5045 1595 5112 t,
1613 5060 1696 5099 num.
1714 5044 1762 5100 15.
1774 5043 1858 5111 Quod

1019 5129 1116 5180 autem
1131 5124 1207 5179 inira
1221 5123 1329 5177 dicitur
1345 5141 1356 5170 ι
1374 5119 1511 5174 Vestales
1527 5117 1694 5187 capiuntur,
1715 5136 1726 5164 ι
1748 5116 1858 5172 allusio

1018 5200 1063 5252 est
1080 5196 1117 5251 ad
1131 5196 1211 5249 illam
1225 5192 1373 5264 pontificis
1390 5204 1496 5244 novam
1513 5187 1663 5260 virginem
1677 5187 1859 5259 accipientis

1017 5267 1173 5322 formulam
1191 5282 1197 5320 :
1217 5288 1228 5311 ιι
1246 5264 1335 5333 Capio
1351 5265 1390 5330 tc,
1406 5263 1511 5314 amata.
1532 5282 1542 5306 n

1052 5339 1108 5409 (98)
1120 5337 1196 5392 Edit.
1214 5351 1247 5389 ac
1283 5335 1348 5388 anai
1365 5347 1439 5386 mss,
1460 5330 1628 5398 luctamen,
1644 5328 1740 5383 usui»
1759 5330 1861 5401 (llam.

1016 5410 1096 5477 edit,
1114 5412 1177 5471 usrrl
1195 5428 1206 5457 ι
1225 5352 1323 5461 nobile
1339 5402 1502 5472 castitatis3
1521 5421 1531 5451 s
1549 5415 1624 5454 nass.
1641 5400 1748 5470 plures
1765 5404 1796 5456 et
1810 5415 1862 5472 po·

1017 5483 1108 5536 tiores
1125 5484 1155 5533 al
1171 5480 1199 5532 iu
1211 5479 1301 5532 textu.
