3900 6128
116 244 196 317 1³75

849 196 889 316 e.
911 250 1133 319 eueaosn.

1766 256 1839 323 leto

129 451 330 524 impatientius
346 453 394 509 alii
409 454 512 511 doleas
527 454 699 511 accidisse?
713 454 832 527 Depone
848 469 959 510 moero·
976 435 1097 510 Aterre
1112 469 1146 510 uc
1160 453 1272 526 perpeti
1288 452 1494 527 nequiverunt,
1510 453 1692 511 eontrarium
1712 406 1778 512 uoto
1800 456 1841 513 iu-

37 572 43 581 ·
130 557 203 613 rem,
221 542 246 597 si
262 546 348 613 potes
366 560 372 599 :
390 543 517 613 include,
530 544 556 599 si
572 560 629 600 non
647 547 742 617 potes.

165 631 192 686 8.
209 632 267 686 llut
282 632 491 688 obsorbendus
511 634 618 704 omnis,
645 637 694 688 aut
717 633 896 705 premendus
916 636 962 689 est

129 719 224 775 dolor.
242 721 301 776 Cur
316 722 394 776 enirn
411 723 580 777 moestitiam
601 727 679 778 tuam
695 739 754 777 non
774 722 849 777 ratio
863 721 961 792 potius

130 823 218 880 quarn
233 808 298 865 dies
314 809 403 865 leniat
418 811 478 882 (qr
502 811 568 866 Non
592 812 671 884 quod
692 811 894 870 oblitteratura
917 811 963 864 est

131 898 276 968 temporis
292 899 399 967 series,
415 899 522 956 melius
546 901 700 972 prudentie
716 899 871 972 mitigabit.
887 898 963 964 Quin

132 985 219 1042 etiem
234 985 291 1042 hec
306 988 404 1059 ipsum
426 988 627 1063 irreligiosum
644 991 714 1061 puto
739 1004 811 1061 erga
831 989 963 1059 ipsorum

132 1076 313 1145 memorium,
340 1092 416 1149 quos
439 1077 574 1133 dolemus
596 1079 746 1147 amissos,
773 1083 802 1133 ut
826 1077 963 1133 oblivisci

132 1178 235 1220 eorum
250 1165 386 1222 malimus
401 1182 488 1239 quem
514 1169 717 1223 consolatione
742 1167 883 1231 mulceri;
915 1170 964 1221 aut

132 1269 199 1308 eum
216 1254 338 1311 horrore
354 1257 514 1326 reminisci,
525 1273 612 1329 quarn
624 1257 796 1313 meminisse
808 1272 874 1312 cum
892 1271 963 1328 gre-

68 1351 76 1363 ·
134 1342 173 1397 tiu
190 1359 196 1398 :
214 1345 448 1402 recordationem
463 1346 575 1417 timere,
603 1361 730 1418 quorum
745 1346 843 1418 imago
858 1344 965 1401 debeat

107 1450 116 1461 ’·
135 1446 205 1489 asse
219 1434 360 1505 voluptati
377 1450 383 1490 :
401 1434 535 1491 dilttdorc
558 1436 657 1506 po'ius
682 1451 770 1507 quam
791 1449 913 1505 sperere
929 1432 965 1487 de

85 1566 90 1573 .
135 1522 248 1577 meritis
263 1522 469 1583 detunctorum
485 1540 491 1580 :
509 1541 604 1595 pmnoe
628 1524 773 1592 addictos,
798 1538 885 1596 quum
909 1521 965 1577 im·

135 1611 302 1666 mortalitati
316 1613 444 1681 debitos,
462 1630 539 1686 quos
554 1613 705 1683 dilexeris,
722 1613 880 1668 aestimare.

170 1700 197 1756 n.
214 1700 272 1757 Sed
287 1702 363 1757 dieis
376 1700 474 1767 :Quos
489 1702 699 1773 diligebamus,
711 1701 876 1755 amisimus.
887 1699 967 1754 Non-

134 1803 172 1844 ne
187 1788 251 1844 hacc
266 1790 352 1845 nobis
364 1807 431 1846 curn
446 1792 512 1860 ipso
525 1791 634 1845 mundo
658 1790 871 1860 elementisque
883 1803 967 1843 com-

1020 544 1129 615 eidunt,
1146 546 1176 599 ut
1192 544 1227 599 eb
1243 544 1291 598 his
1303 544 1344 599 'in
1366 546 1540 616 perpetuum
1568 546 1755 616 separentur,
1777 561 1844 617 quos

1019 633 1106 706 sequi
1119 633 1364 689 desideraverint.
1382 632 1440 688 Sed
1456 632 1522 688 baec
1536 649 1621 703 rere,
1646 633 1785 704 quonium
1799 651 1845 691 na·

1020 726 1085 777 tura
1101 722 1164 794 ipsa
1178 724 1309 791 revocet,
1326 720 1383 776 etsi
1400 721 1566 792 precipitet
1581 722 1719 777 umentia.

1057 809 1100 867 it).
1121 810 1195 867 lllud
1209 825 1280 865 vcro
1296 809 1437 882 frequens
1459 809 1489 864 in
1514 810 1711 883 mulieribus,
1739 815 1771 867 ut
1795 813 1849 867 ela-

1022 916 1121 956 mores
1144 899 1282 970 publicos
1302 902 1414 967 serant,
1440 899 1526 972 quasi
1551 903 1686 955 metuent
1706 914 1744 955 ne
1758 915 1850 957 aaran

1022 989 1178 1062 ignoretur
1193 1003 1323 1043 eorumne
1339 987 1378 1058 (6)
1395 1004 1401 1043 :
1419 993 1450 1044 ut
1461 987 1593 1044 illuviem
1603 988 1701 1044 vestis
1711 986 1849 1061 affectent,

1022 1079 1108 1149 quasi
1125 1077 1152 1132 in
1168 1092 1202 1133 ee
1215 1077 1253 1132 sit
1268 1092 1378 1132 sensus
1394 1077 1512 1133 dolendi
1530 1093 1536 1131 :
1555 1082 1586 1132 ut
1612 1077 1767 1149 impexum
1789 1094 1849 1135 eor·

1022 1166 1110 1222 dibus
1125 1166 1313 1221 immadident
1327 1170 1414 1236 caput
1429 1182 1434 1221 :
1453 1170 1484 1221 ut
1498 1170 1662 1237 postremo,
1689 1165 1773 1238 quod
1797 1168 1854 1238 ple-

1023 1257 1124 1328 risque
1140 1256 1169 1310 in
1183 1255 1258 1311 locis
1273 1255 1363 1328 vulgo
1379 1254 1442 1310 lieri
1463 1255 1548 1324 solet,
1574 1254 1708 1311 discisso
1736 1256 1847 1328 amictu,

1023 1345 1175 1401 diloricolu
1191 1348 1284 1416 veste,
1300 1344 1411 1400 secreti
1426 1344 1550 1416 pudoris
1565 1343 1647 1399 nuda
1668 1345 1853 1414 prostituant,

1024 1436 1110 1507 quasi
1125 1434 1223 1505 ipsum
1238 1432 1442 1488 lenocinentur·
1461 1433 1615 1504 pudorem,
1644 1432 1715 1504 quie
1739 1433 1856 1505 pudoris

1025 1523 1072 1579 sui
1087 1523 1207 1593 proemia
1222 1521 1422 1592 perdiderunt.
1447 1520 1496 1576 Sic
1519 1536 1670 1593 proeaees
1692 1522 1775 1577 oculi
1796 1539 1856 1593 pro

1025 1616 1177 1679 vocentur,
1194 1615 1224 1667 ut
1235 1611 1456 1682 concupiscant,
1466 1613 1497 1665 ut
1505 1625 1603 1665 amare
1615 1610 1763 1681 incipient
1773 1626 1856 1667 meu·

1026 1702 1078 1756 bro
1095 1700 1201 1756 nudata
1218 1716 1224 1755 :
1241 1716 1308 1778 qum
1323 1699 1349 1753 si
1365 1714 1423 1754 non
1440 1698 1621 1768 aspicerent,
1646 1714 1708 1754 non
1724 1704 1857 1756 amarent.

1027 1790 1122 1862 Atque
1142 1786 1258 1844 'utinam
1280 1786 1431 1843 sordidata
1451 1786 1500 1842 illa
1526 1790 1702 1859 tegumenta
1734 1789 1861 1859 corporis

137 1878 237 1933 munia
252 1884 339 1949 sunt3
356 1879 424 1950 quia
439 1878 475 1934 ud
490 1885 607 1949 tempus
622 1879 735 1934 eredita
752 1880 780 1932 in
796 1882 967 1950 perpetuum
1027 1897 1086 1936 non
1102 1880 1244 1952 speciem,
1261 1877 1314 1933 sed
1330 1881 1457 1932 mentem
1471 1872 1675 1932 obnuberent!
1702 1876 1790 1931 Letet
1810 1877 1861 1948 ple·

136 1969 238 2023 tenero
256 1983 315 2023 non
334 1969 520 2040 possumus?
543 1968 639 2024 Gemit
665 1973 741 2023 terra
772 1968 829 2022 sub
849 1967 967 2037 arati-ie,
1027 1983 1151 2041 rumque
1176 1968 1232 2024 sub
1256 1966 1334 2021 tristi
1357 1965 1464 2021 amictu
1488 1964 1596 2020 mentis
1617 1964 1761 2032 lascivia,
1776 1968 1804 2021 et
1816 1967 1859 2021 de·

132 2055 283 2112 imbribus
298 2057 431 2124 ereditur,
444 2060 618 2129 tempestate
628 2056 969 2128 concutitur,stringitur
1029 2059 1132 2114 torneie
1148 2058 1255 2112 lrorror
1271 2055 1363 2111 restis
1378 2053 1540 2120 obtexitur;
1557 2057 1588 2109 ut
1603 2056 1728 2109 secretu
1743 2055 1862 2126 petulan-
1886 2096 1889 2101 ,

135 2144 259 2218 frigore,
275 2146 340 2202 sole
354 2149 484 2202 torretur
498 2163 506 2202 :
522 2150 553 2202 ut
568 2146 682 2201 tructus
696 2161 811 2200 annuos
831 2145 887 2199 tete
905 2161 970 2215 par·
1028 2149 1100 2204 tium
1111 2146 1248 2220 legantur
1259 2144 1433 2200 animorum.

136 2235 247 2291 turiat:
269 2238 298 2290 et
325 2251 391 2291 eum
416 2251 449 2291 se
473 2235 554 2290 vario
578 2236 650 2290 llore
675 2235 819 2301 vestierit,
846 2233 969 2304 proprio
1065 2236 1108 2292 13.
1130 2235 1209 2291 Setis
1223 2234 1382 2321 pieyirum
1399 2232 1490 2304 luget,
1506 2237 1692 2303 quaeserunt
1713 2232 1860 2303 pudorem,

137 2324 255 2381 exuitur
269 2329 297 2380 ot
312 2324 456 2395 spolietur
471 2329 585 2382 ornatu.
602 2323 734 2390 Quantos
748 2324 813 2378 brec
835 2326 969 2393 raptores
1029 2342 1087 2382 non
1102 2325 1212 2381 deserit
1227 2324 1324 2379 tidem.
1347 2322 1419 2379 llaec
1435 2323 1511 2377 bene
1527 2320 1681 2377 defunctis
1700 2321 1802 2377 oliicie
1816 2322 1860 2377 im·

137 2414 250 2471 herbet‘.t
264 2413 326 2471 Nee
342 2415 469 2471 fructum
480 2415 711 2485 suumqucritur
721 2413 971 2483 amissum,quem
1029 2416 1187 2488 pelluntur,
1204 2417 1235 2468 nt
1250 2414 1349 2467 vivent
1364 2412 1393 2466 in
1408 2410 1568 2477 mentibus,
1584 2409 1617 2464 in
1632 2408 1795 2466 affectibus
1809 2427 1861 2481 per·

138 2503 205 2559 ideo
220 2505 383 2576 generavit,
401 2508 433 2558 ut
453 2504 598 2558 amitteret
615 2518 621 2558 ἱ
639 2518 693 2558 nce
709 2503 900 2574 impostorum
918 2514 971 2555 nlt-
1030 2506 1177 2561 soverent,
1194 2504 1259 2558 Non
1274 2500 1378 2557 amasii
1393 2501 1501 2568 virum,
1517 2515 1584 2571 quoe
1612 2498 1764 2554 exhibent
1787 2498 1861 2554 pasti.

137 2597 197 2667 gat,
215 2608 301 2665 quem
317 2593 375 2647 sibi
391 2592 521 2650 meminit
538 2592 741 2647 auferendum.
1029 2597 1117 2650 tatem
1133 2609 1138 2649 :
1156 2608 1214 2648 non
1229 2596 1275 2647 est
1290 2591 1407 2646 viduata
1423 2587 1574 2661 conjugio,
1592 2603 1665 2660 quae
1677 2603 1741 2643 nou
1752 2588 1861 2643 mutarit

173 2682 217 2736 lu.
233 2681 347 2737 Conium
364 2682 460 2752 ipsura
477 2696 535 2736 non
550 2696 669 2750 semper·
686 2681 838 2735 stellarum
858 2678 973 2733 micon·
1031 2699 1138 2740 nomen
1159 2682 1264 2738 meriti.
1290 2681 1351 2736 Nee
1378 2682 1407 2734 tu
1431 2676 1587 2748 perdidisti
1614 2675 1782 2746 haeredem,
1806 2692 1860 2749 que

136 2771 209 2826 tium
224 2769 324 2843 globis
340 2770 443 2843 fulget,
459 2770 568 2842 quibus
593 2770 678 2842 quasi
694 2769 874 2842 qurbusdnm
901 2767 972 2822 insi·
1031 2774 1157 2845 adjuvas
1172 2770 1360 2828 nohoeredem
1376 2783 1382 2824 :
1400 2767 1454 2823 sed
1468 2781 1522 2838 pro
1539 2780 1730 2821 successore
1747 2781 1858 2836 eorrup-

139 2860 239 2933 gnitur
253 2860 383 2915 coronis.
409 2859 475 2916 Non
499 2875 617 2931 semper
640 2863 705 2914 ertu
727 2858 804 2913 lueis
827 2856 962 2926 albescit,
1030 2863 1166 2930 tibilinm,
1183 2859 1302 2916 mutusti
1318 2860 1486 2914 consortem
1501 2854 1718 2910 immortalium
1743 2855 1793 2927 (ij.
1813 2853 1861 2909 lia-

138 2949 231 3005 radiis
247 2949 321 3007 solis
335 2949 461 3005 irrutilat
479 2950 551 3006 :sed
567 2948 700 3005 assiduis
716 2947 836 3002 vicibus
847 2946 896 3001 ille
912 2946 974 3018 qui·
1031 2952 1085 3008 hes
1100 2951 1151 3024 qui
1166 2950 1217 3005 tihi
1234 2949 1428 3020 representet
1442 2943 1591 3000 haeredem
1609 2958 1616 2997 :
1633 2944 1724 2999 solve
1739 2944 1859 3015 pauperi,

139 3039 206 3098 dem
222 3038 321 3095 mundi
337 3038 437 3095 vultus
462 3038 663 3111 gratissimus,
690 3037 821 3092 humenti
843 3037 973 3091 noctium
998 3064 1001 3069 ·
1031 3042 1111 3114 quod
1126 3040 1249 3097 debetur
1264 3036 1375 3094 haeredi
1393 3051 1399 3092 :
1417 3038 1518 3089 utnon
1536 3030 1636 3087 solum
1653 3036 1798 3089 meterem
1818 3037 1858 3087 eet

141 3128 249 3205 caliget
265 3129 402 3184 horrore.
418 3129 492 3195 Quid
520 3127 635 3203 gratius
653 3127 739 3182 lucc?
761 3125 832 3197 quid
849 3124 913 3181 sole
926 3122 975 3197 ju·
994 3130 1163 3204 cpnrernae
1188 3127 1362 3196 senectutis,
1394 3124 1448 3179 sed
1472 3123 1560 3178 etiem
1584 3121 1657 3176 vitre
1678 3122 1810 3194 propriae
1831 3121 1863 3175 sit

139 3218 266 3276 eundius
276 3219 291 3274 ‘l
301 3234 368 3291 quea
378 3217 508 3291 quotidie
519 3216 674 3283 occidunt,
689 3215 786 3280 1138
801 3213 974 3270 decessisse

138 3312 236 3365 tamen
251 3308 316 3364 hrec
331 3307 419 3363 nobis
443 3323 502 3362 non
523 3304 647 3362 moleste
662 3305 799 3374 ierimus,
823 3302 891 3375 quie
907 3317 975 3357 eum

139 3399 237 3454 redire
260 3396 480 3470 presumimus.
507 3395 631 3451 Doceris
656 3395 686 3450 in
701 3394 748 3449 his
764 3408 853 3466 quam
869 3392 898 3446 iu
914 3391 974 3447 tuis

139 3487 250 3544 debeas
265 3487 406 3543 exhibere
421 3484 600 3558 patientium.
612 3483 644 3539 Si
660 3481 813 3554 superior-o
825 3480 876 3535 tibi
892 3479 973 3535 occi·

139 3578 221 3650 dunt,
238 3595 293 3635 nec
309 3575 403 3634 dolori
417 3578 506 3643 sunt;
531 3591 585 3630 eur
599 3573 625 3629 si
651 3571 815 3628 occiderint
835 3569 973 3638 humone,

140 3671 319 3727 doleantur?

174 3760 218 3817 ll.
235 3759 279 3816 Sit
295 3764 391 3815 temen
407 3757 522 3829 patiens
538 3755 633 3824 dolor,
650 3752 689 3809 sit
705 3750 734 3807 in
751 3751 887 3807 tristibus
908 3763 974 3804 mo·

140 3849 207 3917 dus,
224 3849 274 3921 qui
290 3847 418 3921 exigitur
439 3847 469 3902 in
484 3843 636 3901 secundis.
659 3843 705 3897 dn
731 3841 758 3896 si
783 3837 974 3894 immoderate

141 3936 271 4010 gaudere
287 3935 506 4003 conconvenit,
523 3933 626 4007 iugero
637 3929 797 3987 convenit?
813 3928 880 3983 Non
896 3926 974 3982 enim

140 4026 290 4082 mediocre
305 4026 414 4080 melum
428 4028 474 4079 est
488 4020 691 4078 immoderatio
707 4018 831 4086 doloris,
849 4020 899 4071 eut
910 4031 973 4070 rne-

140 4117 190 4172 tus
205 4115 320 4170 mortis.
336 4113 467 4179 Quantos
482 4112 518 4166 nd
529 4112 665 4182 laqueum
677 4103 973 4177 impulit,ermavited

1031 3224 1198 3292 super-ses.
1215 3218 1287 3273 Plus
1303 3212 1473 3271 successori
1490 3216 1538 3266 tuo
1556 3209 1719 3283 relinquis,
1737 3211 1764 3265 si
1777 3196 1862 3282 portio

1033 3310 1100 3383 ojus
1124 3325 1181 3364 non
1206 3308 1242 3362 ad
1265 3305 1367 3360 luxum
1381 3300 1581 3375 'praesentium
1598 3299 1749 3371 proliciet,
1767 3297 1859 3356 soded

1033 3400 1161 3472 pretium
1176 3397 1351 3452 futurorum.

1069 3489 1111 3544 ll.
1133 3486 1191 3542 Sed
1215 3485 1422 3541 desideremus
1444 3481 1587 3536 amissos.
1613 3477 1680 3533 Duo
1704 3482 1775 3533 sunt
1792 3476 1857 3533 enin

1032 3593 1099 3651 qum
1115 3575 1240 3631 maxime
1256 3575 1378 3646 angunt,
1394 3574 1445 3626 aut
1458 3566 1642 3625 desiderium
1657 3580 1777 3637 eorum,
1797 3580 1861 3638 quoe

1032 3665 1232 3733 amiserimus,
1251 3664 1328 3718 sieut
1343 3675 1408 3716 meo
1424 3656 1559 3728 exemplo
1575 3656 1686 3712 metior
1702 3672 1709 3713 :
1727 3661 1777 3711 aut
1795 3652 1861 3728 quod

1033 3771 1087 3813 eos
1111 3754 1179 3811 vitae
1202 3753 1346 3808 suavitete
1368 3749 1511 3822 privatos,
1535 3750 1658 3816 ereptos
1686 3744 1800 3801 laboris
1821 3742 1861 3797 sui

1034 3844 1181 3901 tractibus
1196 3840 1375 3897 arbitremur
1388 3838 1438 3909 (8).
1454 3837 1569 3891 Tenere
1585 3834 1666 3889 enirn
1685 3834 1783 3899 1139
1793 3847 1861 3887 areo·

1034 3936 1078 3990 ris
1093 3934 1141 3988 est
1155 3931 1290 3999 titillatio,
1308 3943 1376 4002 quse
1391 3924 1587 3996 improvisum
1600 3922 1745 3978 ellectum
1760 3921 1862 3985 excitu,

1033 4027 1064 4079 ut
1080 4020 1203 4077 sedandi
1218 4016 1325 4090 magis,
1342 4030 1430 4088 quam
1445 4010 1622 4070 excludendi
1637 4011 1754 4067 doloris
1779 4008 1862 4065 fecul-

1033 4113 1079 4166 tes
1095 4110 1279 4180 relinquatur
1295 4122 1301 4161 :
1319 4105 1407 4161 simul
1425 4103 1493 4177 quie
1509 4102 1589 4172 pium
1616 4100 1740 4154 videtur
1761 4097 1862 4154 deside

141 4203 283 4278 gladium,
299 4199 675 4271 ¹¹2511005l’soamentinm
701 4211 784 4251 ΜΠ]
804 4194 972 4265 ΡΓΟᾶὓΙὍῐῑῑι
990 4216 1016 4279 D
1033 4215 1102 4255 rure
1125 4198 1205 4270 quod
1229 4194 1393 4266 amiseris,¹
1408 4197 1437 4249 et
1461 4190 1562 4263 speeie
1584 4190 1709 4244 virtutis
1734 4184 1862 4244 adolescit

139 4297 263 4351 mortem
279 4308 338 4350 non
358 4292 498 4358 terentes,
524 4294 552 4344 et
574 4292 696 4344 mortem
721 4287 892 4356 appetentes
914 4282 972 4349 itit:

85 4384 91 4390 '
140 4386 169 4440 et
185 4383 264 4456 quod
286 4399 340 4455 pro
362 4380 439 4437 rnalo
455 4380 611 4453 sugerent,
631 4391 685 4449 pro
715 4373 846 4430 remedio
874 4370 973 4426 oseis-

142 4477 271 4534 cenent?
289 4472 344 4540 Qui
364 4471 503 4546 quonium
520 4472 752 4525 consentaneum
778 4466 891 4518 nuturre
911 4475 975 4515 suae

177 4621 216 4691 (t)
233 4620 316 4677 Hanc
332 4615 507 4674 sententiam
522 4609 658 4669 Nunnius
672 4608 802 4663 autumat
826 4602 976 4660 deforme·

143 4695 282 4748 temosse
297 4706 335 4746 ex
359 4688 418 4744 illis
442 4684 629 4741 Terentiauis
652 4680 681 4734 in
706 4678 870 4759 Heauton:
889 4694 900 4724 ι
918 4674 977 4728 Aut

144 4779 201 4835 ego
217 4760 351 4834 proiecto
374 4757 493 4831 ingenio
515 4753 637 4828 egregie
658 4751 693 4805 ed
717 4749 870 4829 misor-ram·
890 4747 976 4826 natus

145 4849 231 4898 sum;
247 4835 296 4887 out
310 4831 381 4888 illud
396 4829 504 4885 falsum
524 4830 580 4894 est,
596 4822 676 4897 quod
699 4820 790 4892 vulgo
804 4817 891 4873 entire
906 4815 975 4883 drer,

146 4905 224 4960 diorn
237 4903 367 4958 adimere
389 4898 595 4973 egritudinem
620 4892 830 4950 horninibus·
853 4887 924 4970 intem
940 4901 977 4940 ex

145 4975 213 5031 istis
232 4973 439 5032 Ciceronianis
459 4971 510 5027 lib.
535 4986 585 5037 xrr,
610 4966 649 5021 ed
666 4964 797 5020 Atticum
816 4962 910 5042 epist.
935 4958 976 5011 5:

82 5102 86 5109 .
149 5071 160 5095 κ
177 5044 421 5102 consolationum
436 5046 531 5097 autem
547 5038 646 5094 multae
662 5036 729 5101 vire,
746 5032 799 5088 scd
814 5031 863 5085 alla
879 5032 980 5084 rectrs·

147 5118 241 5174 simu:
258 5117 394 5188 impetret
409 5114 493 5180 ratio,
509 5111 589 5184 quod
603 5109 668 5164 dies
685 5106 873 5186 impetretur-e
890 5102 946 5154 est.
965 5121 977 5147 ι

182 5192 220 5259 (5)
235 5188 301 5244 Νοιι
317 5187 414 5256 inepte
430 5200 496 5238 oum
513 5183 570 5238 hoc
586 5181 650 5236 loeo
666 5177 805 5242 eoneinrt,
817 5171 895 5244 qued
908 5170 981 5251 lle-r·

145 5262 226 5317 tialis
242 5257 436 5315 voluntariam
448 5254 551 5310 Fannii
572 5255 696 5307 mortem
713 5249 895 5318 vituperans,
913 5256 978 5313 epr-

149 5331 304 5407 grnmmati
321 5330 399 5385 hune
411 5328 499 5383 linem
514 5325 595 5396 penit
611 5339 617 5378 :

211 5421 271 5480 llic,
287 5432 360 5487 rogo,
375 5430 427 5466 non
439 5419 513 5466 ltrror
525 5419 574 5473 est,
586 5426 618 5461 no
628 5408 750 5465 moriare,
763 5401 850 5454 morit

183 5503 221 5572 (b)
236 5500 340 5556 Cicero
355 5498 407 5553 lib.
423 5513 455 5552 ιιι
478 5492 592 5550 Tuscul.
606 5491 714 5557 Quest.
732 5486 810 5540 illam
826 5482 982 5538 muliorum

50 5598 58 5609 ·
149 5574 178 5629 in
194 5573 323 5628 luctibus
339 5565 593 5638 intemperentiam
609 5562 695 5615 vocat
720 5581 730 5604 ι
749 5555 829 5609 roua
854 5557 882 5609 et
898 5553 981 5607 dete-

150 5643 257 5701 uelriliu
267 5655 378 5714 genere
389 5637 519 5711 lugendi,
534 5633 681 5712 paederos,
698 5625 859 5707 muliebres
875 5624 983 5706 luceru·

148 5716 435 5786 tiones,gouuorurn,
452 5705 594 5781 pectoris,
611 5705 765 5769 tammum,
791 5700 901 5770 reprtrs
915 5709 981 5766 per·

1033 4287 1199 4345 infirmites.

1070 4389 1113 4444 15.
1134 4384 1192 4441 Sed
1207 4397 1260 4438 eur
1276 4381 1305 4432 tu
1321 4370 1632 4449 putes'patientiorem
1647 4367 1731 4423 illam
1741 4381 1809 4423 esse
1822 4363 1860 4418 de·

1034 4480 1117 4547 bere,
1133 4490 1200 4549 quae
1216 4471 1354 4527 dilectum
1366 4465 1401 4520 ad
1413 4460 1571 4534 peregriua
1585 4458 1749 4525 dimiserit,
1757 4460 1786 4511 et
1796 4451 1860 4509 rnili-

1036 4619 1195 4677 eussionos
1212 4639 1223 4662 ι
1242 4610 1333 4668 ethis
1349 4605 1458 4663 similia
1481 4600 1661 4658 describens
1687 4601 1718 4680 et
1740 4595 1860 4652 condem·

1036 4707 1121 4748 nens.
1139 4692 1177 4744 At
1191 4686 1241 4740 vix
1255 4683 1414 4755 quisquam
1429 4677 1458 4730 in
1471 4671 1687 4744 turpitudinem
1709 4669 1788 4724 rllern
1801 4681 1859 4739 gra·

1036 4764 1105 4818 vius
1121 4765 1170 4815 eut
1185 4752 1391 4813 veliementius
1406 4748 1541 4802 invectus
1557 4745 1614 4810 cst,
1651 4756 1723 4795 reem
1745 4739 1859 4807 Chryso·

1038 4839 1153 4891 stemus
1169 4829 1248 4885 bom.
1262 4825 1296 4880 el
1313 4823 1343 4878 in
1358 4835 1422 4890 cap.
1439 4835 1469 4873 xe
1484 4758 1720 4879 loenuisfflom.
1735 4810 1755 4892 t·
1766 4810 1794 4891 in
1805 4821 1858 4876 erp.

1038 4923 1057 4960 n
1074 4904 1110 4960 ed
1127 4903 1282 4962 Hebraeos,
1307 4898 1336 4959 et
1359 4892 1439 4947 horn.
1453 4888 1471 4944 3
1484 4889 1514 4943 in
1531 4901 1595 4954 cap.
1614 4884 1675 4938 rod
1702 4882 1858 4962 Philippen-

1038 4993 1101 5033 ses.
1127 4972 1218 5045 btqni
1241 4966 1385 5023 nihildum
1408 4961 1467 5016 tulo
1490 4957 1627 5013 viderant
1647 4958 1699 5009 eut
1714 4949 1857 5010 audierunt,

1059 5047 1124 5102 uate
1141 5046 1170 5098 in
1186 5040 1341 5112 regionum
1357 5032 1434 5089 lreud
1451 5028 1563 5099 pridem
1578 5026 1763 5081 delectarum
1773 5018 1856 5105 ’lleirj

1039 5117 1169 5175 tronibus
1180 5112 1369 5174 memoretur,
1385 5103 1523 5158 nimirum
1535 5098 1680 5153 barbares
1691 5095 1853 5177 Nersrnganr

1039 5189 1126 5261 regni
1141 5186 1267 5241 laminas
1282 5194 1348 5235 eum
1364 5172 1462 5230 meriti
1484 5170 1802 5250 cadaveretrrrmetnn.
1815 5160 1853 5240 eat

1039 5262 1125 5315 vivas
1140 5254 1267 5321 humori,
1282 5254 1331 5305 unt
1347 5245 1473 5301 eremari
1488 5258 1541 5312 pro
1561 5239 1705 5321 dignatate
1724 5243 1851 5319 conjuges.

1075 5333 1114 5402 (Ἰ)
1132 5328 1270 5398 Plerique
1284 5335 1371 5384 mss,
1391 5313 1535 5370 arnrrtnsti
1550 5315 1734 5366 consortium
1752 5315 1849 5361 immor-

1040 5404 1178 5459 iulium.»
1714 5450 1720 5461 1
1845 5437 1849 5446 Ι

1076 5474 1117 5543 (8)
1136 5469 1251 5526 Tullius
1275 5463 1326 5519 lib.
1344 5479 1352 5515 ι
1372 5459 1455 5514 Taso.
1474 5456 1582 5522 Queest.
1602 5468 1608 5508 :
1629 5477 1640 5497 ι
1666 5450 1721 5516 Qur
1743 5449 1794 5511 est,
1814 5455 1850 5511 qut

1041 5560 1163 5601 suorum
1180 5542 1302 5595 mortem
1315 5533 1442 5605 primurn
1456 5542 1515 5583 non
1531 5540 1566 5580 eo
1581 5525 1692 5595 lugeat,
1719 5516 1793 5646 quod
1808 5524 1848 5566 eos

1041 5617 1161 5674 orbatos
1186 5612 1254 5665 vitoe
1282 5601 1445 5662 commodis
1479 5595 1659 5653 arbitretur?
1687 5592 1729 5648 'l'o
1743 5591 1767 5645 le
1792 5586 1849 5640 baut

1041 5687 1220 5764 opinionem,
1236 5681 1347 5737 luctum
1364 5669 1535 5736 sustuleris,
1556 5692 1566 5714 n
1583 5668 1641 5723 etc.
