3900 6128
82 266 126 332 53
534 261 592 328 DE
619 261 797 328 OFFICIIS
825 263 1132 332 MINISTRORUM
1158 266 1287 332 LIBER
1312 269 1380 334 1.54
1787 271 1840 351 54*

128 467 177 534 24
196 465 242 524 89.
259 466 327 522 Vox
340 467 407 538 ipsa
421 465 629 537 nonremissa,
650 480 710 521 non
730 465 833 537 tracta,
854 466 927 522 nihil
944 447 974 508 Α
986 483 1075 524 aures
1086 471 1251 541 nonpotes,
1268 471 1435 542 prohibere,
1447 474 1734 547 putatursuperhiae.
1745 477 1826 535 Sub·

87 550 249 606 temineum
263 565 388 618 sonans,
412 549 528 620 qualem
544 548 628 603 multi
651 549 806 621 gravitatis
829 549 929 620 specie

86 639 230 693 simulare
246 642 441 707 consuerunt,
458 639 511 693 sed
528 637 652 692 sormam
663 638 820 709 quamdam
839 641 867 694 et
880 653 931 694 re-

85 728 191 799 gulam
201 744 236 781 ac
247 744 372 782 succum
389 727 505 781 virilem
520 742 691 782 reservans.
709 727 773 782 Hoc
788 729 835 782 est
854 727 932 782 enim

87 816 341 886 pulchritudinem
352 816 472 872 vivendi
482 818 594 884 tencre,
607 816 811 870 convenientia
826 816 932 886 cuique

85 907 176 962 sexui
187 911 216 960 et
231 921 369 975 personae
391 905 526 960 reddere.
554 905 609 959 Hic
633 904 706 960 ordo
718 908 871 975 gestorum
882 921 933 975 op-

85 996 190 1062 timus,
203 995 252 1049 hic
269 998 391 1050 ornatus
410 995 447 1048 ad
467 1009 583 1048 omnem
599 994 745 1048 actionem
764 1009 933 1049 accommo-

87 1083 158 1137 dus.
179 1083 237 1138 Sed
263 1087 295 1138 ut
314 1082 496 1138 molliculum
526 1086 554 1138 et
587 1081 744 1137 infractum
774 1084 823 1137 aut
849 1082 934 1137 vocis

88 1189 209 1240 sonum,
226 1174 276 1227 aut
290 1176 410 1244 gestum
430 1172 564 1242 corporis
583 1187 642 1227 non
659 1171 771 1241 probo:
787 1171 825 1225 ita
838 1185 934 1241 neque

85 1265 240 1332 agrestem
251 1277 285 1314 ac
296 1262 451 1316 rusticum.
462 1261 603 1314 Naturam
613 1259 761 1314 imitemur
773 1274 778 1314 :
793 1259 859 1330 eius
872 1259 934 1314 etii·

86 1351 168 1421 gies,
186 1348 312 1404 formula
328 1349 507 1419 disciplinae,
518 1348 612 1403 torma
621 1346 789 1404 honestatis
800 1349 856 1402 est.

402 1455 528 1510 CAPUT
555 1455 621 1509 XX.

84 1545 136 1600 Ad
144 1545 382 1601 conservandam
396 1543 604 1599 verecundiam
614 1543 876 1614 intemperantium
886 1542 936 1598 ho·

120 1619 235 1671 minum
254 1617 414 1678 consortia,
434 1616 572 1670 convivia
584 1620 806 1683 extraneorum,
827 1630 936 1669 acmu-

120 1688 233 1742 Iierum
249 1687 424 1743 commercia
447 1686 565 1740 vitanda
587 1705 595 1738 :
616 1685 671 1745 sed
693 1685 783 1740 otium
803 1691 935 1740 nostrum

121 1760 204 1813 dorni
214 1759 317 1830 inpiis
330 1757 521 1829 honestisque
532 1756 643 1810 stodiis
655 1755 869 1811 insumendum.
950 1773 978 1837 Β

125 1847 172 1903 85.
190 1847 289 1902 Habet
313 1862 385 1902 sano
408 1863 481 1901 suos
505 1845 647 1916 scopulos
665 1845 854 1915 verecundia,
875 1861 935 1901 non

85 1954 165 2010 quos
180 1939 247 2008 ipsa
262 1936 384 2006 invehit,
397 1936 450 1991 sed
459 1951 535 2007 quos
543 1949 624 2005 saepe
634 1935 776 2005 incurri13
792 1935 819 1988 si
828 1935 936 1989 intem·

84 2028 255 2098 parantium
274 2026 439 2080 incidamus
456 2026 616 2092 consortia,
633 2023 685 2096 qui
699 2023 756 2077 sub
772 2023 934 2095 spaciey'u·

86 2115 250 2170 cunditctis
262 2130 410 2169 venenum
426 2113 583 2169 infundunt
602 2111 701 2167 bonis.
719 2111 758 2166 Hi
776 2112 803 2165 si
819 2107 936 2171 assidui

86 2209 167 2270 sunt,
179 2207 209 2257 et
226 2205 353 2257 maxime
369 2203 399 2257 in
416 2203 564 2272 convivio,
578 2201 649 2257 ludo
660 2199 784 2273 aojoco,
794 2202 936 2256 enervant

87 2294 267 2365 gravitatem
283 2292 362 2346 illam
383 2291 508 2347 virilem.
527 2289 692 2346 Careamus
703 2290 802 2362 itaque
817 2306 853 2345 ne
865 2290 934 2346 dum

88 2381 370 2436 1·claxareanimum
391 2380 539 2450 volumus,
556 2380 709 2436 solvamus
728 2394 844 2434 omnem
863 2380 934 2435 har-

88 2472 232 2537 moniam,
245 2470 330 2542 quasi
349 2472 525 2525 concentum
540 2469 696 2540 quemdam
706 2467 852 2524 honorum
863 2485 935 2540 ope-

90 2575 173 2629 rum3
191 2574 270 2613 usus
281 2559 359 2614 enim
371 2558 429 2612 cito
441 2559 563 2613 inflectit
578 2561 721 2613 naturam.

122 2649 170 2705 86.
194 2648 280 2703 L'nde
305 2664 392 2720 quam
413 2648 573 2719 prudenter
589 2646 675 2702 iactis
700 2646 859 2701 convenire
879 2645 935 2717 (95)

91 2737 324 2804 ecclesiasticis
336 2740 364 2791 ct
380 2736 506 2790 maxime
521 2735 725 2791 ministrorum
737 2734 846 2791 ciliciis
855 2735 936 2789 arbi-

88 2832 157 2895 tror,
177 2825 332 2879 declinare
354 2827 561 2880 extraneorum
582 2813 717 2879 convivia
739 2838 745 2878 :
766 2824 814 2879 vel
832 2827 863 2878 ui
879 2823 936 2894 ipsi

90 2913 258 2986 hospitales
277 2914 344 2968 sitis
356 2912 626 2986 peregrinantibus,
648 2912 696 2968 vel
710 2914 786 2967 ntea
801 2911 936 2968 cautione

88 3003 189 3058 nullus
206 3004 245 3058 sit
260 3002 420 3074 opprobrio
437 3002 533 3057 locus.
549 3001 692 3057 Convivia
709 3001 818 3073 qnippe
836 3005 936 3057 extra-

88 3110 214 3148 neorum
235 3092 448 3162 occupationes
464 3091 583 3161 habent,
604 3093 664 3146 tum
690 3092 777 3145 etiam
797 3089 936 3161 epulandi
952 3051 1023 3146 (ist

87 3183 218 3253 produnt
242 3181 432 3252 cupiditatem
449 3180 517 3252 (96).
538 3180 709 3251 Subrepunt
723 3181 809 3235 etiam
826 3179 935 3235 tabulas

89 3272 264 3343 trequenter
285 3271 322 3325 de
352 3269 463 3326 saeculo
498 3286 532 3324 ae
554 3269 756 3340 voluptatibus
774 3284 779 3324 :
798 3268 936 3325 claudere

83 3378 96 3399 Ι

88 3413 227 3484 baptizati
239 3429 294 3483 per
304 3416 436 3469 octavam
449 3412 603 3468 Paschatis
627 3413 657 3466 in
674 3412 740 3466 alba
755 3413 838 3467 veste
853 3411 936 3467 ince-

89 3487 156 3540 dere
168 3487 256 3541 soirti
267 3488 371 3553 erant;
387 3486 417 3539 in
432 3501 489 3556 quo
511 3487 609 3538 tamen
628 3483 806 3538 innocentiae
816 3498 935 3607 quoque

90 3557 353 3612 demonstrabatur
381 3556 532 3611 indicium.
565 3554 622 3610 Sed
648 3569 703 3608 nec
726 3554 799 3609 adeo
836 3554 933 3609 aetitiae

89 3629 227 3682 addictus
244 3630 307 3682 erat
326 3627 470 3682 candibus
490 3626 581 3695 color,
602 3629 633 3680 ut
652 3641 711 3679 non
731 3625 823 3680 luctui
847 3624 934 3699 etiam

88 3700 266 3766 inservirem
283 3700 421 3753 novimus
437 3699 515 3752 enim
536 3697 684 3768 quondam
699 3696 840 3751 mulieres
856 3694 933 3764 apud

91 3772 245 3826 Romanos
259 3770 372 3834 atheias
388 3770 484 3824 tuisse
494 3771 522 3822 in
534 3768 690 3823 funeribus
702 3784 708 3822 :
721 3782 808 3848 quem
821 3781 935 3821 morem

89 3844 179 3896 ctiam
196 3843 226 3896 in
255 3840 349 3896 Gallia
366 3843 516 3896 servatum
528 3855 554 3893 -a
572 3839 687 3911 reginis
710 3838 809 3893 viduis
838 3837 934 3892 luisse

87 3913 194 3967 colunt
212 3913 357 3967 nonnulli.
388 3911 470 3966 Alias
495 3910 622 3965 tristitiae
648 3909 734 3981 niger
757 3924 812 3964 seu
834 3908 933 3978 pullus

88 3984 174 4037 color
192 3983 352 4038 convenire
368 3982 607 4047 existimabatur3
624 3980 701 4035 unde
712 3979 770 4035 sibi
786 3995 852 4035 eum
868 3994 933 4034 mo-

88 4055 189 4121 nachi,
210 4069 336 4125 quorum
362 4058 408 4108 est
426 4056 488 4107 tum
506 4069 559 4107 sua
579 4055 641 4106 tum
665 4051 790 4106 aliorum
812 4053 931 4122 peccata

88 4125 161 4179 ttere
191 4125 373 4197 delegerant.
401 4124 586 4195 Quapropter
609 4123 736 4194 Magnus
763 4123 930 4187 Antonius,

89 4196 223 4265 martyrii
251 4197 401 4251 desiderio
424 4197 559 4263 incensu,
580 4209 617 4248 ne
646 4194 756 4248 coloris
776 4192 932 4259 monastici

90 4269 233 4338 cognitus
250 4268 369 4336 indicio,
387 4266 423 4321 ab
441 4281 567 4321 accessu
579 4264 692 4336 judicis
712 4263 930 4335 prohiberetur,

987 561 1091 627 repunt
1109 560 1315 630 etiampractcc
1328 561 1508 617 voluntatem
1525 565 1640 635 pocula.
1656 567 1762 622 Melius
1779 570 1827 627 est

986 650 1044 701 tuae
1055 647 1154 702 domui
1167 649 1258 704 semel
1268 665 1407 719 excuses,
1421 667 1508 721 quam
1518 654 1622 708 alienae
1634 654 1825 727 frequenter:
1851 653 1852 656 ’

987 739 1015 790 et
1030 739 1061 790 ut
1075 737 1139 806 ipse
1152 737 1271 792 sobrius
1284 754 1403 810 surgas,
1421 742 1517 794 tamon
1533 758 1570 796 cx
1580 744 1676 798 aliena
1690 744 1827 802 insolen-

986 824 1025 879 tia
1041 827 1231 881 condemnari
1243 843 1301 882 non
1313 828 1401 882 debet
1410 832 1570 899 praesentia
1580 834 1638 886 tua.

1025 914 1069 970 8¹1.
1087 916 1291 970 Viduarumac
1306 917 1456 989 virginum
1474 919 1589 989 domoc,
1608 922 1666 976 nisi
1686 922 1826 980 visitandi

987 1006 1080 1076 gratia
1095 1004 1162 1074 (97),
1187 1006 1235 1070 25
1250 1005 1386 1076 juniores
1397 1007 1479 1063 adire
1490 1023 1549 1063 non
1560 1013 1606 1063 est
1616 1026 1691 1081 opus
1704 1026 1709 1066 :
1722 1015 1751 1066 et
1767 1012 1826 1069 hoo

987 1102 1053 1140 eum
1069 1085 1249 1155 senioribus,
1267 1086 1323 1141 hoc
1342 1090 1397 1155 est,
1416 1088 1464 1142 vel
1480 1104 1546 1142 cum
1562 1091 1714 1161 episcopo,
1730 1092 1778 1146 vel
1797 1092 1828 1148 si

987 1174 1108 1246 gravior
1122 1177 1168 1230 est
1183 1190 1283 1244 eausa,
1305 1191 1371 1229 cum
1387 1177 1583 1248 presbyteris.
1599 1178 1674 1244 Quid
1698 1195 1826 1238 necesse

988 1266 1034 1318 est
1048 1265 1079 1317 ut
1089 1263 1193 1318 demus
1205 1262 1400 1319 saecularibus
1410 1266 1600 1331 {obtrectandi
1614 1268 1735 1326 locum?
1750 1269 1828 1334 Quid

989 1367 1064 1423 opus
1081 1356 1172 1407 estut
1191 1353 1249 1407 illae
1268 1369 1386 1424 quoque
1406 1355 1592 1410 visitationes
1613 1358 1727 1414 crebrae
1749 1359 1827 1415 acci·

988 1443 1068 1511 piant
1092 1442 1315 1497 auctoritatam?
1343 1442 1418 1508 Quid
1441 1446 1467 1498 si
1488 1445 1584 1516 aliqua
1610 1447 1725 1503 illarum
1751 1449 1827 1506 torte

988 1531 1122 1586 labatur?
1142 1532 1297 1586 curationi
1314 1533 1417 1603 lapsus
1434 1534 1544 1589 subeas
1562 1534 1828 1604 invidiamiQuam

989 1620 1098 1675 multos
1123 1621 1211 1675 etiam
1226 1620 1319 1676 lortes
1339 1621 1479 1677 illecebra
1497 1624 1633 1695 decepit?
1647 1626 1752 1691 Quanti
1767 1640 1827 1683 non

990 1709 1134 1765 dederunt
1147 1711 1241 1765 errori
1251 1710 1358 1780 locum,
1375 1714 1404 1766 et
1418 1712 1562 1768 dederunt
1573 1714 1752 1785 suspicioni!

1022 1798 1067 1854 88.
1084 1799 1143 1854 Cur
1153 1815 1210 1854 non
1225 1800 1275 1854 ille
1289 1803 1431 1870 tempora,
1448 1803 1557 1872 quihus
1568 1804 1604 1858 ab
1622 1804 1758 1860 Ecclesia
1772 1821 1828 1861 va*

994 1904 1055 1958 cas,
1072 1888 1191 1943 lectioni
1206 1888 1380 1958 impendas?
1395 1890 1455 1945 Cur
1468 1907 1527 1946 non
1537 1890 1687 1948 Christum
1697 1895 1826 1966 revisas,

991 1977 1140 2033 Christum
1161 1977 1332 2049 alloquaris,
1352 1977 1501 2034 Christum
1517 1981 1643 2037 audias?
1657 1983 1741 2038 Illum
1755 1984 1829 2039 allo-

989 2067 1107 2138 quimur
1130 2083 1196 2121 cum
1218 2083 1348 2137 oramus,
1372 2068 1453 2122 illum
1475 2070 1611 2125 audimus
1638 2087 1706 2126 cum
1728 2072 1828 2128 divina

988 2155 1116 2228 legimus
1129 2157 1257 2211 oracula.
1270 2156 1344 2221 Quid
1356 2157 1444 2212 nohis
1460 2174 1527 2212 cum
1542 2159 1648 2215 alienis
1666 2160 1828 2219 domibus?

988 2244 1053 2300 Una
1069 2249 1114 2300 est
1129 2245 1247 2313 domne,
1259 2261 1326 2316 quae
1343 2261 1446 2300 omnes
1455 2248 1542 2318 oapit.
1554 2248 1598 2302 Illi
1610 2251 1707 2320 potius
1718 2251 1756 2306 ad
1770 2265 1827 2307 nos

986 2335 1114 2399 veniant,
1132 2336 1182 2406 qui
1198 2350 1254 2389 nos
1268 2335 1432 2405 requirunt.
1449 2335 1525 2400 Quid
1545 2337 1632 2392 nohis
1656 2354 1723 2393 cum
1738 2339 1827 2395 sabu-

984 2415 1046 2478 lis?
1061 2423 1256 2478 Ministerium
1275 2422 1418 2478 altaribus
1434 2423 1555 2494 Christi,
1573 2441 1632 2482 non
1647 2427 1827 2500 obsequium

988 2513 1158 2568 hominihus
1171 2512 1363 2567 deferendum
1377 2513 1556 2584 recepimus.
1736 2521 1737 2525 ’

1024 2601 1067 2656 89.
1085 2602 1220 2656 Humiles
1239 2617 1295 2656 nos
1315 2616 1385 2655 esse
1409 2601 1502 2672 decet,
1520 2602 1617 2674 mites,
1641 2607 1826 2680 mansuetos,

989 2707 1108 2764 graves,
1130 2692 1285 2762 patientes,
1309 2690 1429 2745 modum
1451 2693 1552 2747 tenere
1575 2692 1605 2746 in
1626 2694 1781 2765 omnibus3
1794 2697 1829 2752 nt

989 2781 1101 2836 nullum
1110 2781 1288 2835 vitiumesse
1299 2780 1329 2834 in
1339 2779 1527 2850 moribusval
1542 2781 1649 2839 tacitus
1660 2784 1827 2858 vultus,vel

990 2886 1088 2926 sermo
1099 2870 1260 2925 annuntiet.
1695 2888 1700 2897 ·

1295 2940 1420 2997 CAPUT
1442 2942 1520 2997 XXI.

1024 3049 1177 3106 acuudiam
1198 3050 1370 3121 priusquam
1394 3050 1518 3117 oriatur,
1534 3053 1781 3122 praecavendam
1799 3055 1828 3112 si

1028 3123 1131 3178 oborta
1148 3121 1250 3185 tuerit,
1272 3121 1492 3192 reprimendam
1512 3138 1545 3177 ae
1562 3124 1754 3195 mitiqaudam
1776 3126 1829 3182 :si

1028 3210 1083 3250 uec
1098 3194 1129 3248 id
1145 3193 1264 3264 assequi
1280 3192 1460 3247 valuerimus
1477 3192 1745 3264 linquarusultema
1756 3214 1827 3254 coa·

1031 3265 1118 3320 viciis
1129 3263 1339 3330 coercendam·
1352 3268 1381 3318 ut
1389 3264 1450 3319 siut
1458 3271 1554 3321 urotus
1565 3267 1827 3339 uostripuoriliuua

989 3412 1087 3465 tamen
1098 3411 1144 3464 est
1154 3408 1190 3462 ab
1203 3406 1360 3462 Ambrosio
1375 3406 1433 3462 hoc
1448 3407 1505 3462 looi
1524 3409 1602 3464 aliud
1617 3409 1690 3465 nihil
1708 3410 1826 3469 clericis

989 3481 1151 3551 prohiberi,
1176 3480 1235 3533 nisi
1259 3478 1417 3534 candorem
1442 3480 1568 3535 vestium
1599 3481 1766 3538 affectatum
1791 3499 1827 3540 ao

989 3553 1077 3608 nimis
1087 3553 1249 3619 lucentem3
1265 3553 1296 3605 ut
1306 3566 1373 3621 quae
1389 3555 1555 3623 sequuntur
1571 3555 1644 3608 satis
1655 3555 1826 3626 ostendunt,

989 3623 1068 3678 uihil
1082 3623 1204 3678 accedat
1221 3622 1323 3677 nitori.
1341 3621 1376 3677 iit
1391 3623 1447 3677 hoe
1463 3622 1595 3692 prolecto
1613 3625 1735 3680 mirifice
1753 3643 1827 3683 con·

987 3695 1068 3750 venit
1083 3710 1150 3748 cum
1173 3693 1210 3747 iis
1230 3709 1297 3763 quae
1312 3693 1443 3747 Basilius
1454 3693 1540 3763 epist.
1557 3713 1577 3764 r,
1595 3696 1630 3750 ad
1649 3696 1828 3768 Gregorium

989 3767 1121 3832 Narium,
1141 3765 1284 3836 praecipit.
1301 3765 1359 3820 Sed
1369 3765 1446 3818 illam
1457 3764 1523 3834 ipse
1537 3768 1677 3821 consulas
1688 3769 1766 3824 licet.

1024 3836 1082 3906 (95)
1097 3837 1139 3890 lta
1154 3836 1224 3891 edit.
1242 3853 1277 3890 ac
1291 3852 1365 3890 mss.
1382 3836 1514 3890 nonnulli
1534 3853 1539 3892 :
1557 3839 1606 3892 alii
1624 3855 1694 3896 vero
1708 3840 1825 3913 partim,

990 3906 1828 3985 undeprudenterfaciliscouveuiro;partimundequod

984 3980 1153 4052 prudenter
1171 3979 1272 4047 uqitiS,
1293 3979 1466 4045 convenire,
1491 3982 1559 4050 etc,
1576 3997 1636 4035 nou
1650 3982 1826 4055 incongrue.

1020 4050 1077 4116 (96)
1088 4050 1163 4105 hlss.
1171 4050 1292 4120 aliquot,
1302 4049 1440 4121 epulandi
1448 4052 1612 4119 producunt
1623 4054 1825 4124 cupiditatem.

1021 4120 1078 4189 (97)
1088 4121 1227 4191 Magnam
1242 4136 1362 4191 semper
1372 4122 1468 4192 gessit
1479 4121 1613 4177 Ecclesia
1629 4125 1827 4180 existimatio-

986 4193 1034 4246 nis
1046 4193 1248 4247 ministrorum
1265 4207 1387 4246 suorum
1399 4208 1509 4248 curam.
1522 4194 1599 4248 Hinc
1615 4197 1747 4267 estquod
1757 4197 1826 4251 hm-

987 4264 1108 4318 hrosius
1123 4263 1181 4318 hoc
1193 4262 1259 4318 loco
1277 4265 1318 4317 tot
1335 4263 1555 4320 conditionibus
1567 4265 1742 4322 clericorum
1754 4267 1826 4323 ado-

90 4338 190 4392 alhum
202 4338 306 4406 induit,
317 4340 348 4391 ut
362 4338 483 4392 disserit
493 4336 666 4408 inejusdem
677 4336 736 4389 vita
748 4335 928 4389 Rosveidus.
943 4347 972 4413 D
987 4334 1198 4390 lescentiorum
1213 4350 1279 4388 cum
1294 4333 1392 4389 viduis
1407 4350 1442 4388 ac
1459 4336 1554 4392 sacris
1569 4338 1737 4409 virginibus
1753 4353 1826 4395 cou-

90 4408 132 4462 Eo
148 4409 288 4464 similiter
315 4408 414 4464 colore
438 4424 541 4463 sacras
564 4407 698 4478 virgines
719 4406 801 4460 indui
826 4405 930 4460 solitos
989 4422 1129 4478 gressum
1143 4405 1827 4477 circumscribit.Quaetiamprudentiainducti

92 4479 241 4535 &conius
269 4480 305 4533 ad
327 4496 373 4533 an.
395 4478 654 4533 casacutulam
668 4492 740 4532 vero
768 4476 931 4546 equodam

92 4550 157 4606 loco
173 4551 309 4621 epistole
325 4551 495 4621 Hieronymi
510 4549 546 4603 ad
568 4549 773 4618 Nepotianum,
791 4563 879 4618 quam
894 4547 931 4601 ad

92 4637 200 4676 annum
224 4620 278 4678 393
303 4622 410 4688 refert,
437 4622 562 4675 clericos
584 4619 746 4690 antiquitus
770 4634 828 4673 non
844 4618 931 4688 -pnlla

92 4709 145 4746 nec
156 4693 236 4755 alba.
253 4694 307 4747 sed
319 4696 456 4747 castanea
466 4695 550 4746 vesta
565 4707 600 4745 ac
616 4690 747 4744 violacea
756 4705 830 4745 usos
846 4689 931 4743 colli-

93 4780 179 4833 gens,
201 4764 283 4818 addit
301 4765 331 4818 in
348 4762 512 4818 Ecclesiam
540 4765 610 4816 tunc
626 4761 751 4831 primum
771 4762 931 4830 irrepsisse

92 4836 223 4889 colorem
242 4836 372 4908 nigrum,
399 4851 462 4889 cum
486 4833 705 4888 monachismus
728 4833 759 4885 iu
782 4831 915 4887 nourruiii

91 4905 242 4960 Ecclesiis
260 4923 278 4960 a
302 4905 425 4961 clericis
439 4910 579 4976 receptus
596 4910 652 4972 cst,
674 4909 703 4958 ot
723 4919 763 4958 ex
779 4903 932 4958 monachis

92 4978 224 5049 episcopi
233 4979 330 5032 creati
344 4982 422 5030 sunt.
439 4975 523 5030 Certe
534 4975 652 5047 quidem
662 4975 692 5028 in
704 4974 758 5028 hac
773 4973 931 5045 posteriori

91 5051 172 5117 parte
202 5065 271 5102 cum
299 5048 472 5103 doctissimo
499 5047 645 5102 Cardinuli
675 5044 773 5100 lacere
796 5045 929 5115 videtur,

91 5118 169 5188 quod
182 5119 326 5173 scribitur
337 5121 366 5173 in
381 5118 433 5172 Via
445 5119 539 5172 sancti
550 5117 677 5181 Martini,
689 5132 756 5171 eum
774 5120 931 5187 postquam

91 5190 126 5243 ad
149 5191 352 5261 episcopalem
372 5190 475 5244 sedem
488 5193 610 5244 evectus
624 5192 716 5255 esset,
733 5187 850 5259 nigrum
866 5186 930 5257 pal·

90 5260 171 5328 lium,
195 5278 255 5332 quo
275 5263 358 5332 prius
374 5261 562 5315 monachium
576 5276 670 5332 agens
690 5259 836 5324 utebatur,
862 5257 931 5312 reti·

89 5334 215 5387 arrisse:
234 5349 336 5387 verum
353 5331 400 5386 ille
422 5332 452 5385 iu
469 5332 644 5401 exponendo
666 5330 836 5400 Hieronymi
864 5328 930 5385 loco

89 5403 229 5458 dissentit
246 5420 265 5457 a
289 5405 375 5459 Petro
398 5402 602 5471 Cluniacens13
633 5402 680 5456 hic
705 5401 783 5456 enim
805 5401 931 5456 sumita

88 5475 309 5546 interpretatur,
318 5490 353 5530 ac
369 5474 395 5529 si
406 5478 517 5529 mutum
531 5473 724 5529 admoneatur
734 5471 930 5541 Nepotianus,

87 5546 117 5599 in
132 5548 291 5628 utriusque
310 5545 420 5601 coloris
436 5561 494 5600 usu
508 5546 617 5600 tastum
633 5549 745 5599 caveat.
757 5542 815 5598 Sed
826 5558 930 5614 quam-

87 5617 134 5674 vis
143 5632 248 5675 minos
257 5619 360 5675 coacta
369 5616 504 5674 videatur
513 5615 634 5672 Baronii
643 5614 801 5687 expositio,
819 5616 932 5670 certum

988 4481 1101 4549 quartae
1117 4477 1224 4548 synodi
1234 4476 1489 4549 Carthaginiensis
1498 4479 1695 4545 antistites,ut
1708 4479 1827 4550 signifi-

989 4553 1091 4604 carent
1105 4564 1222 4604 omnem
1237 4548 1625 4619 hujusmodilamiliaritatis
1637 4551 1828 4606 occasionem

985 4619 1146 4675 tollendam
1161 4636 1177 4674 c
1193 4619 1300 4685 medio,
1317 4619 1494 4673 definierunt
1509 4635 1573 4673 can.
1594 4619 1662 4676 loe:
1681 4622 1750 4677 «Ad
1762 4638 1827 4677 rea·

986 4695 1046 4746 tum
1059 4691 1192 4761 episcopi
1207 4691 1387 4760 pertinere...
1403 4689 1430 4743 si
1446 4691 1648 4746 sustentandae
1663 4692 1731 4748 vitae
1747 4709 1827 4765 prae-

987 4763 1081 4817 sentis
1099 4778 1189 4816 causa
1201 4765 1268 4831 (que
1282 4761 1438 4814 tamenvix
1448 4760 1504 4814 alia
1517 4760 1628 4832 justior
1638 4779 1707 4818 esse
1718 4764 1827 4835 potest)

986 4830 1827 4892 viduaevelsanctimonialesclericorumfamiliaritatibus

987 4905 1194 4974 subjiciantur.
1210 4927 1220 4950 n
1238 4903 1311 4957 Cum
1321 4904 1484 4973 cutemque
1494 4905 1607 4959 ratione
1617 4923 1633 4959 a
1645 4907 1827 4963 clericishu·

984 4975 1117 5047 jusmodi
1129 4974 1245 5028 leminea
1257 4972 1433 5028 accedentes
1450 4975 1632 5044 excipiendae
1644 4979 1713 5047 sint,
1726 4978 1755 5033 S.
1769 4980 1827 5033 Do·

987 5051 1246 5115 ctornequaquam
1261 5045 1428 5114 praecipiat:
1449 5045 1515 5100 inde
1528 5048 1673 5119 conjicias
1691 5049 1769 5104 haud
1787 5050 1827 5106 ita

987 5118 1158 5188 frequenter
1172 5131 1223 5170 eas
1238 5115 1324 5169 domo
1342 5115 1445 5187 egredi
1461 5117 1497 5172 ad
1518 5119 1706 5173 invisendum
1721 5136 1827 5191 quem·

987 5189 1064 5259 piam
1083 5187 1288 5242 consuevisse.
1312 5187 1357 5241 hh
1385 5186 1519 5242 Ecclesia
1541 5191 1637 5243 tamen
1663 5191 1827 5247 universim

986 5260 1139 5330 provisum
1151 5260 1325 5328 reporimus,
1342 5274 1378 5311 ne
1394 5259 1499 5312 mulier
1518 5261 1583 5315 sine
1604 5262 1774 5317 diaconissa
1788 5262 1826 5318 ad

987 5331 1143 5385 diaconum
1157 5329 1262 5385 debeat
1278 5329 1431 5383 accedere.
1451 5329 1576 5394 Quodsi
1593 5335 1670 5386 tanta
1688 5334 1826 5388 cautione

986 5402 1022 5456 de
1040 5401 1167 5470 simplici
1182 5401 1299 5456 serrium
1311 5401 1347 5453 ad
1366 5400 1523 5454 diaconum
1536 5402 1616 5458 aditu
1633 5405 1826 5459 constitutum

987 5473 1035 5540 sit,
1061 5473 1129 5543 quis
1151 5473 1273 5526 miretur
1296 5471 1540 5542 presbyterorum
1562 5489 1628 5529 eum
1651 5473 1825 5530 mulieribus

987 5543 1213 5600 contubernium
1229 5546 1269 5598 tot
1284 5544 1448 5600 canonibus
1460 5546 1658 5620 proscriptum
1669 5544 1760 5602 esse?
