3900 6128
134 105 203 172 2⁸29
617 108 673 172 DE
694 107 863 174 SPIRITU
883 106 1060 172 SANOTO.
1085 143 1122 155 -
1140 106 1396 173 ADMONITIO.
1822 102 1882 170 ⁷³0

119 333 227 391 quam
241 315 446 391 Ambrosium,
463 334 520 393 qua
530 317 566 375 da
578 335 609 375 re
621 321 651 375 ut
662 318 760 392 quivis
769 320 859 374 tatius
872 317 947 373 terre
959 318 1052 374 valcat
1061 318 1215 390 judicium,
1227 332 1302 375 neve
1313 318 1433 376 eludere
1443 318 1625 376 difficultatis
1638 319 1747 376 nodum
1759 314 1880 391 ipsimet

120 405 311 479 videamur,
328 407 427 466 locum
442 408 590 483 integrum
606 407 654 465 hic
669 408 866 482 subjicimus:
886 408 996 462 allelui
1013 407 1098 462 alieni
1111 409 1211 480 operis
1224 408 1371 479 interpres
1383 407 1539 477 exsistere,
1556 423 1643 480 quam
1658 408 1822 480 (etquidem
1836 407 1882 463 te—

107 497 229 557 oiunt)
246 496 385 553 informis
401 498 551 554 cornicula
567 497 672 553 alienis
690 513 736 553 me
752 497 902 552 color-ibas
918 498 1071 552 adornare.
1090 498 1162 570 Legi
1178 497 1288 552 dudum
1304 496 1460 569 cujusdam
1475 497 1594 552 libellos
1609 496 1645 552 de
1667 495 1777 567 Spiritu
1792 510 1882 551 sane-

95 598 124 650 t
137 602 175 653 o,
192 590 222 641 et
236 587 324 658 juxta
340 587 446 643 comici
461 588 636 642 senientiam
652 604 689 642 ex
700 588 813 643 Grrecis
830 587 917 641 banis
935 588 1035 640 Latina
1052 587 1110 641 virli
1126 604 1184 642 ncn
1200 588 1286 643 bona.
1305 587 1384 641 Nihil
1401 587 1441 641 ibi
1472 586 1668 656 dialecticum,
1695 586 1768 640 nihil
1784 584 1880 655 virile,

92 672 212 742 nihil
227 674 408 747 districtum,
424 677 504 749 qaod
520 677 659 732 lectorem
675 677 720 731 vel
737 677 767 730 in
783 677 887 749 gratiis
903 676 939 730 ad
955 692 1112 731 assensum
1129 677 1236 731 trahat:
1265 677 1318 730 sed
1335 679 1426 730 totam
1452 676 1617 746 flaccidum,
1639 676 1739 740 molle,
1757 675 1881 730 nitidum

80 790 131 831 a
148 768 225 837 tque
243 763 417 835 formosum¹
438 768 466 821 et
483 766 640 838 exquisitis
657 765 802 820 hincinde
813 765 1186 836 odoribaspigmentatam.
1200 766 1343 837 ilgdimus
1354 782 1425 820 vero
1438 781 1521 821 meus
1532 764 1773 821 oculumbabens
1789 778 1882 835 spon-

76 879 129 921 s
141 870 216 909 a...
232 853 320 910 Certe
335 855 385 928 qui
401 855 480 910 laune
496 856 611 928 legerit,
622 856 791 910 Latinorum
804 855 878 909 turia
891 859 1063 927 cognoscet,
1075 859 1103 908 ct
1124 858 1289 910 contemnet
1300 856 1424 924 rivuloS,
1435 871 1501 909 cum
1513 855 1636 925 eoeperit
1645 854 1764 909 haurire
1773 852 1809 908 de
1821 851 1884 908 ion·

74 958 106 1009 t
122 943 219 1001 ibus
229 944 338 1017 (Epist.
355 945 393 1001 ad
407 944 577 1001 Pauliniaa.
594 944 663 1001 hnic
674 945 761 1017 Operi
772 944 914 1016 praefixa).
930 966 940 991 a
957 943 1030 1010 Quis
1046 944 1319 1000 commentationem
1335 944 1429 999 ullara
1443 943 1614 1000 durioribus
1635 943 1737 999 verbis
1753 956 1881 1016 unquam

67 1033 293 1098 traduxit?

180 1123 313 1194 Rulinus,
326 1139 394 1179 eum
409 1124 545 1181 almultas
564 1127 640 1182 inter
656 1128 753 1198 ipsum
769 1130 856 1200 atque
870 1127 1081 1200 Hieronymum
1091 1127 1192 1182 ultoria
1205 1129 1294 1196 esset,
1308 1142 1422 1180 samma
1434 1142 1501 1181 cum
1513 1123 1714 1197 indignatione
1725 1122 1755 1177 iu
1766 1137 1833 1178 eum
1844 1119 1882 1177 ob

77 1218 103 1271 i
117 1215 136 1268 1
151 1212 224 1266 lam
238 1212 330 1282 ipsam
346 1216 522 1269 senientiam
537 1216 715 1289 insurgens:
737 1240 747 1264 ιι
765 1217 822 1271 Sed
838 1217 976 1288 quoniam
992 1218 1114 1288 polliriti
1131 1233 1245 1287 sumus,
1262 1216 1365 1288 inquit,
1382 1217 1559 1286 probaturos
1574 1231 1630 1269 nos
1641 1212 1789 1286 quomodo
1804 1211 1883 1267 lace·

80 1303 192 1359 ret
206 1302 297 1355 virum
313 1303 443 1357 omnium
459 1304 651 1360 admiratione
666 1305 788 1378 dignum
804 1307 994 1361 diuinosiunr
1011 1308 1193 1378 episcopum,
1211 1307 1260 1378 qui
1277 1322 1336 1361 non
1357 1306 1453 1360 sctum
1474 1303 1705 1360 hlediolanensis
1725 1299 1881 1369 Ecclesiae,

86 1390 345 1446 verumetiam
360 1394 491 1447 omnium
509 1393 710 1450 Ecclesiarum
727 1396 862 1450 columna
891 1397 1036 1468 quaedam,
1054 1396 1187 1450 ctiurris
1212 1395 1465 1466 inexpugnabilis
1491 1395 1545 1449 suit
1574 1390 1671 1457 (lib.'u
1688 1390 1834 1445 Inrectiv.
1851 1389 1883 1443 iu

96 1478 338 1550 Ilierouvrun,
357 1504 368 1530 n
387 1481 421 1536 Et
438 1481 538 1538 multis
554 1483 718 1556 interjectis
733 1486 831 1557 pergit
845 1487 874 1540 in
890 1486 968 1541 buno
985 1485 1119 1540 moduni:
1149 1506 1159 1532 r
1177 1485 1294 1539 Auditis
1309 1484 1556 1555 quemadmodum
1572 1497 1659 1552 quem
1677 1494 1799 1534 corvum
1816 1479 1882 1534 ente

104 1568 141 1621 d
151 1568 164 1621 i
174 1572 253 1621 xerat
267 1571 296 1623 et
312 1573 404 1625 toturn
419 1572 621 1644 tenebrosum,
637 1590 715 1628 nune
731 1575 858 1631 interum
876 1576 1055 1630 corniculam
1068 1575 1144 1628 dicat
1154 1575 1260 1628 alicnis
1276 1589 1309 1628 se
1320 1573 1425 1644 pennis
1440 1572 1487 1626 vel
1498 1571 1649 1627 coloribus
1660 1569 1880 1641 depingentem,

109 1659 163 1710 et
185 1672 268 1728 quam
282 1660 408 1730 turpiter
423 1661 541 1731 laceret,
559 1665 587 1717 et
602 1663 673 1718 nihil
691 1663 775 1718 virile
792 1664 868 1718 dicat
884 1665 993 1719 habere
1009 1664 1114 1733 virum,
1131 1664 1180 1735 qni
1197 1663 1232 1717 ad
1248 1661 1449 1717 Ecclesiarum
1465 1660 1576 1716 Christi
1590 1659 1715 1733 gloriam
1739 1657 1883 1712 clertuea

114 1745 203 1798 Deo
215 1747 270 1815 est,
283 1762 334 1817 qur
344 1763 376 1801 rn
385 1749 564 1805 testimoniis
576 1751 692 1806 Domini
703 1752 820 1806 locutus
832 1756 878 1806 est
889 1752 918 1807 in
928 1757 1089 1822 conspectu
1100 1755 1323 1822 persecutorum
1334 1767 1448 1823 regum,
1468 1753 1496 1804 et
1509 1751 1625 1804 nonest
1640 1747 1796 1802 contusus.
1814 1744 1883 1800 Am·

9 1816 28 1853 ι
120 1833 258 1891 brosius
273 1840 398 1892 sanetus
408 1839 444 1894 de
453 1838 563 1910 Spiritu
574 1845 677 1896 sancto
688 1857 747 1896 non
759 1840 855 1896 solnm
868 1842 1028 1896 verbissed
1041 1846 1068 1895 ct
1079 1842 1225 1914 sanguino
1237 1857 1293 1895 suo
1302 1840 1423 1910 scripsit
1432 1838 1541 1893 Obtulit
1552 1837 1628 1892 enim
1639 1833 1882 1907 persecutoribus

128 1923 314 1994 sanguinem
325 1940 412 1981 suum
424 1943 511 1999 quem
523 1928 552 1984 in
564 1944 597 1984 ee
608 1928 692 1997 fudit,
705 1930 758 1984 scd
771 1946 786 1983 a
799 1930 859 1984 Dec
871 1930 906 1984 ad
917 1931 993 1985 aiios
1002 1931 1098 1985 adbuc
1108 1930 1316 1985 reservabatur
1330 1929 1459 1983 labores.
1472 1927 1553 1992 Quod
1569 1925 1684 1981 etiamsi
1700 1927 1822 1979 secutus
1834 1924 1880 1978 est

78 2064 85 2091 ,1
132 2009 258 2068 Grecos
273 2014 438 2072 catholicos
454 2021 623 2073 nostrorum
638 2019 811 2089 scriptores,
824 2019 970 2091 ctaiiquid
982 2019 1017 2073 de
1029 2035 1131 2074 eorum
1143 2018 1263 2089 scriptis
1274 2016 1474 2087 praesumpsit,
1486 2030 1544 2069 non
1556 2015 1696 2068 continuo
1705 2012 1770 2067 haec
1781 2009 1883 2065 debuit

9 2066 93 2153 μὶ.
140 2102 405 2161 tunsummaesse
422 2105 675 2179 cura,hiclebor,
692 2109 1019 2179 hocstudinm,utpr0
1047 2108 1102 2163 hac
1131 2121 1221 2162 causa
1250 2105 1488 2176 interpretareris
1504 2104 1613 2159 librum
1627 2101 1741 2173 Didymi
1757 2101 1793 2156 de
1808 2098 1876 2172 Spi-

54 2180 104 2255 .-.³·.
144 2190 199 2244 ritu
212 2195 324 2260 sancto,
340 2198 370 2248 ut
385 2192 465 2250 iliius
481 2196 557 2251 turta
572 2200 826 2269 cognoscerentur
829 2240 883 2253 .....
900 2198 930 2254 Si
947 2214 1019 2270 ergo
1035 2212 1130 2268 neque
1145 2199 1224 2251 tanto
1240 2212 1274 2250 ac
1289 2195 1338 2250 tali
1353 2195 1417 2249 viro
1432 2192 1591 2248 Ambrosio
1607 2189 1777 2262 pepercisti,
1790 2194 1875 2245 etc.»

183 2278 330 2350 baroniae,
348 2298 415 2336 curn
431 2300 609 2353 persuasum
624 2285 745 2340 haberet
761 2287 951 2342 Ambrosium
967 2303 1025 2341 non
1042 2287 1181 2359 exiguum
1195 2285 1299 2356 Operis
1316 2285 1362 2338 sui
1379 2287 1490 2354 partem
1505 2299 1521 2336 a
1538 2281 1646 2336 Basilio
1657 2282 1878 2334 mutuatumes·

10 2406 108 2457 ff
154 2379 190 2431 se,
205 2368 338 2425 Rufinum
354 2373 535 2429 insimulavit
549 2375 610 2443 (Ad
623 2392 691 2430 aaa.
708 2376 975 2445 38i)calumniaein
988 2377 1208 2447 Hieronymum,
1225 2374 1333 2446 quippe
1349 2373 1426 2446 quod
1456 2372 1504 2427 hic
1533 2373 1696 2442 priussnae
1711 2364 1878 2438 Didymiani

10 2478 103 2541 m:
158 2452 211 2510 libri
223 2457 464 2530 interpretationi,
477 2479 564 2535 quam
574 2464 611 2519 ab
621 2465 670 2520 illo
682 2465 881 2520 conderentur
891 2467 941 2521 isti
949 2469 1010 2532 tres
1020 2465 1098 2533 libri,
1111 2481 1227 2519 manum
1239 2463 1411 2518 admoverit.
1427 2462 1536 2516 Verum
1547 2465 1578 2515 ut
1591 2460 1760 2515 omittamus
1772 2457 1880 2512 Hiero-

10 2576 44 2625 ά
72 2562 129 2643 32,
163 2543 220 2611 ulmi
228 2547 397 2603 versionem
408 2566 466 2605 aon
478 2551 535 2605 nisi
545 2554 612 2621 post
624 2553 740 2607 Damasi
753 2553 865 2608 obitum
876 2553 1041 2608 absolutam
1053 2569 1131 2619 esse,
1141 2554 1309 2625 atqueadee
1320 2556 1388 2623 post
1399 2552 1547 2624 vulgatam
1557 2550 1593 2605 ab
1604 2547 1760 2620 annisjam
1768 2546 1881 2618 aliquot

27 2671 41 2679 .
71 2667 87 2683 ,
104 2664 123 2695 4,
167 2630 286 2689 labrcsii
296 2636 621 2712 lucubrationem,quis
632 2658 761 2714 unquam
772 2644 872 2698 credat
884 2643 1022 2698 [tatinum
1032 2645 1090 2697 tarn
1102 2642 1466 2709 atroecmaccusationem,
1481 2640 1540 2694 nisi
1551 2655 1614 2694 rem
1631 2639 1726 2709 ipsam
1744 2633 1880 2690 certissi-

169 2812 243 2866 urniia
269 2819 299 2868 et
326 2817 425 2871 animo
454 2835 557 2889 parum
592 2821 628 2875 ad
661 2820 800 2892 injuriam
838 2820 1083 2876 dissimulandam
1118 2824 1195 2888 nato,
1226 2820 1284 2872 sibi
1320 2821 1564 2889 temperaturum,
1601 2817 1672 2889 quin
1708 2813 1877 2869 accusatori

82 2930 120 2959 ,,-
170 2905 795 2984 tuomeritamcalumniaenotaminlligeret,
813 2915 991 2966 curatamea
1012 2910 1182 2980 impositum
1207 2909 1264 2964 sibi
1288 2908 1472 2963 hortantum
1502 2908 1613 2962 crimen
1643 2919 1790 2975 nusquam
1820 2902 1875 2959 de·

68 3084 121 3133 ;ζ;,
191 3080 216 3131 ltt
227 3082 299 3136 enim
316 3082 390 3138 nihil
406 3099 482 3156 opus
497 3090 542 3141 est
556 3086 604 3142 his
620 3086 811 3160 conjcrtnriS,
829 3104 897 3144 nam
912 3089 1049 3160 quisquis
1067 3105 1133 3143 cum
1158 3087 1274 3159 Didymi
1298 3090 1421 3141 tractatu
1437 3085 1667 3142 Ambrosianum
1682 3080 1876 3153 contenderit,

11 3178 121 3220 oemz·
172 3172 296 3238 ttuperiet
311 3189 371 3228 noa
387 3190 479 3245 pauca
495 3192 532 3230 ex
547 3175 597 3230 iilo
611 3177 641 3230 in
656 3177 734 3232 hunc
750 3178 890 3232 translata
907 3194 987 3250 esse,
1004 3182 1035 3232 nt
1049 3182 1117 3249 puta
1134 3193 1199 3250 qaae
1215 3178 1251 3232 de
1272 3178 1400 3248 Spiritus
1421 3176 1514 3231 sancti
1531 3174 1676 3230 effusione
1693 3173 1755 3242 (lib.
1774 3189 1795 3241 1,
1811 3186 1875 3243 cap.

170 3248 222 3326 ⁵27),
235 3262 466 3318 sanctificatione
483 3264 544 3331 (lib.
561 3283 591 3334 n,
604 3282 657 3336 cap
674 3267 717 3333 il,
736 3265 788 3336 le),
806 3267 940 3337 scicntia,
956 3266 1103 3339 donisque
1118 3266 1180 3336 (lib.
1199 3285 1217 3334 r,
1235 3283 1299 3337 cap.
1317 3266 1350 3320 13
1374 3271 1403 3321 et
1433 3266 1510 3338 seql
1538 3265 1735 3334 disputantur,
1767 3260 1877 3332 quibus

11 3350 13 3359 '
170 3342 335 3406 brutorum
351 3353 514 3422 prophetiae
530 3356 622 3410 Amos
638 3356 700 3419 (lib.
717 3360 747 3426 u)
761 3356 872 3428 jungas
887 3356 997 3412 licebit.
1014 3357 1117 3427 Neque
1132 3359 1229 3410 tamen
1256 3356 1295 3410 ita
1311 3355 1435 3426 Didymo
1463 3353 1598 3407 addictus
1626 3351 1680 3406 init
1695 3348 1876 3405 Ambrosius

15 3462 29 3485 v
95 3458 113 3482 --τ
170 3438 248 3524 luter,
262 3443 293 3493 ut
308 3456 376 3512 quie
391 3441 421 3496 in
435 3442 560 3497 aliorum
577 3444 696 3514 scriptis
712 3448 885 3518 argumento
902 3462 958 3500 sno
974 3460 1139 3516 congruere
1169 3444 1365 3503 existimabat.
1384 3445 1543 3513 der-erpere
1568 3442 1645 3508 inde,
1664 3439 1877 3512 operiquesuo

77 3560 93 3570 -
169 3532 268 3583 ltserere
284 3527 440 3585 fastidiret.
460 3531 559 3604 ltaque
575 3549 642 3587 cum
657 3549 723 3588 cum
739 3534 843 3588 l‘atrcs
859 3534 1019 3590 Florentiai
1036 3534 1128 3600 (sess,
1144 3534 1186 3596 Ἢ,
1205 3550 1268 3602 cap.
1286 3534 1313 3593 ti)
1330 3532 1453 3602 plurima
1485 3530 1593 3585 Basilio
1623 3525 1878 3584 debereanimad·

11 3612 23 3629 “
49 3608 68 3631 ’“
102 3638 107 3645 -
169 3612 295 3670 mirsam
309 3616 372 3686 (lib.
390 3635 421 3687 u,
437 3620 578 3689 capital
594 3623 680 3694 seq),
698 3637 755 3677 non
773 3610 882 3693 injuria
897 3621 1119 3677 affirmaverunt
1134 3623 1231 3693 ipsum
1255 3626 1316 3676 tres
1331 3621 1425 3676 libros
1451 3620 1553 3675 Basilii
1570 3619 1614 3674 De
1632 3618 1751 3689 Spiritu
1776 3620 1879 3671 sancto

167 3705 332 3767 uomuisse:
349 3723 476 3778 quorum
500 3710 826 3765 sententiamsecutum
855 3712 990 3766 videmus
1007 3728 1146 3782 magnum
1176 3709 1530 3767 Baronium.Occur1unt
1552 3710 1697 3780 praeterea
1725 3707 1879 3777 petitaeex

167 3783 252 3860 illan,
266 3793 414 3868 Gregorio
430 3797 521 3867 Nyss.
539 3799 747 3870 nonnullisque
763 3799 829 3853 aliis
845 3800 1056 3870 probationcs;
1072 3806 1102 3855 ut
1118 3817 1176 3856 non
1187 3801 1317 3856 absurde
1333 3799 1431 3871 quivis
1438 3799 1552 3871 judicet
1563 3800 1714 3854 doctorem
1726 3798 1874 3863 nostrum,

67 3884 96 3921 Ρ·
165 3870 211 3931 tau
222 3884 372 3954 scriptioni
388 3901 453 3941 suae
467 3902 586 3956 operam
602 3889 694 3949 daret,
711 3890 976 3959 prestantissimae
992 3906 1126 3962 quasque
1141 3890 1417 3958 commentationes,
1435 3905 1501 3961 qum
1524 3890 1554 3945 in
1578 3889 1711 3944 eamdem
1728 3884 1878 3944 materiam

11 3964 20 3985 ⁵
50 3998 85 4049 7
165 3963 225 4021 edim
238 3969 362 4043 inerant,
379 3974 417 4028 ob
429 3976 533 4031 erulos
548 3976 607 4031 sibi
622 3978 827 4048 proposuisse.

57 4062 88 4099 ἔ
184 4052 339 4133 Quanquam
356 4067 452 4118 auteur
467 4081 535 4136 quae
551 4065 580 4120 in
596 4081 657 4120 rem
674 4083 758 4121 snam
772 4067 867 4123 tricare
880 4069 970 4138 putot,
983 4067 1130 4123 hincinde
1142 4070 1233 4140 rarpit
1246 4087 1251 4125 :
1265 4086 1324 4125 aon
1337 4074 1434 4125 tamen
1445 4072 1555 4125 temere
1565 4083 1601 4122 ac
1612 4066 1782 4139 promiscue
1798 4063 1878 4120 dela·

11 4163 16 4171 ·
31 4124 88 4183 ἦ*
161 4152 221 4213 l'tt,
231 4152 260 4201 ut
272 4156 372 4205 narrat
384 4152 593 4225 Hieronymus,
611 4155 647 4209 ab
658 4155 723 4210 aliis
733 4157 839 4211 avibus
852 4157 1005 4228 AEsopicae
1017 4158 1177 4215 corniculae
1189 4159 1391 4230 iustnrdiripit
1401 4159 1531 4228 plumas:
1557 4156 1612 4212 sed
1628 4157 1727 4226 potius
1749 4153 1815 4224 apis
1834 4152 1879 4208 iu·

11 4208 80 4275 ¹³1:
161 4227 257 4292 lustriae
266 4254 301 4294 ac
316 4240 468 4313 diligentis
479 4259 573 4309 more,
583 4244 687 4299 tiorum
701 4245 935 4317 plantarumque,
947 4246 1025 4302 unde
1036 4247 1122 4301 mella
1133 4263 1187 4301 sua
1206 4247 1335 4320 colligat,
1351 4263 1460 4302 suecos
1480 4245 1702 4317 distinguentis,
1721 4242 1776 4297 alia
1791 4240 1877 4311 tollit,

11 4384 18 4391 ,
158 4320 199 4375 alia
207 4329 322 4399 respuit,
333 4331 470 4403 quaedam
483 4334 623 4401 immutat,
637 4335 771 4406 quaedam
783 4336 958 4407 transponit,
972 4353 1030 4391 non
1042 4352 1133 4406 paura
1146 4337 1262 4391 demum
1273 4336 1429 4406 proiertdo
1441 4350 1506 4401 suo,
1517 4331 1878 4404 quaeapndaliorumauo·

12 4404 71 4449 ³²²
157 4410 232 4469 teram
247 4419 391 4475 neminem
407 4423 550 4492 reperias.
569 4423 677 4478 Verum
693 4428 789 4479 tamen
806 4425 921 4480 etiamsi
937 4425 1008 4479 nibil
1026 4425 1185 4480 haberetur
1200 4427 1228 4480 in
1244 4426 1327 4480 bisce
1342 4424 1437 4494 libris,
1450 4422 1527 4494 quod
1544 4422 1574 4475 in
1585 4421 1710 4477 aliorum
1721 4436 1780 4475 non
1792 4419 1878 4493 lege·

11 4514 19 4523 ·
40 4504 61 4541 '-
153 4505 234 4561 retur:
249 4506 323 4564 haud
339 4514 492 4580 propterea
511 4513 660 4567 videretur
676 4515 893 4569 consectarium
909 4515 1005 4569 omnia
1026 4532 1064 4570 ex
1079 4515 1185 4569 alienis
1201 4515 1321 4584 scriptis
1337 4514 1490 4583 desumpta
1505 4526 1584 4566 esse.
1601 4507 1673 4574 Quis
1683 4510 1761 4564 euim
1779 4509 1878 4567 nescit

154 4593 249 4661 sepius
263 4598 444 4672 contingere,
462 4605 490 4655 ui
503 4602 551 4672 qui
569 4603 597 4656 in
613 4603 716 4657 rodem
731 4603 877 4658 desudant
890 4607 1075 4677 argumento,
1086 4605 1142 4659 etsi
1158 4620 1307 4674 nunquam
1325 4603 1398 4657 inter
1415 4617 1447 4656 se
1463 4601 1551 4655 animi
1568 4599 1695 4672 cogitata
1711 4599 1878 4657 coaimuni·
1904 4592 1907 4598 ’

152 4685 276 4751 areant,
293 4687 419 4758 plurima
434 4694 530 4745 tamen
546 4689 669 4746 atterant
682 4692 771 4762 longe
785 4692 943 4760 simillima,
963 4694 1088 4748 maxime
1104 4710 1174 4748 vcro
1204 4694 1231 4747 si
1246 4691 1452 4763 unusquisqne
1468 4688 1658 4761 probationes
1676 4703 1748 4745 suas
1763 4703 1802 4744 ex
1822 4687 1878 4747 iis-

152 4768 207 4826 t'rm
220 4773 357 4848 lontibus,
375 4782 489 4850 utputa
506 4796 522 4835 e
537 4780 697 4851 Scripturas
712 4782 820 4836 divinae
836 4782 976 4850 oraculis,
994 4783 1089 4851 ducat,
1106 4786 1193 4852 atque
1208 4781 1332 4835 hauriat.

180 4860 354 4938 Quapropter
375 4870 506 4939 ingenue
534 4869 661 4925 latemur
690 4871 828 4926 Batinum
857 4872 1058 4943 indignatione
1087 4888 1139 4926 sna
1168 4871 1351 4941 ultraquam
1382 4886 1433 4940 par
1460 4868 1523 4937 suit,
1540 4868 1791 4940 abreptumesse,
1810 4884 1877 4925 cunr

12 4974 18 4989 ·
52 4984 73 5003 s
150 4944 344 5025 Hieronymum
360 4957 533 5013 criminatus
549 4964 604 5025 est,
621 4961 705 5031 quasi
721 4976 756 5016 eo
774 4963 883 5015 lantum
900 4962 1035 5028 consilio,
1053 4961 1168 5032 Didymi
1184 4961 1277 5015 libros
1294 4961 1323 5015 iu
1349 4960 1481 5014 latinam
1506 4959 1637 5032 linguam
1667 4957 1876 5028 convertisset,

150 5046 175 5091 et
191 5040 275 5113 illius,
293 5046 444 5101 Ambrosii
460 5047 584 5116 scilicet,
602 5047 682 5103 turta
692 5056 944 5120 cognoscerentur
960 5052 1027 5117 (lor.
1040 5052 1113 5117 ric).
1131 5049 1188 5103 Sed
1206 5066 1311 5104 rursus
1327 5065 1385 5104 non
1410 5049 1666 5104 dissimulabimus
1687 5049 1876 5110 memoratam

148 5126 302 5205 hieronymi
318 5150 487 5203 censuram,
504 5137 614 5192 sivero
633 5138 769 5193 Auillius.
787 5137 835 5192 iila
850 5140 1079 5210 perstringebat,
1097 5138 1337 5209 exaggerationis
1355 5138 1472 5193 airadum
1491 5138 1569 5192 iiaud
1583 5154 1687 5208 parum
1717 5151 1786 5191 csse
1801 5149 1877 5204 prce·

148 5220 326 5293 bagressam.
342 5224 494 5281 Nessana
511 5225 558 5280 hie
583 5227 793 5281 dissensurnm
821 5227 1051 5282 anobissuisse
1080 5231 1218 5297 putamus
1247 5228 1344 5298 ipsum
1374 5228 1542 5293 ltarouintn,
1560 5220 1875 5298 quandoquidede

148 5312 319 5369 sineterra
333 5316 535 5383 accusatione,
551 5316 696 5386 quoidam
713 5316 911 5385 Hieronymus
928 5317 1090 5372 Romanam
1107 5316 1214 5370 ibidem
1243 5317 1368 5371 traducit
1399 5316 1574 5384 Ecclesiam,
1604 5317 1734 5385 apertam
1764 5311 1872 5382 hyper·

148 5396 218 5457 teian
238 5419 405 5477 agnoscere
420 5420 479 5459 nen
495 5405 647 5459 dubitavit.
665 5406 749 5459 idriim
765 5422 836 5460 vero
853 5421 949 5478 neque
965 5405 1086 5459 concerti
1113 5408 1209 5475 potest
1234 5409 1368 5460 sanetum
1383 5405 1542 5474 praesulem
1572 5401 1772 5473 Didymianam
1789 5413 1871 5455 eom-

148 5494 337 5549 mutationem
353 5509 390 5550 eo
407 5494 493 5549 modo
509 5494 669 5564 expilasse,
687 5511 745 5566 quo
762 5495 831 5550 iilud
848 5499 945 5550 actum
968 5495 1097 5548 indicare
1113 5494 1227 5549 videtur
1258 5495 1363 5549 citatus
1396 5494 1511 5549 Ooctor.
1545 5492 1582 5547 Et
1608 5491 1687 5544 certe
1715 5494 1748 5543 ut
1775 5489 1872 5563 magia

149 5577 317 5663 triecticum
331 5598 402 5642 aesc
419 5583 561 5657 lli-dgnus
576 5587 707 5658 praestet,
724 5601 811 5660 quam
828 5584 1015 5656 Ambrosius
1033 5582 1125 5658 hujus
1140 5586 1236 5642 tamen
1253 5583 1341 5641 riirtio
1370 5581 1498 5637 nobilior
1513 5585 1571 5654 cst,
1602 5577 1694 5633 oratio
1711 5578 1879 5663 copiosior,
