<?xml version="1.0" encoding="UTF-8"?>
<!DOCTYPE html PUBLIC "-//W3C//DTD XHTML 1.0 Transitional//EN"
    "http://www.w3.org/TR/xhtml1/DTD/xhtml1-transitional.dtd">
<html xmlns="http://www.w3.org/1999/xhtml" xml:lang="en" lang="en">
 <head>
  <title>
</title>
<meta http-equiv="Content-Type" content="text/html;charset=utf-8" />
  <meta name='ocr-system' content='tesseract 3.04.00' />
  <meta name='ocr-capabilities' content='ocr_page ocr_carea ocr_par ocr_line ocrx_word'/>
</head>
<body>
  <div class='ocr_page' id='page_1' title='image "./patrologiaecurs70unkngoog/patrologiaecurs70unkngoog_0221.png"; bbox 0 0 3900 6128; ppageno 0'>
   <div class='ocr_carea' id='block_1_1' title="bbox 141 329 1860 404">
    <p class='ocr_par' dir='ltr' id='par_1_1' title="bbox 141 329 1860 404">
     <span class='ocr_line' id='line_1_1' title="bbox 141 329 1860 404; baseline -0.003 0"><span class='ocrx_word' id='word_1_1' title='bbox 141 339 197 404; x_wconf 59' lang='lat'>433</span> <span class='ocrx_word' id='word_1_2' title='bbox 625 336 681 403; x_wconf 85' lang='lat' dir='ltr'>DE</span> <span class='ocrx_word' id='word_1_3' title='bbox 703 336 1016 403; x_wconf 72' lang='lat' dir='ltr'>steatomatis.</span> <span class='ocrx_word' id='word_1_4' title='bbox 1039 373 1075 384; x_wconf 97' lang='lat'>-</span> <span class='ocrx_word' id='word_1_5' title='bbox 1098 335 1354 402; x_wconf 82' lang='lat' dir='ltr'>ADMONlTlO.</span> <span class='ocrx_word' id='word_1_6' title='bbox 1798 329 1860 399; x_wconf 74' lang='lat'>434</span> 
     </span>
    </p>
   </div>
   <div class='ocr_carea' id='block_1_2' title="bbox 102 536 1938 5843">
    <p class='ocr_par' dir='ltr' id='par_1_2' title="bbox 114 536 1857 1054">
     <span class='ocr_line' id='line_1_2' title="bbox 116 536 1857 610; baseline -0.001 -15"><span class='ocrx_word' id='word_1_7' title='bbox 116 539 311 596; x_wconf 79' lang='lat' dir='ltr'><strong>dissimulent.</strong></span> <span class='ocrx_word' id='word_1_8' title='bbox 328 537 401 594; x_wconf 86' lang='lat' dir='ltr'>Cum</span> <span class='ocrx_word' id='word_1_9' title='bbox 416 543 512 594; x_wconf 88' lang='lat' dir='ltr'>aulem</span> <span class='ocrx_word' id='word_1_10' title='bbox 527 554 581 593; x_wconf 89' lang='lat' dir='ltr'>nec</span> <span class='ocrx_word' id='word_1_11' title='bbox 598 537 696 593; x_wconf 90' lang='lat' dir='ltr'>desint</span> <span class='ocrx_word' id='word_1_12' title='bbox 710 537 797 592; x_wconf 89' lang='lat' dir='ltr'>etiam</span> <span class='ocrx_word' id='word_1_13' title='bbox 812 538 862 610; x_wconf 94' lang='lat' dir='ltr'>qui</span> <span class='ocrx_word' id='word_1_14' title='bbox 877 538 1016 608; x_wconf 80' lang='lat' dir='ltr'>materiae,</span> <span class='ocrx_word' id='word_1_15' title='bbox 1032 553 1120 609; x_wconf 92' lang='lat' dir='ltr'>quam</span> <span class='ocrx_word' id='word_1_16' title='bbox 1134 538 1254 610; x_wconf 79' lang='lat' dir='ltr'>agressi</span> <span class='ocrx_word' id='word_1_17' title='bbox 1268 540 1346 607; x_wconf 92' lang='lat' dir='ltr'>sunt,</span> <span class='ocrx_word' id='word_1_18' title='bbox 1371 537 1534 593; x_wconf 77' lang='lat' dir='ltr'>enodandas</span> <span class='ocrx_word' id='word_1_19' title='bbox 1559 539 1689 609; x_wconf 90' lang='lat' dir='ltr'>impares</span> <span class='ocrx_word' id='word_1_20' title='bbox 1702 536 1857 594; x_wconf 79' lang='lat' dir='ltr'>modestiae</span> 
     </span>
     <span class='ocr_line' id='line_1_3' title="bbox 114 622 1857 699; baseline -0.003 -15"><span class='ocrx_word' id='word_1_21' title='bbox 114 644 200 684; x_wconf 85' lang='lat' dir='ltr'>causa</span> <span class='ocrx_word' id='word_1_22' title='bbox 219 622 425 696; x_wconf 72' lang='lat' dir='ltr'>salamantin,</span> <span class='ocrx_word' id='word_1_23' title='bbox 441 629 571 684; x_wconf 87' lang='lat' dir='ltr'>indidem</span> <span class='ocrx_word' id='word_1_24' title='bbox 588 642 705 699; x_wconf 91' lang='lat' dir='ltr'>quoque</span> <span class='ocrx_word' id='word_1_25' title='bbox 720 628 757 682; x_wconf 90' lang='lat' dir='ltr'>ad</span> <span class='ocrx_word' id='word_1_26' title='bbox 772 626 934 683; x_wconf 91' lang='lat' dir='ltr'>secundam</span> <span class='ocrx_word' id='word_1_27' title='bbox 949 626 1151 682; x_wconf 79' lang='lat' dir='ltr'>difficultatem</span> <span class='ocrx_word' id='word_1_28' title='bbox 1172 630 1250 697; x_wconf 91' lang='lat' dir='ltr'>putet</span> <span class='ocrx_word' id='word_1_29' title='bbox 1273 642 1462 696; x_wconf 88' lang='lat' dir='ltr'>responsum.</span> <span class='ocrx_word' id='word_1_30' title='bbox 1478 625 1561 690; x_wconf 82' lang='lat' dir='ltr'>Quod</span> <span class='ocrx_word' id='word_1_31' title='bbox 1585 642 1656 682; x_wconf 90' lang='lat' dir='ltr'>vero</span> <span class='ocrx_word' id='word_1_32' title='bbox 1681 626 1718 681; x_wconf 91' lang='lat' dir='ltr'>ad</span> <span class='ocrx_word' id='word_1_33' title='bbox 1740 625 1857 680; x_wconf 91' lang='lat' dir='ltr'>tertiam</span> 
     </span>
     <span class='ocr_line' id='line_1_4' title="bbox 114 713 1855 788; baseline -0.003 -16"><span class='ocrx_word' id='word_1_34' title='bbox 114 717 249 788; x_wconf 75' lang='lat' dir='ltr'>pertinet,</span> <span class='ocrx_word' id='word_1_35' title='bbox 267 717 310 771; x_wconf 93' lang='lat' dir='ltr'>illi</span> <span class='ocrx_word' id='word_1_36' title='bbox 326 717 463 772; x_wconf 89' lang='lat' dir='ltr'>similiter</span> <span class='ocrx_word' id='word_1_37' title='bbox 476 733 618 772; x_wconf 89' lang='lat' dir='ltr'>occurras</span> <span class='ocrx_word' id='word_1_38' title='bbox 633 716 710 784; x_wconf 90' lang='lat' dir='ltr'>lieet,</span> <span class='ocrx_word' id='word_1_39' title='bbox 728 717 754 771; x_wconf 90' lang='lat' dir='ltr'>si</span> <span class='ocrx_word' id='word_1_40' title='bbox 770 716 960 770; x_wconf 82' lang='lat' dir='ltr'>Ambrosium</span> <span class='ocrx_word' id='word_1_41' title='bbox 976 715 1119 787; x_wconf 90' lang='lat' dir='ltr'>quidquid</span> <span class='ocrx_word' id='word_1_42' title='bbox 1134 730 1206 770; x_wconf 89' lang='lat' dir='ltr'>voce</span> <span class='ocrx_word' id='word_1_43' title='bbox 1222 716 1430 786; x_wconf 91' lang='lat' dir='ltr'>pronuntiavit,</span> <span class='ocrx_word' id='word_1_44' title='bbox 1448 716 1559 784; x_wconf 90' lang='lat' dir='ltr'>scripto</span> <span class='ocrx_word' id='word_1_45' title='bbox 1575 715 1743 785; x_wconf 78' lang='lat' dir='ltr'><strong>mandasse,</strong></span> <span class='ocrx_word' id='word_1_46' title='bbox 1768 713 1855 786; x_wconf 89' lang='lat' dir='ltr'>quid-</span> 
     </span>
     <span class='ocr_line' id='line_1_5' title="bbox 114 802 1856 877; baseline -0.001 -18"><span class='ocrx_word' id='word_1_47' title='bbox 114 806 181 877; x_wconf 83' lang='lat' dir='ltr'>quid</span> <span class='ocrx_word' id='word_1_48' title='bbox 196 809 296 860; x_wconf 91' lang='lat' dir='ltr'>autem</span> <span class='ocrx_word' id='word_1_49' title='bbox 311 807 422 876; x_wconf 90' lang='lat' dir='ltr'>scripto</span> <span class='ocrx_word' id='word_1_50' title='bbox 439 806 597 874; x_wconf 90' lang='lat' dir='ltr'>mundavit,</span> <span class='ocrx_word' id='word_1_51' title='bbox 615 806 650 859; x_wconf 91' lang='lat' dir='ltr'>ad</span> <span class='ocrx_word' id='word_1_52' title='bbox 667 807 798 859; x_wconf 86' lang='lat' dir='ltr'>nestram</span> <span class='ocrx_word' id='word_1_53' title='bbox 814 806 988 874; x_wconf 87' lang='lat' dir='ltr'>pervenisse</span> <span class='ocrx_word' id='word_1_54' title='bbox 1004 806 1119 858; x_wconf 77' lang='lat' dir='ltr'>intritam</span> <span class='ocrx_word' id='word_1_55' title='bbox 1135 804 1305 876; x_wconf 77' lang='lat' dir='ltr'>negaveris,</span> <span class='ocrx_word' id='word_1_56' title='bbox 1332 803 1373 858; x_wconf 90' lang='lat' dir='ltr'>Eo</span> <span class='ocrx_word' id='word_1_57' title='bbox 1394 806 1495 857; x_wconf 90' lang='lat' dir='ltr'>torsan</span> <span class='ocrx_word' id='word_1_58' title='bbox 1511 807 1538 857; x_wconf 89' lang='lat' dir='ltr'>et</span> <span class='ocrx_word' id='word_1_59' title='bbox 1554 804 1609 858; x_wconf 84' lang='lat' dir='ltr'>liae</span> <span class='ocrx_word' id='word_1_60' title='bbox 1625 804 1748 873; x_wconf 88' lang='lat' dir='ltr'>accedit,</span> <span class='ocrx_word' id='word_1_61' title='bbox 1775 802 1856 875; x_wconf 90' lang='lat' dir='ltr'>quod</span> 
     </span>
     <span class='ocr_line' id='line_1_6' title="bbox 115 891 1855 963; baseline -0.001 -15"><span class='ocrx_word' id='word_1_62' title='bbox 115 909 180 948; x_wconf 85' lang='lat' dir='ltr'>cum</span> <span class='ocrx_word' id='word_1_63' title='bbox 207 894 238 948; x_wconf 92' lang='lat' dir='ltr'>in</span> <span class='ocrx_word' id='word_1_64' title='bbox 261 894 342 948; x_wconf 85' lang='lat' dir='ltr'>illam</span> <span class='ocrx_word' id='word_1_65' title='bbox 367 894 529 948; x_wconf 89' lang='lat' dir='ltr'>orationem</span> <span class='ocrx_word' id='word_1_66' title='bbox 552 892 723 948; x_wconf 72' lang='lat' dir='ltr'>Tertulliani</span> <span class='ocrx_word' id='word_1_67' title='bbox 749 895 778 947; x_wconf 92' lang='lat' dir='ltr'>et</span> <span class='ocrx_word' id='word_1_68' title='bbox 801 892 937 963; x_wconf 73' lang='lat' dir='ltr'>Cypriani</span> <span class='ocrx_word' id='word_1_69' title='bbox 962 891 1029 946; x_wconf 90' lang='lat' dir='ltr'>libri</span> <span class='ocrx_word' id='word_1_70' title='bbox 1046 894 1197 946; x_wconf 86' lang='lat' dir='ltr'>exstarent</span> <span class='ocrx_word' id='word_1_71' title='bbox 1212 892 1384 946; x_wconf 90' lang='lat' dir='ltr'>Latinorum</span> <span class='ocrx_word' id='word_1_72' title='bbox 1400 891 1529 960; x_wconf 86' lang='lat' dir='ltr'>Petrum,</span> <span class='ocrx_word' id='word_1_73' title='bbox 1545 892 1581 946; x_wconf 90' lang='lat' dir='ltr'>ab</span> <span class='ocrx_word' id='word_1_74' title='bbox 1597 892 1654 947; x_wconf 89' lang='lat' dir='ltr'>isto</span> <span class='ocrx_word' id='word_1_75' title='bbox 1671 892 1772 947; x_wconf 92' lang='lat' dir='ltr'>labore</span> <span class='ocrx_word' id='word_1_76' title='bbox 1787 895 1855 946; x_wconf 89' lang='lat' dir='ltr'>tan·</span> 
     </span>
     <span class='ocr_line' id='line_1_7' title="bbox 115 980 1854 1054; baseline -0.001 -18"><span class='ocrx_word' id='word_1_77' title='bbox 115 998 199 1054; x_wconf 89' lang='lat' dir='ltr'>quarn</span> <span class='ocrx_word' id='word_1_78' title='bbox 209 998 314 1053; x_wconf 87' lang='lat' dir='ltr'>parum</span> <span class='ocrx_word' id='word_1_79' title='bbox 325 983 497 1038; x_wconf 87' lang='lat' dir='ltr'>necessario</span> <span class='ocrx_word' id='word_1_80' title='bbox 509 985 554 1036; x_wconf 92' lang='lat' dir='ltr'>est</span> <span class='ocrx_word' id='word_1_81' title='bbox 565 984 721 1036; x_wconf 89' lang='lat' dir='ltr'>revocatus</span> <span class='ocrx_word' id='word_1_82' title='bbox 735 996 740 1035; x_wconf 92' lang='lat'>:</span> <span class='ocrx_word' id='word_1_83' title='bbox 758 981 836 1036; x_wconf 92' lang='lat' dir='ltr'>sicut</span> <span class='ocrx_word' id='word_1_84' title='bbox 845 981 932 1036; x_wconf 90' lang='lat' dir='ltr'>ctiam</span> <span class='ocrx_word' id='word_1_85' title='bbox 943 980 979 1036; x_wconf 91' lang='lat' dir='ltr'>de</span> <span class='ocrx_word' id='word_1_86' title='bbox 991 996 1024 1034; x_wconf 89' lang='lat' dir='ltr'>se</span> <span class='ocrx_word' id='word_1_87' title='bbox 1035 982 1160 1035; x_wconf 87' lang='lat' dir='ltr'>testatur</span> <span class='ocrx_word' id='word_1_88' title='bbox 1174 980 1306 1034; x_wconf 74' lang='lat' dir='ltr'>Hilarius</span> <span class='ocrx_word' id='word_1_89' title='bbox 1325 980 1486 1035; x_wconf 84' lang='lat' dir='ltr'>Commeat.</span> <span class='ocrx_word' id='word_1_90' title='bbox 1504 981 1533 1033; x_wconf 91' lang='lat' dir='ltr'>in</span> <span class='ocrx_word' id='word_1_91' title='bbox 1548 981 1729 1049; x_wconf 81' lang='lat' dir='ltr'>llattlrenm,</span> <span class='ocrx_word' id='word_1_92' title='bbox 1743 996 1807 1036; x_wconf 88' lang='lat' dir='ltr'>ean.</span> <span class='ocrx_word' id='word_1_93' title='bbox 1824 981 1854 1035; x_wconf 88' lang='lat'>5.</span> 
     </span>
    </p>

    <p class='ocr_par' dir='ltr' id='par_1_3' title="bbox 114 1067 1856 1852">
     <span class='ocr_line' id='line_1_8' title="bbox 145 1067 1855 1143; baseline 0 -19"><span class='ocrx_word' id='word_1_94' title='bbox 145 1071 238 1125; x_wconf 89' lang='lat' dir='ltr'>Porro</span> <span class='ocrx_word' id='word_1_95' title='bbox 254 1087 292 1125; x_wconf 88' lang='lat' dir='ltr'>ex</span> <span class='ocrx_word' id='word_1_96' title='bbox 306 1071 344 1126; x_wconf 90' lang='lat' dir='ltr'>iis</span> <span class='ocrx_word' id='word_1_97' title='bbox 360 1087 426 1143; x_wconf 80' lang='lat' dir='ltr'>quae</span> <span class='ocrx_word' id='word_1_98' title='bbox 441 1071 585 1126; x_wconf 89' lang='lat' dir='ltr'>hactenns</span> <span class='ocrx_word' id='word_1_99' title='bbox 602 1086 617 1124; x_wconf 91' lang='lat' dir='ltr'>a</span> <span class='ocrx_word' id='word_1_100' title='bbox 632 1070 719 1124; x_wconf 90' lang='lat' dir='ltr'>nobis</span> <span class='ocrx_word' id='word_1_101' title='bbox 735 1070 881 1139; x_wconf 90' lang='lat' dir='ltr'>disputata</span> <span class='ocrx_word' id='word_1_102' title='bbox 896 1070 974 1137; x_wconf 90' lang='lat' dir='ltr'>sunt,</span> <span class='ocrx_word' id='word_1_103' title='bbox 991 1069 1048 1123; x_wconf 92' lang='lat' dir='ltr'>duo</span> <span class='ocrx_word' id='word_1_104' title='bbox 1064 1073 1237 1124; x_wconf 89' lang='lat' dir='ltr'>noscuntur.</span> <span class='ocrx_word' id='word_1_105' title='bbox 1265 1067 1380 1123; x_wconf 89' lang='lat' dir='ltr'>Etenim</span> <span class='ocrx_word' id='word_1_106' title='bbox 1395 1069 1535 1124; x_wconf 71' lang='lat' dir='ltr'>adhibitae</span> <span class='ocrx_word' id='word_1_107' title='bbox 1551 1069 1747 1124; x_wconf 83' lang='lat' dir='ltr'>sectariorum</span> <span class='ocrx_word' id='word_1_108' title='bbox 1761 1085 1855 1142; x_wconf 87' lang='lat' dir='ltr'>argu·</span> 
     </span>
     <span class='ocr_line' id='line_1_9' title="bbox 114 1157 1853 1230; baseline -0.001 -17"><span class='ocrx_word' id='word_1_109' title='bbox 114 1160 217 1214; x_wconf 89' lang='lat' dir='ltr'>mentis</span> <span class='ocrx_word' id='word_1_110' title='bbox 232 1159 399 1215; x_wconf 88' lang='lat' dir='ltr'>solutiones</span> <span class='ocrx_word' id='word_1_111' title='bbox 414 1159 509 1230; x_wconf 89' lang='lat' dir='ltr'>palam</span> <span class='ocrx_word' id='word_1_112' title='bbox 525 1158 636 1214; x_wconf 83' lang='lat' dir='ltr'>iaciunt</span> <span class='ocrx_word' id='word_1_113' title='bbox 651 1158 837 1213; x_wconf 90' lang='lat' dir='ltr'>contumeliis</span> <span class='ocrx_word' id='word_1_114' title='bbox 853 1158 913 1212; x_wconf 95' lang='lat' dir='ltr'>illis</span> <span class='ocrx_word' id='word_1_115' title='bbox 928 1173 963 1212; x_wconf 91' lang='lat' dir='ltr'>uc</span> <span class='ocrx_word' id='word_1_116' title='bbox 978 1158 1096 1228; x_wconf 78' lang='lat' dir='ltr'>probris</span> <span class='ocrx_word' id='word_1_117' title='bbox 1112 1174 1237 1230; x_wconf 88' lang='lat' dir='ltr'>quorum</span> <span class='ocrx_word' id='word_1_118' title='bbox 1254 1160 1312 1213; x_wconf 92' lang='lat' dir='ltr'>tola</span> <span class='ocrx_word' id='word_1_119' title='bbox 1328 1158 1459 1228; x_wconf 89' lang='lat' dir='ltr'>plaustra</span> <span class='ocrx_word' id='word_1_120' title='bbox 1474 1157 1523 1212; x_wconf 89' lang='lat' dir='ltr'>isti</span> <span class='ocrx_word' id='word_1_121' title='bbox 1550 1157 1703 1212; x_wconf 78' lang='lat' dir='ltr'>effundunt</span> <span class='ocrx_word' id='word_1_122' title='bbox 1726 1158 1756 1212; x_wconf 91' lang='lat' dir='ltr'>in</span> <span class='ocrx_word' id='word_1_123' title='bbox 1773 1159 1853 1213; x_wconf 92' lang='lat' dir='ltr'>hunc</span> 
     </span>
     <span class='ocr_line' id='line_1_10' title="bbox 115 1246 1854 1318; baseline 0.001 -17"><span class='ocrx_word' id='word_1_124' title='bbox 115 1250 273 1317; x_wconf 87' lang='lat' dir='ltr'>auctorem,</span> <span class='ocrx_word' id='word_1_125' title='bbox 290 1248 362 1303; x_wconf 87' lang='lat' dir='ltr'>nihil</span> <span class='ocrx_word' id='word_1_126' title='bbox 377 1248 508 1318; x_wconf 90' lang='lat' dir='ltr'>probari,</span> <span class='ocrx_word' id='word_1_127' title='bbox 525 1248 583 1302; x_wconf 92' lang='lat' dir='ltr'>nisi</span> <span class='ocrx_word' id='word_1_128' title='bbox 600 1246 842 1302; x_wconf 88' lang='lat' dir='ltr'>molestissimam</span> <span class='ocrx_word' id='word_1_129' title='bbox 856 1246 931 1316; x_wconf 91' lang='lat' dir='ltr'>ipsis</span> <span class='ocrx_word' id='word_1_130' title='bbox 946 1262 1015 1301; x_wconf 91' lang='lat' dir='ltr'>esse</span> <span class='ocrx_word' id='word_1_131' title='bbox 1031 1251 1117 1318; x_wconf 88' lang='lat' dir='ltr'>alque</span> <span class='ocrx_word' id='word_1_132' title='bbox 1133 1247 1355 1301; x_wconf 83' lang='lat' dir='ltr'>odiosissimum</span> <span class='ocrx_word' id='word_1_133' title='bbox 1371 1246 1438 1317; x_wconf 80' lang='lat' dir='ltr'>ejus</span> <span class='ocrx_word' id='word_1_134' title='bbox 1453 1247 1626 1302; x_wconf 88' lang='lat' dir='ltr'>doctrinam.</span> <span class='ocrx_word' id='word_1_135' title='bbox 1646 1247 1766 1302; x_wconf 86' lang='lat' dir='ltr'>llursus</span> <span class='ocrx_word' id='word_1_136' title='bbox 1782 1262 1854 1302; x_wconf 91' lang='lat' dir='ltr'>vero</span> 
     </span>
     <span class='ocr_line' id='line_1_11' title="bbox 116 1335 1856 1408; baseline -0.001 -18"><span class='ocrx_word' id='word_1_137' title='bbox 116 1353 177 1408; x_wconf 81' lang='lat' dir='ltr'>quae</span> <span class='ocrx_word' id='word_1_138' title='bbox 192 1353 250 1391; x_wconf 87' lang='lat' dir='ltr'>nos</span> <span class='ocrx_word' id='word_1_139' title='bbox 264 1338 454 1407; x_wconf 84' lang='lat' dir='ltr'>reposuimus</span> <span class='ocrx_word' id='word_1_140' title='bbox 472 1336 685 1391; x_wconf 90' lang='lat' dir='ltr'>catholicorum</span> <span class='ocrx_word' id='word_1_141' title='bbox 701 1336 758 1390; x_wconf 91' lang='lat' dir='ltr'>hoc</span> <span class='ocrx_word' id='word_1_142' title='bbox 773 1335 869 1405; x_wconf 89' lang='lat' dir='ltr'>ipsum</span> <span class='ocrx_word' id='word_1_143' title='bbox 885 1350 960 1404; x_wconf 91' lang='lat' dir='ltr'>opus</span> <span class='ocrx_word' id='word_1_144' title='bbox 976 1335 1134 1390; x_wconf 73' lang='lat' dir='ltr'>Ambrosio</span> <span class='ocrx_word' id='word_1_145' title='bbox 1153 1335 1367 1389; x_wconf 80' lang='lat' dir='ltr'>vindicantium</span> <span class='ocrx_word' id='word_1_146' title='bbox 1392 1335 1567 1402; x_wconf 87' lang='lat' dir='ltr'>rationibus,</span> <span class='ocrx_word' id='word_1_147' title='bbox 1591 1352 1625 1391; x_wconf 90' lang='lat' dir='ltr'>ea</span> <span class='ocrx_word' id='word_1_148' title='bbox 1652 1336 1856 1390; x_wconf 90' lang='lat' dir='ltr'>demonstrant</span> 
     </span>
     <span class='ocr_line' id='line_1_12' title="bbox 114 1422 1848 1498; baseline -0.001 -19"><span class='ocrx_word' id='word_1_149' title='bbox 114 1428 221 1496; x_wconf 86' lang='lat' dir='ltr'>partem</span> <span class='ocrx_word' id='word_1_150' title='bbox 237 1427 396 1498; x_wconf 89' lang='lat' dir='ltr'>negantem</span> <span class='ocrx_word' id='word_1_151' title='bbox 410 1425 488 1480; x_wconf 91' lang='lat' dir='ltr'>baud</span> <span class='ocrx_word' id='word_1_152' title='bbox 504 1426 601 1479; x_wconf 87' lang='lat' dir='ltr'>urinas</span> <span class='ocrx_word' id='word_1_153' title='bbox 616 1424 800 1494; x_wconf 85' lang='lat' dir='ltr'>probabilem</span> <span class='ocrx_word' id='word_1_154' title='bbox 814 1438 883 1478; x_wconf 90' lang='lat' dir='ltr'>esse</span> <span class='ocrx_word' id='word_1_155' title='bbox 899 1438 985 1492; x_wconf 89' lang='lat' dir='ltr'>quam</span> <span class='ocrx_word' id='word_1_156' title='bbox 1001 1422 1210 1492; x_wconf 60' lang='lat' dir='ltr'>affirmantem</span> <span class='ocrx_word' id='word_1_157' title='bbox 1233 1424 1417 1495; x_wconf 87' lang='lat' dir='ltr'>proindeque</span> <span class='ocrx_word' id='word_1_158' title='bbox 1440 1439 1498 1478; x_wconf 91' lang='lat' dir='ltr'>non</span> <span class='ocrx_word' id='word_1_159' title='bbox 1523 1423 1668 1479; x_wconf 90' lang='lat' dir='ltr'>immerito</span> <span class='ocrx_word' id='word_1_160' title='bbox 1693 1424 1748 1479; x_wconf 91' lang='lat' dir='ltr'>hac</span> <span class='ocrx_word' id='word_1_161' title='bbox 1770 1423 1801 1478; x_wconf 93' lang='lat' dir='ltr'>in</span> <span class='ocrx_word' id='word_1_162' title='bbox 1817 1437 1848 1477; x_wconf 90' lang='lat' dir='ltr'>ve</span> 
     </span>
     <span class='ocr_line' id='line_1_13' title="bbox 115 1510 1852 1584; baseline -0.001 -16"><span class='ocrx_word' id='word_1_163' title='bbox 115 1513 265 1569; x_wconf 85' lang='lat' dir='ltr'>dubitasse</span> <span class='ocrx_word' id='word_1_164' title='bbox 288 1514 448 1569; x_wconf 89' lang='lat' dir='ltr'>nonnullos</span> <span class='ocrx_word' id='word_1_165' title='bbox 472 1514 704 1569; x_wconf 83' lang='lat' dir='ltr'>orthodoxorum</span> <span class='ocrx_word' id='word_1_166' title='bbox 729 1512 858 1582; x_wconf 88' lang='lat' dir='ltr'>(Cardia.</span> <span class='ocrx_word' id='word_1_167' title='bbox 885 1511 967 1566; x_wconf 90' lang='lat' dir='ltr'>Bona</span> <span class='ocrx_word' id='word_1_168' title='bbox 989 1511 1052 1567; x_wconf 82' lang='lat' dir='ltr'>Iler</span> <span class='ocrx_word' id='word_1_169' title='bbox 1076 1513 1192 1584; x_wconf 78' lang='lat' dir='ltr'>Litai-p.</span> <span class='ocrx_word' id='word_1_170' title='bbox 1217 1512 1269 1566; x_wconf 92' lang='lat' dir='ltr'>lib.</span> <span class='ocrx_word' id='word_1_171' title='bbox 1294 1530 1314 1581; x_wconf 91' lang='lat'>1,</span> <span class='ocrx_word' id='word_1_172' title='bbox 1342 1528 1406 1583; x_wconf 90' lang='lat' dir='ltr'>cap.</span> <span class='ocrx_word' id='word_1_173' title='bbox 1424 1513 1450 1580; x_wconf 82' lang='lat'>7,</span> <span class='ocrx_word' id='word_1_174' title='bbox 1474 1529 1502 1567; x_wconf 91' lang='lat' dir='ltr'>n.</span> <span class='ocrx_word' id='word_1_175' title='bbox 1519 1513 1545 1567; x_wconf 82' lang='lat' dir='ltr'>l.</span> <span class='ocrx_word' id='word_1_176' title='bbox 1563 1512 1684 1566; x_wconf 83' lang='lat' dir='ltr'>bruald.</span> <span class='ocrx_word' id='word_1_177' title='bbox 1701 1510 1745 1566; x_wconf 87' lang='lat' dir='ltr'>Dc</span> <span class='ocrx_word' id='word_1_178' title='bbox 1760 1511 1852 1583; x_wconf 84' lang='lat' dir='ltr'>Freq.</span> 
     </span>
     <span class='ocr_line' id='line_1_14' title="bbox 114 1599 1853 1674; baseline -0.001 -18"><span class='ocrx_word' id='word_1_179' title='bbox 114 1601 258 1657; x_wconf 82' lang='lat' dir='ltr'>dominun.</span> <span class='ocrx_word' id='word_1_180' title='bbox 276 1618 305 1672; x_wconf 88' lang='lat' dir='ltr'>p.</span> <span class='ocrx_word' id='word_1_181' title='bbox 322 1619 341 1673; x_wconf 88' lang='lat' dir='ltr'>r,</span> <span class='ocrx_word' id='word_1_182' title='bbox 360 1617 424 1674; x_wconf 89' lang='lat' dir='ltr'>cap.</span> <span class='ocrx_word' id='word_1_183' title='bbox 442 1602 492 1672; x_wconf 76' lang='lat' dir='ltr'>l33</span> <span class='ocrx_word' id='word_1_184' title='bbox 511 1603 681 1669; x_wconf 79' lang='lat' dir='ltr'>Hermann,</span> <span class='ocrx_word' id='word_1_185' title='bbox 700 1601 779 1670; x_wconf 80' lang='lat' dir='ltr'>etc).</span> <span class='ocrx_word' id='word_1_186' title='bbox 796 1600 854 1654; x_wconf 91' lang='lat' dir='ltr'>Sed</span> <span class='ocrx_word' id='word_1_187' title='bbox 870 1615 906 1655; x_wconf 92' lang='lat' dir='ltr'>ne</span> <span class='ocrx_word' id='word_1_188' title='bbox 922 1601 952 1654; x_wconf 94' lang='lat' dir='ltr'>in</span> <span class='ocrx_word' id='word_1_189' title='bbox 969 1600 1106 1655; x_wconf 89' lang='lat' dir='ltr'>omnibus</span> <span class='ocrx_word' id='word_1_190' title='bbox 1121 1601 1302 1671; x_wconf 87' lang='lat' dir='ltr'>pendeamus</span> <span class='ocrx_word' id='word_1_191' title='bbox 1327 1601 1427 1669; x_wconf 92' lang='lat' dir='ltr'>animi,</span> <span class='ocrx_word' id='word_1_192' title='bbox 1451 1602 1507 1655; x_wconf 88' lang='lat' dir='ltr'>tria</span> <span class='ocrx_word' id='word_1_193' title='bbox 1531 1601 1618 1656; x_wconf 91' lang='lat' dir='ltr'>nobis</span> <span class='ocrx_word' id='word_1_194' title='bbox 1643 1600 1700 1655; x_wconf 91' lang='lat' dir='ltr'>boe</span> <span class='ocrx_word' id='word_1_195' title='bbox 1723 1600 1788 1655; x_wconf 90' lang='lat' dir='ltr'>loco</span> <span class='ocrx_word' id='word_1_196' title='bbox 1804 1599 1853 1654; x_wconf 92' lang='lat' dir='ltr'>in-</span> 
     </span>
     <span class='ocr_line' id='line_1_15' title="bbox 115 1688 1853 1764; baseline -0.001 -18"><span class='ocrx_word' id='word_1_197' title='bbox 115 1692 255 1763; x_wconf 89' lang='lat' dir='ltr'>quirenda</span> <span class='ocrx_word' id='word_1_198' title='bbox 271 1693 493 1764; x_wconf 84' lang='lat' dir='ltr'>proposuimus,</span> <span class='ocrx_word' id='word_1_199' title='bbox 511 1693 649 1746; x_wconf 88' lang='lat' dir='ltr'>nimirum</span> <span class='ocrx_word' id='word_1_200' title='bbox 666 1707 733 1762; x_wconf 85' lang='lat' dir='ltr'>qum</span> <span class='ocrx_word' id='word_1_201' title='bbox 748 1689 836 1744; x_wconf 86' lang='lat' dir='ltr'>luerit</span> <span class='ocrx_word' id='word_1_202' title='bbox 852 1688 987 1760; x_wconf 83' lang='lat' dir='ltr'>ejusdem</span> <span class='ocrx_word' id='word_1_203' title='bbox 1001 1688 1131 1743; x_wconf 90' lang='lat' dir='ltr'>auctoris</span> <span class='ocrx_word' id='word_1_204' title='bbox 1147 1688 1286 1760; x_wconf 81' lang='lat' dir='ltr'>dignitas,</span> <span class='ocrx_word' id='word_1_205' title='bbox 1303 1704 1361 1759; x_wconf 91' lang='lat' dir='ltr'>qno</span> <span class='ocrx_word' id='word_1_206' title='bbox 1377 1691 1509 1759; x_wconf 90' lang='lat' dir='ltr'>tempore</span> <span class='ocrx_word' id='word_1_207' title='bbox 1529 1690 1645 1758; x_wconf 84' lang='lat' dir='ltr'>vixerit,</span> <span class='ocrx_word' id='word_1_208' title='bbox 1673 1705 1730 1760; x_wconf 92' lang='lat' dir='ltr'>qua</span> <span class='ocrx_word' id='word_1_209' title='bbox 1752 1689 1782 1743; x_wconf 93' lang='lat' dir='ltr'>in</span> <span class='ocrx_word' id='word_1_210' title='bbox 1806 1705 1853 1744; x_wconf 91' lang='lat' dir='ltr'>re·</span> 
     </span>
     <span class='ocr_line' id='line_1_16' title="bbox 118 1779 211 1852; baseline 0.011 -19"><span class='ocrx_word' id='word_1_211' title='bbox 118 1779 211 1852; x_wconf 87' lang='lat' dir='ltr'>gione.</span> 
     </span>
    </p>

    <p class='ocr_par' dir='ltr' id='par_1_4' title="bbox 115 1865 1853 2118">
     <span class='ocr_line' id='line_1_17' title="bbox 145 1865 1853 1939; baseline -0.001 -17"><span class='ocrx_word' id='word_1_212' title='bbox 145 1867 240 1922; x_wconf 83' lang='lat' dir='ltr'>Primi</span> <span class='ocrx_word' id='word_1_213' title='bbox 256 1882 329 1924; x_wconf 90' lang='lat' dir='ltr'>sane</span> <span class='ocrx_word' id='word_1_214' title='bbox 344 1867 449 1939; x_wconf 87' lang='lat' dir='ltr'>capitis</span> <span class='ocrx_word' id='word_1_215' title='bbox 465 1869 494 1923; x_wconf 91' lang='lat' dir='ltr'>iu</span> <span class='ocrx_word' id='word_1_216' title='bbox 510 1871 645 1938; x_wconf 88' lang='lat' dir='ltr'>prompta</span> <span class='ocrx_word' id='word_1_217' title='bbox 663 1866 793 1922; x_wconf 83' lang='lat' dir='ltr'>definitio</span> <span class='ocrx_word' id='word_1_218' title='bbox 808 1869 863 1922; x_wconf 90' lang='lat' dir='ltr'>est.</span> <span class='ocrx_word' id='word_1_219' title='bbox 880 1866 1001 1920; x_wconf 85' lang='lat' dir='ltr'>Constat</span> <span class='ocrx_word' id='word_1_220' title='bbox 1016 1865 1163 1936; x_wconf 85' lang='lat' dir='ltr'>siquidem</span> <span class='ocrx_word' id='word_1_221' title='bbox 1180 1865 1259 1920; x_wconf 91' lang='lat' dir='ltr'>illum</span> <span class='ocrx_word' id='word_1_222' title='bbox 1275 1865 1370 1921; x_wconf 88' lang='lat' dir='ltr'>tuisse</span> <span class='ocrx_word' id='word_1_223' title='bbox 1384 1867 1554 1936; x_wconf 86' lang='lat' dir='ltr'>antistitem,</span> <span class='ocrx_word' id='word_1_224' title='bbox 1572 1868 1621 1938; x_wconf 90' lang='lat' dir='ltr'>qui</span> <span class='ocrx_word' id='word_1_225' title='bbox 1637 1865 1803 1937; x_wconf 72' lang='lat' dir='ltr'>neophytos</span> <span class='ocrx_word' id='word_1_226' title='bbox 1824 1867 1853 1921; x_wconf 91' lang='lat' dir='ltr'>et</span> 
     </span>
     <span class='ocr_line' id='line_1_18' title="bbox 116 1953 1853 2027; baseline 0.001 -17"><span class='ocrx_word' id='word_1_227' title='bbox 116 1956 257 2011; x_wconf 86' lang='lat' dir='ltr'>creditum</span> <span class='ocrx_word' id='word_1_228' title='bbox 271 1972 352 2012; x_wconf 80' lang='lat' dir='ltr'>curae</span> <span class='ocrx_word' id='word_1_229' title='bbox 367 1973 432 2011; x_wconf 80' lang='lat' dir='ltr'>suae</span> <span class='ocrx_word' id='word_1_230' title='bbox 446 1957 587 2027; x_wconf 92' lang='lat' dir='ltr'>populum</span> <span class='ocrx_word' id='word_1_231' title='bbox 598 1955 763 2010; x_wconf 88' lang='lat' dir='ltr'>erudiebat.</span> <span class='ocrx_word' id='word_1_232' title='bbox 780 1953 896 2025; x_wconf 86' lang='lat' dir='ltr'>Ubique</span> <span class='ocrx_word' id='word_1_233' title='bbox 912 1953 941 2008; x_wconf 93' lang='lat' dir='ltr'>in</span> <span class='ocrx_word' id='word_1_234' title='bbox 955 1957 1086 2024; x_wconf 88' lang='lat' dir='ltr'>apertum</span> <span class='ocrx_word' id='word_1_235' title='bbox 1102 1955 1227 2024; x_wconf 86' lang='lat' dir='ltr'>erumpit</span> <span class='ocrx_word' id='word_1_236' title='bbox 1243 1971 1276 2009; x_wconf 92' lang='lat' dir='ltr'>ea</span> <span class='ocrx_word' id='word_1_237' title='bbox 1291 1956 1431 2026; x_wconf 83' lang='lat' dir='ltr'>dignitas.</span> <span class='ocrx_word' id='word_1_238' title='bbox 1450 1956 1484 2010; x_wconf 91' lang='lat' dir='ltr'>Et</span> <span class='ocrx_word' id='word_1_239' title='bbox 1500 1956 1600 2010; x_wconf 88' lang='lat' dir='ltr'>utalia</span> <span class='ocrx_word' id='word_1_240' title='bbox 1620 1957 1744 2011; x_wconf 91' lang='lat' dir='ltr'>dccseut</span> <span class='ocrx_word' id='word_1_241' title='bbox 1767 1957 1853 2027; x_wconf 85' lang='lat' dir='ltr'>queis</span> 
     </span>
     <span class='ocr_line' id='line_1_19' title="bbox 115 2041 1851 2118; baseline 0.001 -19"><span class='ocrx_word' id='word_1_242' title='bbox 115 2046 298 2114; x_wconf 81' lang='lat' dir='ltr'>probaretur,</span> <span class='ocrx_word' id='word_1_243' title='bbox 322 2045 408 2100; x_wconf 89' lang='lat' dir='ltr'>locus</span> <span class='ocrx_word' id='word_1_244' title='bbox 430 2046 479 2099; x_wconf 90' lang='lat' dir='ltr'>illo</span> <span class='ocrx_word' id='word_1_245' title='bbox 499 2049 557 2098; x_wconf 88' lang='lat' dir='ltr'>tam</span> <span class='ocrx_word' id='word_1_246' title='bbox 582 2045 754 2100; x_wconf 90' lang='lat' dir='ltr'>decantatus</span> <span class='ocrx_word' id='word_1_247' title='bbox 778 2043 826 2098; x_wconf 90' lang='lat' dir='ltr'>vel</span> <span class='ocrx_word' id='word_1_248' title='bbox 847 2043 931 2097; x_wconf 89' lang='lat' dir='ltr'>solus</span> <span class='ocrx_word' id='word_1_249' title='bbox 948 2041 1109 2112; x_wconf 77' lang='lat' dir='ltr'>sufficeret,</span> <span class='ocrx_word' id='word_1_250' title='bbox 1128 2059 1232 2113; x_wconf 86' lang='lat' dir='ltr'>nempe</span> <span class='ocrx_word' id='word_1_251' title='bbox 1249 2044 1445 2100; x_wconf 88' lang='lat' dir='ltr'>ubidicitur:</span> <span class='ocrx_word' id='word_1_252' title='bbox 1466 2046 1498 2100; x_wconf 90' lang='lat' dir='ltr'>ln</span> <span class='ocrx_word' id='word_1_253' title='bbox 1515 2045 1651 2100; x_wconf 86' lang='lat' dir='ltr'>erunibus</span> <span class='ocrx_word' id='word_1_254' title='bbox 1666 2045 1749 2116; x_wconf 86' lang='lat' dir='ltr'>cupio</span> <span class='ocrx_word' id='word_1_255' title='bbox 1766 2046 1851 2118; x_wconf 88' lang='lat' dir='ltr'>sequi</span> 
     </span>
    </p>

    <p class='ocr_par' dir='ltr' id='par_1_5' title="bbox 112 2131 1388 2204">
     <span class='ocr_line' id='line_1_20' title="bbox 112 2131 1388 2204; baseline -0.002 -15"><span class='ocrx_word' id='word_1_256' title='bbox 112 2134 275 2190; x_wconf 79' lang='lat' dir='ltr'>Ecclesiam</span> <span class='ocrx_word' id='word_1_257' title='bbox 291 2133 460 2204; x_wconf 75' lang='lat' dir='ltr'>itomanam,</span> <span class='ocrx_word' id='word_1_258' title='bbox 479 2135 533 2188; x_wconf 84' lang='lat' dir='ltr'>sed</span> <span class='ocrx_word' id='word_1_259' title='bbox 548 2150 611 2202; x_wconf 89' lang='lat' dir='ltr'>nos,</span> <span class='ocrx_word' id='word_1_260' title='bbox 628 2136 684 2188; x_wconf 90' lang='lat' dir='ltr'>ete.</span> <span class='ocrx_word' id='word_1_261' title='bbox 700 2131 772 2198; x_wconf 86' lang='lat' dir='ltr'>Quis</span> <span class='ocrx_word' id='word_1_262' title='bbox 787 2132 866 2186; x_wconf 89' lang='lat' dir='ltr'>enim</span> <span class='ocrx_word' id='word_1_263' title='bbox 880 2133 918 2186; x_wconf 90' lang='lat' dir='ltr'>ila</span> <span class='ocrx_word' id='word_1_264' title='bbox 933 2132 1112 2203; x_wconf 90' lang='lat' dir='ltr'>loqueretur,</span> <span class='ocrx_word' id='word_1_265' title='bbox 1129 2133 1188 2185; x_wconf 91' lang='lat' dir='ltr'>nisi</span> <span class='ocrx_word' id='word_1_266' title='bbox 1204 2133 1388 2202; x_wconf 73' lang='lat' dir='ltr'>episcopus?</span> 
     </span>
    </p>

    <p class='ocr_par' dir='ltr' id='par_1_6' title="bbox 115 2221 1853 3179">
     <span class='ocr_line' id='line_1_21' title="bbox 141 2221 1851 2293; baseline -0.001 -15"><span class='ocrx_word' id='word_1_267' title='bbox 141 2223 227 2288; x_wconf 86' lang='lat' dir='ltr'>Quod</span> <span class='ocrx_word' id='word_1_268' title='bbox 243 2226 342 2279; x_wconf 89' lang='lat' dir='ltr'>autem</span> <span class='ocrx_word' id='word_1_269' title='bbox 358 2223 483 2293; x_wconf 85' lang='lat' dir='ltr'>pertinet</span> <span class='ocrx_word' id='word_1_270' title='bbox 498 2223 534 2277; x_wconf 93' lang='lat' dir='ltr'>ud</span> <span class='ocrx_word' id='word_1_271' title='bbox 551 2222 715 2277; x_wconf 90' lang='lat' dir='ltr'>secundum</span> <span class='ocrx_word' id='word_1_272' title='bbox 735 2224 830 2292; x_wconf 87' lang='lat' dir='ltr'>caput,</span> <span class='ocrx_word' id='word_1_273' title='bbox 856 2237 893 2275; x_wconf 89' lang='lat' dir='ltr'>ex</span> <span class='ocrx_word' id='word_1_274' title='bbox 917 2221 1087 2275; x_wconf 88' lang='lat' dir='ltr'>memoratis</span> <span class='ocrx_word' id='word_1_275' title='bbox 1111 2221 1282 2275; x_wconf 88' lang='lat' dir='ltr'>auctoribus</span> <span class='ocrx_word' id='word_1_276' title='bbox 1298 2221 1450 2291; x_wconf 88' lang='lat' dir='ltr'>probabile</span> <span class='ocrx_word' id='word_1_277' title='bbox 1475 2222 1506 2276; x_wconf 84' lang='lat' dir='ltr'>sil</span> <span class='ocrx_word' id='word_1_278' title='bbox 1530 2223 1706 2292; x_wconf 89' lang='lat' dir='ltr'>scriptorem</span> <span class='ocrx_word' id='word_1_279' title='bbox 1732 2223 1768 2277; x_wconf 93' lang='lat' dir='ltr'>dc</span> <span class='ocrx_word' id='word_1_280' title='bbox 1793 2237 1851 2293; x_wconf 91' lang='lat' dir='ltr'>quo</span> 
     </span>
     <span class='ocr_line' id='line_1_22' title="bbox 116 2308 1853 2383; baseline -0.001 -17"><span class='ocrx_word' id='word_1_281' title='bbox 116 2311 300 2383; x_wconf 79' lang='lat' dir='ltr'>inquirimuS,</span> <span class='ocrx_word' id='word_1_282' title='bbox 316 2316 383 2367; x_wconf 89' lang='lat' dir='ltr'>ante</span> <span class='ocrx_word' id='word_1_283' title='bbox 398 2315 533 2366; x_wconf 89' lang='lat' dir='ltr'>octavum</span> <span class='ocrx_word' id='word_1_284' title='bbox 549 2311 693 2365; x_wconf 71' lang='lat' dir='ltr'>sacculum</span> <span class='ocrx_word' id='word_1_285' title='bbox 708 2310 847 2364; x_wconf 88' lang='lat' dir='ltr'>tloruissc</span> <span class='ocrx_word' id='word_1_286' title='bbox 864 2326 869 2363; x_wconf 93' lang='lat'>:</span> <span class='ocrx_word' id='word_1_287' title='bbox 887 2312 915 2362; x_wconf 93' lang='lat' dir='ltr'>at</span> <span class='ocrx_word' id='word_1_288' title='bbox 930 2325 945 2364; x_wconf 90' lang='lat' dir='ltr'>e</span> <span class='ocrx_word' id='word_1_289' title='bbox 962 2309 1063 2364; x_wconf 90' lang='lat' dir='ltr'>codiee</span> <span class='ocrx_word' id='word_1_290' title='bbox 1079 2308 1297 2376; x_wconf 84' lang='lat' dir='ltr'>San-Gallensi,</span> <span class='ocrx_word' id='word_1_291' title='bbox 1314 2308 1489 2379; x_wconf 86' lang='lat' dir='ltr'>majusculis</span> <span class='ocrx_word' id='word_1_292' title='bbox 1505 2311 1611 2364; x_wconf 85' lang='lat' dir='ltr'>litteris</span> <span class='ocrx_word' id='word_1_293' title='bbox 1627 2314 1693 2365; x_wconf 89' lang='lat' dir='ltr'>ante</span> <span class='ocrx_word' id='word_1_294' title='bbox 1709 2326 1804 2365; x_wconf 92' lang='lat' dir='ltr'>anuos</span> <span class='ocrx_word' id='word_1_295' title='bbox 1821 2313 1853 2364; x_wconf 92' lang='lat' dir='ltr'>ut</span> 
     </span>
     <span class='ocr_line' id='line_1_23' title="bbox 115 2397 1852 2485; baseline 0 -31"><span class='ocrx_word' id='word_1_296' title='bbox 115 2400 301 2455; x_wconf 88' lang='lat' dir='ltr'>liabillonius</span> <span class='ocrx_word' id='word_1_297' title='bbox 317 2404 420 2457; x_wconf 85' lang='lat' dir='ltr'>noster</span> <span class='ocrx_word' id='word_1_298' title='bbox 434 2400 550 2469; x_wconf 64' lang='lat' dir='ltr'>ditesco</span> <span class='ocrx_word' id='word_1_299' title='bbox 565 2400 661 2454; x_wconf 83' lang='lat' dir='ltr'>Italic.</span> <span class='ocrx_word' id='word_1_300' title='bbox 676 2415 706 2470; x_wconf 91' lang='lat' dir='ltr'>p.</span> <span class='ocrx_word' id='word_1_301' title='bbox 722 2400 749 2467; x_wconf 74' lang='grc' dir='ltr'>Ἴ)</span> <span class='ocrx_word' id='word_1_302' title='bbox 765 2400 852 2485; x_wconf 65' lang='lat' dir='ltr'>tpstis</span> <span class='ocrx_word' id='word_1_303' title='bbox 868 2401 913 2453; x_wconf 92' lang='lat' dir='ltr'>est</span> <span class='ocrx_word' id='word_1_304' title='bbox 927 2397 1191 2468; x_wconf 90' lang='lat' dir='ltr'>locupletissimus,</span> <span class='ocrx_word' id='word_1_305' title='bbox 1209 2397 1327 2453; x_wconf 86' lang='lat' dir='ltr'>circiter</span> <span class='ocrx_word' id='word_1_306' title='bbox 1341 2398 1419 2453; x_wconf 91' lang='lat' dir='ltr'>mille</span> <span class='ocrx_word' id='word_1_307' title='bbox 1435 2402 1555 2454; x_wconf 87' lang='lat' dir='ltr'>exarato</span> <span class='ocrx_word' id='word_1_308' title='bbox 1581 2399 1728 2454; x_wconf 89' lang='lat' dir='ltr'>evincitur</span> <span class='ocrx_word' id='word_1_309' title='bbox 1752 2401 1852 2470; x_wconf 90' lang='lat' dir='ltr'>ipsum</span> 
     </span>
     <span class='ocr_line' id='line_1_24' title="bbox 116 2486 1852 2560; baseline 0.001 -18"><span class='ocrx_word' id='word_1_310' title='bbox 116 2490 236 2559; x_wconf 88' lang='lat' dir='ltr'>septimo</span> <span class='ocrx_word' id='word_1_311' title='bbox 250 2489 338 2544; x_wconf 87' lang='lat' dir='ltr'>eliam</span> <span class='ocrx_word' id='word_1_312' title='bbox 354 2488 466 2544; x_wconf 80' lang='lat' dir='ltr'>soeculo</span> <span class='ocrx_word' id='word_1_313' title='bbox 481 2487 687 2560; x_wconf 84' lang='lat' dir='ltr'>antiquiorem.</span> <span class='ocrx_word' id='word_1_314' title='bbox 706 2486 852 2542; x_wconf 70' lang='lat' dir='ltr'>Prae&#39;lerea</span> <span class='ocrx_word' id='word_1_315' title='bbox 866 2503 939 2542; x_wconf 91' lang='lat' dir='ltr'>vero</span> <span class='ocrx_word' id='word_1_316' title='bbox 954 2487 1011 2542; x_wconf 90' lang='lat' dir='ltr'>hoc</span> <span class='ocrx_word' id='word_1_317' title='bbox 1025 2486 1103 2541; x_wconf 91' lang='lat' dir='ltr'>idem</span> <span class='ocrx_word' id='word_1_318' title='bbox 1119 2502 1193 2557; x_wconf 90' lang='lat' dir='ltr'>opus</span> <span class='ocrx_word' id='word_1_319' title='bbox 1214 2487 1397 2560; x_wconf 88' lang='lat' dir='ltr'>argumentis</span> <span class='ocrx_word' id='word_1_320' title='bbox 1420 2487 1549 2558; x_wconf 89' lang='lat' dir='ltr'>propriis</span> <span class='ocrx_word' id='word_1_321' title='bbox 1573 2490 1688 2542; x_wconf 80' lang='lat' dir='ltr'>aetatem</span> <span class='ocrx_word' id='word_1_322' title='bbox 1712 2489 1852 2543; x_wconf 91' lang='lat' dir='ltr'>remotio-</span> 
     </span>
     <span class='ocr_line' id='line_1_25' title="bbox 116 2574 1852 2648; baseline 0 -16"><span class='ocrx_word' id='word_1_323' title='bbox 116 2593 172 2632; x_wconf 86' lang='lat' dir='ltr'>rem</span> <span class='ocrx_word' id='word_1_324' title='bbox 194 2577 257 2633; x_wconf 89' lang='lat' dir='ltr'>sibi</span> <span class='ocrx_word' id='word_1_325' title='bbox 280 2577 419 2639; x_wconf 89' lang='lat' dir='ltr'>vindicat.</span> <span class='ocrx_word' id='word_1_326' title='bbox 446 2576 561 2633; x_wconf 85' lang='lat' dir='ltr'>Etenim</span> <span class='ocrx_word' id='word_1_327' title='bbox 581 2592 647 2632; x_wconf 90' lang='lat' dir='ltr'>cum</span> <span class='ocrx_word' id='word_1_328' title='bbox 671 2577 725 2631; x_wconf 91' lang='lat' dir='ltr'>has</span> <span class='ocrx_word' id='word_1_329' title='bbox 749 2577 909 2631; x_wconf 91' lang='lat' dir='ltr'>conciones</span> <span class='ocrx_word' id='word_1_330' title='bbox 932 2574 969 2630; x_wconf 90' lang='lat' dir='ltr'>ad</span> <span class='ocrx_word' id='word_1_331' title='bbox 992 2576 1158 2646; x_wconf 76' lang='lat' dir='ltr'>neophytos</span> <span class='ocrx_word' id='word_1_332' title='bbox 1184 2591 1238 2631; x_wconf 91' lang='lat' dir='ltr'>nec</span> <span class='ocrx_word' id='word_1_333' title='bbox 1262 2592 1374 2646; x_wconf 87' lang='lat' dir='ltr'>pauens</span> <span class='ocrx_word' id='word_1_334' title='bbox 1398 2591 1480 2643; x_wconf 89' lang='lat' dir='ltr'>sane,</span> <span class='ocrx_word' id='word_1_335' title='bbox 1502 2576 1619 2648; x_wconf 89' lang='lat' dir='ltr'>quando</span> <span class='ocrx_word' id='word_1_336' title='bbox 1635 2576 1683 2630; x_wconf 85' lang='lat' dir='ltr'>llic</span> <span class='ocrx_word' id='word_1_337' title='bbox 1696 2576 1807 2646; x_wconf 79' lang='lat' dir='ltr'>praesul</span> <span class='ocrx_word' id='word_1_338' title='bbox 1824 2580 1852 2632; x_wconf 91' lang='lat' dir='ltr'>et</span> 
     </span>
     <span class='ocr_line' id='line_1_26' title="bbox 116 2663 1853 2736; baseline -0.001 -16"><span class='ocrx_word' id='word_1_339' title='bbox 116 2666 213 2721; x_wconf 86' lang='lat' dir='ltr'>nultos</span> <span class='ocrx_word' id='word_1_340' title='bbox 227 2669 257 2721; x_wconf 91' lang='lat' dir='ltr'>et</span> <span class='ocrx_word' id='word_1_341' title='bbox 271 2665 416 2727; x_wconf 76' lang='lat' dir='ltr'>tortitiam</span> <span class='ocrx_word' id='word_1_342' title='bbox 432 2666 619 2720; x_wconf 79' lang='lat' dir='ltr'>candidatam</span> <span class='ocrx_word' id='word_1_343' title='bbox 637 2665 703 2720; x_wconf 92' lang='lat' dir='ltr'>illos</span> <span class='ocrx_word' id='word_1_344' title='bbox 721 2664 829 2718; x_wconf 88' lang='lat' dir='ltr'>vocitat</span> <span class='ocrx_word' id='word_1_345' title='bbox 846 2664 907 2734; x_wconf 86' lang='lat' dir='ltr'>(lib.</span> <span class='ocrx_word' id='word_1_346' title='bbox 926 2680 954 2732; x_wconf 88' lang='lat' dir='ltr'>v,</span> <span class='ocrx_word' id='word_1_347' title='bbox 972 2680 997 2717; x_wconf 85' lang='lat' dir='ltr'>c.</span> <span class='ocrx_word' id='word_1_348' title='bbox 1013 2663 1051 2731; x_wconf 82' lang='lat'>3),</span> <span class='ocrx_word' id='word_1_349' title='bbox 1068 2663 1184 2718; x_wconf 86' lang='lat' dir='ltr'>babilas</span> <span class='ocrx_word' id='word_1_350' title='bbox 1201 2667 1331 2733; x_wconf 81' lang='lat' dir='ltr'>constet3</span> <span class='ocrx_word' id='word_1_351' title='bbox 1352 2664 1419 2719; x_wconf 89' lang='lat' dir='ltr'>inde</span> <span class='ocrx_word' id='word_1_352' title='bbox 1435 2663 1583 2736; x_wconf 90' lang='lat' dir='ltr'>intelligas</span> <span class='ocrx_word' id='word_1_353' title='bbox 1609 2665 1735 2720; x_wconf 90' lang='lat' dir='ltr'>necdum</span> <span class='ocrx_word' id='word_1_354' title='bbox 1759 2665 1853 2720; x_wconf 90' lang='lat' dir='ltr'>omni-</span> 
     </span>
     <span class='ocr_line' id='line_1_27' title="bbox 119 2751 1852 2826; baseline 0 -18"><span class='ocrx_word' id='word_1_355' title='bbox 119 2769 149 2808; x_wconf 90' lang='lat' dir='ltr'>uo</span> <span class='ocrx_word' id='word_1_356' title='bbox 163 2757 312 2824; x_wconf 85' lang='lat' dir='ltr'>receptam</span> <span class='ocrx_word' id='word_1_357' title='bbox 327 2754 423 2810; x_wconf 87' lang='lat' dir='ltr'>luisse</span> <span class='ocrx_word' id='word_1_358' title='bbox 439 2754 680 2823; x_wconf 73' lang='lat' dir='ltr'>baptizandorum</span> <span class='ocrx_word' id='word_1_359' title='bbox 696 2753 850 2808; x_wconf 86' lang='lat' dir='ltr'>iulanlium</span> <span class='ocrx_word' id='word_1_360' title='bbox 867 2751 1122 2806; x_wconf 88' lang='lat' dir='ltr'>consuetudinem.</span> <span class='ocrx_word' id='word_1_361' title='bbox 1139 2752 1173 2806; x_wconf 92' lang='lat' dir='ltr'>Et</span> <span class='ocrx_word' id='word_1_362' title='bbox 1188 2768 1222 2807; x_wconf 92' lang='lat' dir='ltr'>eo</span> <span class='ocrx_word' id='word_1_363' title='bbox 1238 2753 1356 2823; x_wconf 90' lang='lat' dir='ltr'>quidem</span> <span class='ocrx_word' id='word_1_364' title='bbox 1371 2756 1487 2823; x_wconf 89' lang='lat' dir='ltr'>tempus</span> <span class='ocrx_word' id='word_1_365' title='bbox 1503 2753 1655 2826; x_wconf 87' lang='lat' dir='ltr'>designari</span> <span class='ocrx_word' id='word_1_366' title='bbox 1675 2754 1734 2808; x_wconf 89' lang='lat' dir='ltr'>lmu</span> <span class='ocrx_word' id='word_1_367' title='bbox 1761 2754 1852 2809; x_wconf 87' lang='lat' dir='ltr'>mullo</span> 
     </span>
     <span class='ocr_line' id='line_1_28' title="bbox 123 2837 1853 2915; baseline 0.001 -19"><span class='ocrx_word' id='word_1_368' title='bbox 123 2842 269 2915; x_wconf 71' lang='lat' dir='ltr'>Augustini</span> <span class='ocrx_word' id='word_1_369' title='bbox 287 2846 371 2897; x_wconf 83' lang='lat' dir='ltr'>relate</span> <span class='ocrx_word' id='word_1_370' title='bbox 384 2842 535 2912; x_wconf 91' lang='lat' dir='ltr'>posterius</span> <span class='ocrx_word' id='word_1_371' title='bbox 550 2842 637 2896; x_wconf 91' lang='lat' dir='ltr'>nobis</span> <span class='ocrx_word' id='word_1_372' title='bbox 655 2842 780 2895; x_wconf 82' lang='lat' dir='ltr'>videtur.</span> <span class='ocrx_word' id='word_1_373' title='bbox 799 2841 907 2895; x_wconf 85' lang='lat' dir='ltr'>lleinrle</span> <span class='ocrx_word' id='word_1_374' title='bbox 922 2848 932 2908; x_wconf 73' lang='lat' dir='ltr'>s</span> <span class='ocrx_word' id='word_1_375' title='bbox 938 2840 987 2894; x_wconf 90' lang='lat' dir='ltr'>lib.</span> <span class='ocrx_word' id='word_1_376' title='bbox 1004 2856 1044 2908; x_wconf 88' lang='lat' dir='ltr'>vr,</span> <span class='ocrx_word' id='word_1_377' title='bbox 1061 2855 1124 2909; x_wconf 88' lang='lat' dir='ltr'>cap.</span> <span class='ocrx_word' id='word_1_378' title='bbox 1141 2839 1157 2892; x_wconf 81' lang='lat' dir='ltr'>l</span> <span class='ocrx_word' id='word_1_379' title='bbox 1174 2840 1334 2908; x_wconf 66' lang='lat' dir='ltr'>clipeatis</span> <span class='ocrx_word' id='word_1_380' title='bbox 1351 2841 1443 2895; x_wconf 88' lang='lat' dir='ltr'>innuit</span> <span class='ocrx_word' id='word_1_381' title='bbox 1458 2842 1615 2897; x_wconf 91' lang='lat' dir='ltr'>Gentilium</span> <span class='ocrx_word' id='word_1_382' title='bbox 1632 2843 1741 2898; x_wconf 92' lang='lat' dir='ltr'>cultum</span> <span class='ocrx_word' id='word_1_383' title='bbox 1764 2837 1853 2898; x_wconf 88' lang='lat' dir='ltr'>etiam</span> 
     </span>
     <span class='ocr_line' id='line_1_29' title="bbox 123 2928 1847 3003; baseline 0.001 -20"><span class='ocrx_word' id='word_1_384' title='bbox 123 2934 180 2985; x_wconf 87' lang='lat' dir='ltr'>tunc</span> <span class='ocrx_word' id='word_1_385' title='bbox 194 2931 224 2986; x_wconf 92' lang='lat' dir='ltr'>in</span> <span class='ocrx_word' id='word_1_386' title='bbox 240 2931 364 2986; x_wconf 85' lang='lat' dir='ltr'>dioecesi</span> <span class='ocrx_word' id='word_1_387' title='bbox 381 2947 434 2985; x_wconf 82' lang='lat' dir='ltr'>sca</span> <span class='ocrx_word' id='word_1_388' title='bbox 449 2932 594 3003; x_wconf 89' lang='lat' dir='ltr'>viguisse.</span> <span class='ocrx_word' id='word_1_389' title='bbox 615 2932 657 2985; x_wconf 74' lang='lat' dir='ltr'>ld</span> <span class='ocrx_word' id='word_1_390' title='bbox 674 2931 738 2985; x_wconf 81' lang='lat' dir='ltr'>bruc</span> <span class='ocrx_word' id='word_1_391' title='bbox 754 2931 830 2984; x_wconf 84' lang='lat' dir='ltr'>idem</span> <span class='ocrx_word' id='word_1_392' title='bbox 847 2945 964 3000; x_wconf 91' lang='lat' dir='ltr'>quoque</span> <span class='ocrx_word' id='word_1_393' title='bbox 980 2928 1172 2991; x_wconf 89' lang='lat' dir='ltr'>coulirmalur</span> <span class='ocrx_word' id='word_1_394' title='bbox 1193 2928 1229 2982; x_wconf 88' lang='lat' dir='ltr'>iis</span> <span class='ocrx_word' id='word_1_395' title='bbox 1254 2929 1428 2999; x_wconf 77' lang='lat' dir='ltr'>rationibuS,</span> <span class='ocrx_word' id='word_1_396' title='bbox 1452 2930 1530 3001; x_wconf 92' lang='lat' dir='ltr'>quod</span> <span class='ocrx_word' id='word_1_397' title='bbox 1552 2930 1691 2985; x_wconf 88' lang='lat' dir='ltr'>videlicet</span> <span class='ocrx_word' id='word_1_398' title='bbox 1714 2929 1847 2985; x_wconf 72' lang='lat' dir='ltr'>haeretici</span> 
     </span>
     <span class='ocr_line' id='line_1_30' title="bbox 126 3016 1849 3090; baseline 0.001 -17"><span class='ocrx_word' id='word_1_399' title='bbox 126 3022 219 3088; x_wconf 85' lang='lat' dir='ltr'>preter</span> <span class='ocrx_word' id='word_1_400' title='bbox 242 3020 371 3074; x_wconf 72' lang='lat' dir='ltr'>Arianos</span> <span class='ocrx_word' id='word_1_401' title='bbox 394 3021 422 3076; x_wconf 91' lang='lat' dir='ltr'>et</span> <span class='ocrx_word' id='word_1_402' title='bbox 445 3035 498 3074; x_wconf 90' lang='lat' dir='ltr'>eos</span> <span class='ocrx_word' id='word_1_403' title='bbox 522 3020 571 3090; x_wconf 92' lang='lat' dir='ltr'>qni</span> <span class='ocrx_word' id='word_1_404' title='bbox 596 3018 706 3074; x_wconf 81' lang='lat' dir='ltr'>Clu-isli</span> <span class='ocrx_word' id='word_1_405' title='bbox 730 3017 940 3090; x_wconf 87' lang='lat' dir='ltr'>oppugnabant</span> <span class='ocrx_word' id='word_1_406' title='bbox 964 3016 1155 3082; x_wconf 81' lang='lat' dir='ltr'>diiinitalem,</span> <span class='ocrx_word' id='word_1_407' title='bbox 1179 3017 1250 3071; x_wconf 93' lang='lat' dir='ltr'>nulli</span> <span class='ocrx_word' id='word_1_408' title='bbox 1273 3017 1446 3073; x_wconf 77' lang='lat' dir='ltr'>refelluntur</span> <span class='ocrx_word' id='word_1_409' title='bbox 1468 3020 1628 3090; x_wconf 90' lang='lat' dir='ltr'>:qnodque</span> <span class='ocrx_word' id='word_1_410' title='bbox 1651 3034 1688 3073; x_wconf 87' lang='lat' dir='ltr'>cx</span> <span class='ocrx_word' id='word_1_411' title='bbox 1710 3019 1849 3075; x_wconf 85' lang='lat' dir='ltr'>versione</span> 
     </span>
     <span class='ocr_line' id='line_1_31' title="bbox 130 3105 1851 3179; baseline 0.001 -19"><span class='ocrx_word' id='word_1_412' title='bbox 130 3122 173 3176; x_wconf 84' lang='lat' dir='ltr'>qua</span> <span class='ocrx_word' id='word_1_413' title='bbox 185 3124 258 3163; x_wconf 88' lang='lat' dir='ltr'>usus</span> <span class='ocrx_word' id='word_1_414' title='bbox 274 3107 420 3178; x_wconf 89' lang='lat' dir='ltr'>reperitur</span> <span class='ocrx_word' id='word_1_415' title='bbox 436 3108 483 3163; x_wconf 89' lang='lat' dir='ltr'>bic</span> <span class='ocrx_word' id='word_1_416' title='bbox 499 3112 610 3178; x_wconf 91' lang='lat' dir='ltr'>auctor,</span> <span class='ocrx_word' id='word_1_417' title='bbox 629 3108 702 3163; x_wconf 87' lang='lat' dir='ltr'>satis</span> <span class='ocrx_word' id='word_1_418' title='bbox 718 3108 863 3162; x_wconf 89' lang='lat' dir='ltr'>indicatur</span> <span class='ocrx_word' id='word_1_419' title='bbox 877 3107 1013 3179; x_wconf 79' lang='lat' dir='ltr'>l&#39;ulgatao</span> <span class='ocrx_word' id='word_1_420' title='bbox 1028 3105 1055 3160; x_wconf 92' lang='lat' dir='ltr'>id</span> <span class='ocrx_word' id='word_1_421' title='bbox 1073 3107 1215 3176; x_wconf 89' lang='lat' dir='ltr'>temporis</span> <span class='ocrx_word' id='word_1_422' title='bbox 1230 3107 1359 3161; x_wconf 89' lang='lat' dir='ltr'>nondum</span> <span class='ocrx_word' id='word_1_423' title='bbox 1375 3109 1451 3178; x_wconf 91' lang='lat' dir='ltr'>apud</span> <span class='ocrx_word' id='word_1_424' title='bbox 1468 3123 1571 3162; x_wconf 89' lang='lat' dir='ltr'>omncs</span> <span class='ocrx_word' id='word_1_425' title='bbox 1596 3108 1762 3162; x_wconf 89' lang='lat' dir='ltr'>attributam</span> <span class='ocrx_word' id='word_1_426' title='bbox 1782 3124 1851 3162; x_wconf 86' lang='lat' dir='ltr'>aue·</span> 
     </span>
    </p>

    <p class='ocr_par' dir='ltr' id='par_1_7' title="bbox 135 3195 269 3251">
     <span class='ocr_line' id='line_1_32' title="bbox 135 3195 269 3251; baseline 0.03 -4"><span class='ocrx_word' id='word_1_427' title='bbox 135 3195 269 3251; x_wconf 88' lang='lat' dir='ltr'>toritatem.</span> 
     </span>
    </p>

    <p class='ocr_par' dir='ltr' id='par_1_8' title="bbox 138 3282 1857 4243">
     <span class='ocr_line' id='line_1_33' title="bbox 159 3282 1855 3356; baseline 0.001 -17"><span class='ocrx_word' id='word_1_428' title='bbox 159 3282 191 3338; x_wconf 87' lang='lat' dir='ltr'>lla</span> <span class='ocrx_word' id='word_1_429' title='bbox 205 3285 287 3339; x_wconf 90' lang='lat' dir='ltr'>tertia</span> <span class='ocrx_word' id='word_1_430' title='bbox 303 3284 421 3340; x_wconf 89' lang='lat' dir='ltr'>demum</span> <span class='ocrx_word' id='word_1_431' title='bbox 436 3285 600 3356; x_wconf 79' lang='lat' dir='ltr'>quaestione</span> <span class='ocrx_word' id='word_1_432' title='bbox 617 3285 661 3340; x_wconf 89' lang='lat' dir='ltr'>sie</span> <span class='ocrx_word' id='word_1_433' title='bbox 677 3285 843 3339; x_wconf 88' lang='lat' dir='ltr'>statuimus.</span> <span class='ocrx_word' id='word_1_434' title='bbox 862 3283 950 3338; x_wconf 80' lang='lat' dir='ltr'>Extra</span> <span class='ocrx_word' id='word_1_435' title='bbox 967 3285 1200 3339; x_wconf 81' lang='lat' dir='ltr'>controversiam</span> <span class='ocrx_word' id='word_1_436' title='bbox 1212 3287 1257 3339; x_wconf 90' lang='lat' dir='ltr'>est</span> <span class='ocrx_word' id='word_1_437' title='bbox 1269 3285 1372 3340; x_wconf 91' lang='lat' dir='ltr'>horum</span> <span class='ocrx_word' id='word_1_438' title='bbox 1384 3285 1525 3340; x_wconf 89' lang='lat' dir='ltr'>librorum</span> <span class='ocrx_word' id='word_1_439' title='bbox 1536 3290 1684 3356; x_wconf 87' lang='lat' dir='ltr'>parentem</span> <span class='ocrx_word' id='word_1_440' title='bbox 1695 3286 1855 3341; x_wconf 89' lang='lat' dir='ltr'>uonluisse</span> 
     </span>
     <span class='ocr_line' id='line_1_34' title="bbox 138 3371 1853 3445; baseline 0.003 -21"><span class='ocrx_word' id='word_1_441' title='bbox 138 3371 262 3428; x_wconf 78' lang='lat' dir='ltr'>subditum</span> <span class='ocrx_word' id='word_1_442' title='bbox 278 3375 419 3429; x_wconf 75' lang='lat' dir='ltr'>Romanae</span> <span class='ocrx_word' id='word_1_443' title='bbox 435 3374 587 3443; x_wconf 89' lang='lat' dir='ltr'>metropoli</span> <span class='ocrx_word' id='word_1_444' title='bbox 606 3389 612 3428; x_wconf 91' lang='lat'>:</span> <span class='ocrx_word' id='word_1_445' title='bbox 630 3390 685 3429; x_wconf 90' lang='lat' dir='ltr'>nee</span> <span class='ocrx_word' id='word_1_446' title='bbox 701 3375 799 3428; x_wconf 87' lang='lat' dir='ltr'>miuus</span> <span class='ocrx_word' id='word_1_447' title='bbox 813 3378 910 3428; x_wconf 89' lang='lat' dir='ltr'>tamen</span> <span class='ocrx_word' id='word_1_448' title='bbox 926 3375 1037 3428; x_wconf 83' lang='lat' dir='ltr'>certum</span> <span class='ocrx_word' id='word_1_449' title='bbox 1054 3373 1149 3443; x_wconf 91' lang='lat' dir='ltr'>ipsius</span> <span class='ocrx_word' id='word_1_450' title='bbox 1166 3374 1267 3428; x_wconf 86' lang='lat' dir='ltr'>sedem</span> <span class='ocrx_word' id='word_1_451' title='bbox 1292 3375 1328 3428; x_wconf 87' lang='lat' dir='ltr'>ab</span> <span class='ocrx_word' id='word_1_452' title='bbox 1356 3375 1435 3429; x_wconf 82' lang='lat' dir='ltr'>Urbe</span> <span class='ocrx_word' id='word_1_453' title='bbox 1457 3375 1533 3429; x_wconf 91' lang='lat' dir='ltr'>haud</span> <span class='ocrx_word' id='word_1_454' title='bbox 1558 3376 1680 3429; x_wconf 89' lang='lat' dir='ltr'>mullum</span> <span class='ocrx_word' id='word_1_455' title='bbox 1704 3375 1853 3445; x_wconf 86' lang='lat' dir='ltr'>dissitam,</span> 
     </span>
     <span class='ocr_line' id='line_1_35' title="bbox 139 3461 1853 3534; baseline 0.004 -22"><span class='ocrx_word' id='word_1_456' title='bbox 139 3461 220 3532; x_wconf 88' lang='lat' dir='ltr'>quippe</span> <span class='ocrx_word' id='word_1_457' title='bbox 235 3462 322 3534; x_wconf 81' lang='lat' dir='ltr'>eujus</span> <span class='ocrx_word' id='word_1_458' title='bbox 339 3463 533 3517; x_wconf 89' lang='lat' dir='ltr'>caeremonias</span> <span class='ocrx_word' id='word_1_459' title='bbox 549 3466 576 3516; x_wconf 90' lang='lat' dir='ltr'>et</span> <span class='ocrx_word' id='word_1_460' title='bbox 591 3467 764 3532; x_wconf 86' lang='lat' dir='ltr'>perspectas</span> <span class='ocrx_word' id='word_1_461' title='bbox 779 3461 905 3516; x_wconf 85' lang='lat' dir='ltr'>habebat</span> <span class='ocrx_word' id='word_1_462' title='bbox 921 3464 948 3516; x_wconf 90' lang='lat' dir='ltr'>et</span> <span class='ocrx_word' id='word_1_463' title='bbox 963 3462 1143 3531; x_wconf 85' lang='lat' dir='ltr'>sequebatur</span> <span class='ocrx_word' id='word_1_464' title='bbox 1158 3463 1187 3516; x_wconf 89' lang='lat' dir='ltr'>io</span> <span class='ocrx_word' id='word_1_465' title='bbox 1201 3462 1347 3532; x_wconf 83' lang='lat' dir='ltr'>pluribus.</span> <span class='ocrx_word' id='word_1_466' title='bbox 1365 3465 1437 3517; x_wconf 80' lang='lat' dir='ltr'>Cum</span> <span class='ocrx_word' id='word_1_467' title='bbox 1454 3480 1525 3519; x_wconf 92' lang='lat' dir='ltr'>vero</span> <span class='ocrx_word' id='word_1_468' title='bbox 1542 3465 1629 3519; x_wconf 89' lang='lat' dir='ltr'>etiam</span> <span class='ocrx_word' id='word_1_469' title='bbox 1644 3464 1751 3519; x_wconf 89' lang='lat' dir='ltr'>iisdem</span> <span class='ocrx_word' id='word_1_470' title='bbox 1763 3481 1853 3519; x_wconf 81' lang='lat' dir='ltr'>caere·</span> 
     </span>
     <span class='ocr_line' id='line_1_36' title="bbox 139 3550 1850 3622; baseline 0.005 -24"><span class='ocrx_word' id='word_1_471' title='bbox 139 3551 220 3605; x_wconf 87' lang='lat' dir='ltr'>moniis</span> <span class='ocrx_word' id='word_1_472' title='bbox 233 3567 357 3622; x_wconf 91' lang='lat' dir='ltr'>quarum</span> <span class='ocrx_word' id='word_1_473' title='bbox 373 3551 483 3605; x_wconf 90' lang='lat' dir='ltr'>mentio</span> <span class='ocrx_word' id='word_1_474' title='bbox 499 3552 529 3604; x_wconf 83' lang='lat' dir='ltr'>fit</span> <span class='ocrx_word' id='word_1_475' title='bbox 544 3551 574 3604; x_wconf 89' lang='lat' dir='ltr'>in</span> <span class='ocrx_word' id='word_1_476' title='bbox 591 3551 648 3605; x_wconf 91' lang='lat' dir='ltr'>hoc</span> <span class='ocrx_word' id='word_1_477' title='bbox 665 3567 763 3621; x_wconf 85' lang='lat' dir='ltr'>opere,</span> <span class='ocrx_word' id='word_1_478' title='bbox 782 3566 848 3604; x_wconf 85' lang='lat' dir='ltr'>cum</span> <span class='ocrx_word' id='word_1_479' title='bbox 865 3551 974 3605; x_wconf 89' lang='lat' dir='ltr'>veteris</span> <span class='ocrx_word' id='word_1_480' title='bbox 990 3550 1134 3604; x_wconf 78' lang='lat' dir='ltr'>Ecclesiae</span> <span class='ocrx_word' id='word_1_481' title='bbox 1150 3550 1308 3605; x_wconf 79' lang='lat' dir='ltr'>Gallicanae</span> <span class='ocrx_word' id='word_1_482' title='bbox 1324 3552 1401 3605; x_wconf 89' lang='lat' dir='ltr'>sicut</span> <span class='ocrx_word' id='word_1_483' title='bbox 1415 3555 1443 3606; x_wconf 88' lang='lat' dir='ltr'>et</span> <span class='ocrx_word' id='word_1_484' title='bbox 1459 3567 1526 3605; x_wconf 89' lang='lat' dir='ltr'>cum</span> <span class='ocrx_word' id='word_1_485' title='bbox 1542 3551 1772 3608; x_wconf 90' lang='lat' dir='ltr'>llediolanensis</span> <span class='ocrx_word' id='word_1_486' title='bbox 1786 3554 1850 3607; x_wconf 87' lang='lat' dir='ltr'>riti·</span> 
     </span>
     <span class='ocr_line' id='line_1_37' title="bbox 140 3631 1855 3710; baseline 0.004 -20"><span class='ocrx_word' id='word_1_487' title='bbox 140 3631 179 3690; x_wconf 85' lang='lat' dir='ltr'>hus</span> <span class='ocrx_word' id='word_1_488' title='bbox 189 3636 339 3709; x_wconf 90' lang='lat' dir='ltr'>plurimum</span> <span class='ocrx_word' id='word_1_489' title='bbox 355 3641 517 3695; x_wconf 84' lang='lat' dir='ltr'>intercedat</span> <span class='ocrx_word' id='word_1_490' title='bbox 531 3641 693 3709; x_wconf 84' lang='lat' dir='ltr'>allinitatis,</span> <span class='ocrx_word' id='word_1_491' title='bbox 711 3640 779 3694; x_wconf 89' lang='lat' dir='ltr'>lrinc</span> <span class='ocrx_word' id='word_1_492' title='bbox 795 3639 968 3693; x_wconf 86' lang='lat' dir='ltr'>deducimus</span> <span class='ocrx_word' id='word_1_493' title='bbox 984 3639 1110 3693; x_wconf 87' lang='lat' dir='ltr'>vicinam</span> <span class='ocrx_word' id='word_1_494' title='bbox 1134 3640 1249 3710; x_wconf 87' lang='lat' dir='ltr'>utrique</span> <span class='ocrx_word' id='word_1_495' title='bbox 1274 3641 1406 3695; x_wconf 88' lang='lat' dir='ltr'>eamdem</span> <span class='ocrx_word' id='word_1_496' title='bbox 1432 3641 1585 3696; x_wconf 88' lang='lat' dir='ltr'>dioecesim</span> <span class='ocrx_word' id='word_1_497' title='bbox 1612 3642 1776 3697; x_wconf 85' lang='lat' dir='ltr'>exstitisse.</span> <span class='ocrx_word' id='word_1_498' title='bbox 1800 3643 1855 3697; x_wconf 88' lang='lat' dir='ltr'>bli-</span> 
     </span>
     <span class='ocr_line' id='line_1_38' title="bbox 141 3721 1857 3801; baseline 0.005 -23"><span class='ocrx_word' id='word_1_499' title='bbox 141 3721 195 3781; x_wconf 79' lang='lat' dir='ltr'>nina</span> <span class='ocrx_word' id='word_1_500' title='bbox 208 3731 300 3784; x_wconf 89' lang='lat' dir='ltr'>tamen</span> <span class='ocrx_word' id='word_1_501' title='bbox 315 3727 542 3801; x_wconf 79' lang='lat' dir='ltr'>refragabimur,</span> <span class='ocrx_word' id='word_1_502' title='bbox 560 3729 585 3783; x_wconf 94' lang='lat' dir='ltr'>si</span> <span class='ocrx_word' id='word_1_503' title='bbox 601 3729 668 3800; x_wconf 89' lang='lat' dir='ltr'>quis</span> <span class='ocrx_word' id='word_1_504' title='bbox 684 3744 750 3781; x_wconf 90' lang='lat' dir='ltr'>cum</span> <span class='ocrx_word' id='word_1_505' title='bbox 767 3728 940 3782; x_wconf 88' lang='lat' dir='ltr'>doctissimo</span> <span class='ocrx_word' id='word_1_506' title='bbox 956 3727 1019 3783; x_wconf 91' lang='lat' dir='ltr'>viro</span> <span class='ocrx_word' id='word_1_507' title='bbox 1034 3729 1185 3798; x_wconf 71' lang='lat' dir='ltr'>(llerman.</span> <span class='ocrx_word' id='word_1_508' title='bbox 1209 3728 1279 3784; x_wconf 69' lang='lat' dir='ltr'>Vitae</span> <span class='ocrx_word' id='word_1_509' title='bbox 1296 3730 1400 3783; x_wconf 83' lang='lat' dir='ltr'>Arnbr.</span> <span class='ocrx_word' id='word_1_510' title='bbox 1419 3730 1535 3784; x_wconf 80' lang='lat' dir='ltr'>Elncirl.</span> <span class='ocrx_word' id='word_1_511' title='bbox 1552 3747 1580 3800; x_wconf 91' lang='lat' dir='ltr'>p.</span> <span class='ocrx_word' id='word_1_512' title='bbox 1598 3731 1643 3799; x_wconf 70' lang='lat'>30)</span> <span class='ocrx_word' id='word_1_513' title='bbox 1659 3732 1780 3786; x_wconf 86' lang='lat' dir='ltr'>eosdem</span> <span class='ocrx_word' id='word_1_514' title='bbox 1797 3747 1857 3787; x_wconf 91' lang='lat' dir='ltr'>ser·</span> 
     </span>
     <span class='ocr_line' id='line_1_39' title="bbox 141 3816 1855 3890; baseline 0.008 -28"><span class='ocrx_word' id='word_1_515' title='bbox 141 3817 421 3872; x_wconf 80' lang='lat' dir='ltr'>nouesautl&#39;enerio</span> <span class='ocrx_word' id='word_1_516' title='bbox 437 3817 548 3871; x_wconf 83' lang='lat' dir='ltr'>eulalii</span> <span class='ocrx_word' id='word_1_517' title='bbox 564 3816 690 3888; x_wconf 87' lang='lat' dir='ltr'>cuipiam</span> <span class='ocrx_word' id='word_1_518' title='bbox 708 3817 856 3871; x_wconf 71' lang='lat' dir='ltr'>Ambrosii</span> <span class='ocrx_word' id='word_1_519' title='bbox 871 3817 1027 3887; x_wconf 88' lang='lat' dir='ltr'>discipulo,</span> <span class='ocrx_word' id='word_1_520' title='bbox 1054 3817 1103 3887; x_wconf 91' lang='lat' dir='ltr'>qui</span> <span class='ocrx_word' id='word_1_521' title='bbox 1129 3833 1187 3871; x_wconf 89' lang='lat' dir='ltr'>non</span> <span class='ocrx_word' id='word_1_522' title='bbox 1208 3818 1298 3873; x_wconf 92' lang='lat' dir='ltr'>multo</span> <span class='ocrx_word' id='word_1_523' title='bbox 1321 3821 1388 3889; x_wconf 93' lang='lat' dir='ltr'>post</span> <span class='ocrx_word' id='word_1_524' title='bbox 1412 3820 1510 3890; x_wconf 87' lang='lat' dir='ltr'>ipsum</span> <span class='ocrx_word' id='word_1_525' title='bbox 1535 3819 1688 3889; x_wconf 67' lang='lat' dir='ltr'>praetuerit</span> <span class='ocrx_word' id='word_1_526' title='bbox 1710 3820 1855 3876; x_wconf 80' lang='lat' dir='ltr'>Ecclesiae</span> 
     </span>
     <span class='ocr_line' id='line_1_40' title="bbox 141 3895 1856 3979; baseline 0.005 -23"><span class='ocrx_word' id='word_1_527' title='bbox 141 3895 335 3973; x_wconf 79' lang='lat' dir='ltr'>ltedotnnensi,</span> <span class='ocrx_word' id='word_1_528' title='bbox 352 3905 480 3961; x_wconf 90' lang='lat' dir='ltr'>tributos</span> <span class='ocrx_word' id='word_1_529' title='bbox 497 3906 585 3960; x_wconf 88' lang='lat' dir='ltr'>malit.</span> <span class='ocrx_word' id='word_1_530' title='bbox 604 3906 633 3960; x_wconf 94' lang='lat' dir='ltr'>ld</span> <span class='ocrx_word' id='word_1_531' title='bbox 649 3923 738 3960; x_wconf 91' lang='lat' dir='ltr'>unum</span> <span class='ocrx_word' id='word_1_532' title='bbox 756 3907 811 3960; x_wconf 88' lang='lat' dir='ltr'>boc</span> <span class='ocrx_word' id='word_1_533' title='bbox 827 3905 883 3960; x_wconf 90' lang='lat' dir='ltr'>loci</span> <span class='ocrx_word' id='word_1_534' title='bbox 900 3905 1057 3976; x_wconf 83' lang='lat' dir='ltr'>adjicimus</span> <span class='ocrx_word' id='word_1_535' title='bbox 1073 3921 1109 3958; x_wconf 85' lang='lat' dir='ltr'>cx</span> <span class='ocrx_word' id='word_1_536' title='bbox 1127 3905 1162 3959; x_wconf 90' lang='lat' dir='ltr'>iis</span> <span class='ocrx_word' id='word_1_537' title='bbox 1187 3922 1252 3976; x_wconf 77' lang='lat' dir='ltr'>quae</span> <span class='ocrx_word' id='word_1_538' title='bbox 1278 3907 1313 3961; x_wconf 89' lang='lat' dir='ltr'>dc</span> <span class='ocrx_word' id='word_1_539' title='bbox 1339 3923 1424 3962; x_wconf 87' lang='lat' dir='ltr'>sacra</span> <span class='ocrx_word' id='word_1_540' title='bbox 1451 3908 1667 3976; x_wconf 88' lang='lat' dir='ltr'>communione,</span> <span class='ocrx_word' id='word_1_541' title='bbox 1696 3925 1762 3963; x_wconf 90' lang='lat' dir='ltr'>enm</span> <span class='ocrx_word' id='word_1_542' title='bbox 1778 3909 1856 3979; x_wconf 88' lang='lat' dir='ltr'>apud</span> 
     </span>
     <span class='ocr_line' id='line_1_41' title="bbox 142 3987 1854 4067; baseline 0.009 -31"><span class='ocrx_word' id='word_1_543' title='bbox 142 3987 267 4050; x_wconf 84' lang='lat' dir='ltr'>orientales</span> <span class='ocrx_word' id='word_1_544' title='bbox 282 3995 420 4066; x_wconf 89' lang='lat' dir='ltr'>populos,</span> <span class='ocrx_word' id='word_1_545' title='bbox 439 3998 498 4049; x_wconf 91' lang='lat' dir='ltr'>tum</span> <span class='ocrx_word' id='word_1_546' title='bbox 514 3995 590 4064; x_wconf 88' lang='lat' dir='ltr'>apud</span> <span class='ocrx_word' id='word_1_547' title='bbox 608 4012 680 4050; x_wconf 88' lang='lat' dir='ltr'>suos</span> <span class='ocrx_word' id='word_1_548' title='bbox 698 3995 790 4049; x_wconf 86' lang='lat' dir='ltr'>scurcl</span> <span class='ocrx_word' id='word_1_549' title='bbox 807 3999 916 4048; x_wconf 83' lang='lat' dir='ltr'>lantiam</span> <span class='ocrx_word' id='word_1_550' title='bbox 934 3994 1062 4066; x_wconf 89' lang='lat' dir='ltr'>singulis</span> <span class='ocrx_word' id='word_1_551' title='bbox 1079 3994 1164 4048; x_wconf 89' lang='lat' dir='ltr'>annis</span> <span class='ocrx_word' id='word_1_552' title='bbox 1180 3996 1243 4049; x_wconf 89' lang='lat' dir='ltr'>lieri</span> <span class='ocrx_word' id='word_1_553' title='bbox 1259 3996 1344 4050; x_wconf 85' lang='lat' dir='ltr'>solita</span> <span class='ocrx_word' id='word_1_554' title='bbox 1362 3999 1502 4050; x_wconf 89' lang='lat' dir='ltr'>memorat</span> <span class='ocrx_word' id='word_1_555' title='bbox 1518 4000 1620 4051; x_wconf 86' lang='lat' dir='ltr'>auctor</span> <span class='ocrx_word' id='word_1_556' title='bbox 1644 3998 1706 4067; x_wconf 80' lang='lat' dir='ltr'>(lib.</span> <span class='ocrx_word' id='word_1_557' title='bbox 1727 4014 1756 4067; x_wconf 87' lang='lat' dir='ltr'>v,</span> <span class='ocrx_word' id='word_1_558' title='bbox 1774 4015 1798 4052; x_wconf 94' lang='lat' dir='ltr'>e.</span> <span class='ocrx_word' id='word_1_559' title='bbox 1817 3999 1854 4066; x_wconf 79' lang='lat' dir='ltr'>-ll,</span> 
     </span>
     <span class='ocr_line' id='line_1_42' title="bbox 142 4078 1855 4158; baseline 0.001 -18"><span class='ocrx_word' id='word_1_560' title='bbox 142 4078 268 4140; x_wconf 75' lang='lat' dir='ltr'>Prudenter·</span> <span class='ocrx_word' id='word_1_561' title='bbox 284 4082 393 4154; x_wconf 86' lang='lat' dir='ltr'>conjici</span> <span class='ocrx_word' id='word_1_562' title='bbox 408 4083 487 4137; x_wconf 89' lang='lat' dir='ltr'>lmud</span> <span class='ocrx_word' id='word_1_563' title='bbox 512 4083 600 4138; x_wconf 89' lang='lat' dir='ltr'>dubie</span> <span class='ocrx_word' id='word_1_564' title='bbox 617 4087 684 4154; x_wconf 89' lang='lat' dir='ltr'>post</span> <span class='ocrx_word' id='word_1_565' title='bbox 703 4083 908 4154; x_wconf 69' lang='lat' dir='ltr'>(lbrpsostomi</span> <span class='ocrx_word' id='word_1_566' title='bbox 924 4086 1054 4155; x_wconf 88' lang='lat' dir='ltr'>tempora</span> <span class='ocrx_word' id='word_1_567' title='bbox 1072 4084 1169 4153; x_wconf 89' lang='lat' dir='ltr'>ipsum</span> <span class='ocrx_word' id='word_1_568' title='bbox 1193 4085 1323 4155; x_wconf 76' lang='lat' dir='ltr'>vixiss03</span> <span class='ocrx_word' id='word_1_569' title='bbox 1351 4087 1403 4140; x_wconf 89' lang='lat' dir='ltr'>sed</span> <span class='ocrx_word' id='word_1_570' title='bbox 1432 4090 1587 4158; x_wconf 87' lang='lat' dir='ltr'>antequam</span> <span class='ocrx_word' id='word_1_571' title='bbox 1613 4086 1641 4140; x_wconf 92' lang='lat' dir='ltr'>in</span> <span class='ocrx_word' id='word_1_572' title='bbox 1666 4087 1855 4142; x_wconf 85' lang='lat' dir='ltr'>Occidentem</span> 
     </span>
     <span class='ocr_line' id='line_1_43' title="bbox 143 4160 825 4243; baseline 0.021 -31"><span class='ocrx_word' id='word_1_573' title='bbox 143 4160 262 4226; x_wconf 83' lang='lat' dir='ltr'>llouanus</span> <span class='ocrx_word' id='word_1_574' title='bbox 278 4173 351 4227; x_wconf 88' lang='lat' dir='ltr'>orde</span> <span class='ocrx_word' id='word_1_575' title='bbox 367 4176 395 4226; x_wconf 92' lang='lat' dir='ltr'>ct</span> <span class='ocrx_word' id='word_1_576' title='bbox 410 4173 596 4227; x_wconf 72' lang='lat' dir='ltr'>ceremoniae</span> <span class='ocrx_word' id='word_1_577' title='bbox 613 4174 825 4243; x_wconf 86' lang='lat' dir='ltr'>reciperentur.</span> 
     </span>
    </p>

    <p class='ocr_par' dir='ltr' id='par_1_9' title="bbox 120 4250 1938 5131">
     <span class='ocr_line' id='line_1_44' title="bbox 164 4250 1855 4334; baseline 0.002 -21"><span class='ocrx_word' id='word_1_578' title='bbox 164 4252 288 4316; x_wconf 78' lang='lat' dir='ltr'>Ceterum</span> <span class='ocrx_word' id='word_1_579' title='bbox 304 4262 464 4332; x_wconf 89' lang='lat' dir='ltr'>quominus</span> <span class='ocrx_word' id='word_1_580' title='bbox 481 4263 644 4316; x_wconf 86' lang='lat' dir='ltr'>secundum</span> <span class='ocrx_word' id='word_1_581' title='bbox 660 4279 713 4317; x_wconf 87' lang='lat' dir='ltr'>eos</span> <span class='ocrx_word' id='word_1_582' title='bbox 729 4278 744 4315; x_wconf 89' lang='lat' dir='ltr'>a</span> <span class='ocrx_word' id='word_1_583' title='bbox 760 4261 870 4333; x_wconf 92' lang='lat' dir='ltr'>quibus</span> <span class='ocrx_word' id='word_1_584' title='bbox 891 4261 1048 4316; x_wconf 76' lang='lat' dir='ltr'>Ambrosio</span> <span class='ocrx_word' id='word_1_585' title='bbox 1063 4261 1119 4316; x_wconf 85' lang='lat' dir='ltr'>lice</span> <span class='ocrx_word' id='word_1_586' title='bbox 1136 4277 1210 4332; x_wconf 91' lang='lat' dir='ltr'>opus</span> <span class='ocrx_word' id='word_1_587' title='bbox 1226 4262 1422 4334; x_wconf 80' lang='lat' dir='ltr'>adjudicatur,</span> <span class='ocrx_word' id='word_1_588' title='bbox 1447 4265 1566 4319; x_wconf 89' lang='lat' dir='ltr'>omnino</span> <span class='ocrx_word' id='word_1_589' title='bbox 1593 4264 1723 4319; x_wconf 81' lang='lat' dir='ltr'>ieramus</span> <span class='ocrx_word' id='word_1_590' title='bbox 1742 4250 1855 4318; x_wconf 82' lang='lat' dir='ltr'>suffra·</span> 
     </span>
     <span class='ocr_line' id='line_1_45' title="bbox 141 4341 1854 4425; baseline 0.003 -23"><span class='ocrx_word' id='word_1_591' title='bbox 141 4341 205 4414; x_wconf 65' lang='lat' dir='ltr'>bun,</span> <span class='ocrx_word' id='word_1_592' title='bbox 220 4365 251 4404; x_wconf 84' lang='lat' dir='ltr'>ea</span> <span class='ocrx_word' id='word_1_593' title='bbox 266 4350 416 4420; x_wconf 76' lang='lat' dir='ltr'>praecipue</span> <span class='ocrx_word' id='word_1_594' title='bbox 433 4351 604 4420; x_wconf 85' lang='lat' dir='ltr'>scrupulum</span> <span class='ocrx_word' id='word_1_595' title='bbox 621 4355 749 4407; x_wconf 90' lang='lat' dir='ltr'>movent.</span> <span class='ocrx_word' id='word_1_596' title='bbox 769 4351 865 4406; x_wconf 79' lang='lat' dir='ltr'>l’rimo</span> <span class='ocrx_word' id='word_1_597' title='bbox 882 4351 1040 4406; x_wconf 88' lang='lat' dir='ltr'>diversitas</span> <span class='ocrx_word' id='word_1_598' title='bbox 1056 4350 1247 4420; x_wconf 79' lang='lat' dir='ltr'>elocutionis3</span> <span class='ocrx_word' id='word_1_599' title='bbox 1273 4368 1340 4407; x_wconf 90' lang='lat' dir='ltr'>nam</span> <span class='ocrx_word' id='word_1_600' title='bbox 1366 4353 1422 4408; x_wconf 87' lang='lat' dir='ltr'>etsi</span> <span class='ocrx_word' id='word_1_601' title='bbox 1448 4354 1556 4425; x_wconf 69' lang='lat' dir='ltr'>stylum</span> <span class='ocrx_word' id='word_1_602' title='bbox 1577 4352 1683 4407; x_wconf 87' lang='lat' dir='ltr'>variari</span> <span class='ocrx_word' id='word_1_603' title='bbox 1699 4353 1735 4408; x_wconf 88' lang='lat' dir='ltr'>ab</span> <span class='ocrx_word' id='word_1_604' title='bbox 1751 4354 1854 4408; x_wconf 92' lang='lat' dir='ltr'>aucto-</span> 
     </span>
     <span class='ocr_line' id='line_1_46' title="bbox 142 4429 1856 4512; baseline 0.009 -31"><span class='ocrx_word' id='word_1_605' title='bbox 142 4429 210 4506; x_wconf 80' lang='lat' dir='ltr'>ribus,</span> <span class='ocrx_word' id='word_1_606' title='bbox 223 4443 251 4494; x_wconf 90' lang='lat' dir='ltr'>el</span> <span class='ocrx_word' id='word_1_607' title='bbox 265 4455 320 4510; x_wconf 90' lang='lat' dir='ltr'>pro</span> <span class='ocrx_word' id='word_1_608' title='bbox 337 4454 369 4493; x_wconf 92' lang='lat' dir='ltr'>re</span> <span class='ocrx_word' id='word_1_609' title='bbox 384 4455 417 4493; x_wconf 89' lang='lat' dir='ltr'>ac</span> <span class='ocrx_word' id='word_1_610' title='bbox 433 4443 565 4510; x_wconf 89' lang='lat' dir='ltr'>ternpore</span> <span class='ocrx_word' id='word_1_611' title='bbox 582 4442 668 4496; x_wconf 91' lang='lat' dir='ltr'>modo</span> <span class='ocrx_word' id='word_1_612' title='bbox 684 4442 788 4511; x_wconf 86' lang='lat' dir='ltr'>attolli,</span> <span class='ocrx_word' id='word_1_613' title='bbox 807 4442 893 4496; x_wconf 88' lang='lat' dir='ltr'>modo</span> <span class='ocrx_word' id='word_1_614' title='bbox 909 4440 1033 4510; x_wconf 89' lang='lat' dir='ltr'>deprimi</span> <span class='ocrx_word' id='word_1_615' title='bbox 1049 4454 1106 4493; x_wconf 90' lang='lat' dir='ltr'>nou</span> <span class='ocrx_word' id='word_1_616' title='bbox 1118 4440 1302 4511; x_wconf 81' lang='lat' dir='ltr'>ignoremus3</span> <span class='ocrx_word' id='word_1_617' title='bbox 1321 4457 1438 4511; x_wconf 76' lang='lat' dir='ltr'>scalper</span> <span class='ocrx_word' id='word_1_618' title='bbox 1454 4430 1550 4496; x_wconf 73' lang='lat' dir='ltr'>taurin</span> <span class='ocrx_word' id='word_1_619' title='bbox 1565 4441 1720 4511; x_wconf 89' lang='lat' dir='ltr'>scriptoris</span> <span class='ocrx_word' id='word_1_620' title='bbox 1734 4443 1856 4512; x_wconf 87' lang='lat' dir='ltr'>apparet</span> 
     </span>
     <span class='ocr_line' id='line_1_47' title="bbox 139 4514 1854 4602; baseline 0.003 -22"><span class='ocrx_word' id='word_1_621' title='bbox 139 4514 260 4593; x_wconf 68' lang='lat' dir='ltr'>inanium</span> <span class='ocrx_word' id='word_1_622' title='bbox 286 4531 314 4582; x_wconf 85' lang='lat' dir='ltr'>et</span> <span class='ocrx_word' id='word_1_623' title='bbox 337 4529 421 4598; x_wconf 90' lang='lat' dir='ltr'>quasi</span> <span class='ocrx_word' id='word_1_624' title='bbox 446 4528 609 4583; x_wconf 86' lang='lat' dir='ltr'>intermicat</span> <span class='ocrx_word' id='word_1_625' title='bbox 627 4546 633 4584; x_wconf 91' lang='lat'>:</span> <span class='ocrx_word' id='word_1_626' title='bbox 651 4531 759 4600; x_wconf 90' lang='lat' dir='ltr'>quique</span> <span class='ocrx_word' id='word_1_627' title='bbox 783 4530 873 4585; x_wconf 92' lang='lat' dir='ltr'>nobili</span> <span class='ocrx_word' id='word_1_628' title='bbox 900 4533 928 4583; x_wconf 91' lang='lat' dir='ltr'>ot</span> <span class='ocrx_word' id='word_1_629' title='bbox 950 4527 1076 4599; x_wconf 83' lang='lat' dir='ltr'>eleganti</span> <span class='ocrx_word' id='word_1_630' title='bbox 1092 4528 1218 4583; x_wconf 88' lang='lat' dir='ltr'>dictione</span> <span class='ocrx_word' id='word_1_631' title='bbox 1237 4529 1277 4583; x_wconf 91' lang='lat' dir='ltr'>uti</span> <span class='ocrx_word' id='word_1_632' title='bbox 1298 4532 1462 4600; x_wconf 87' lang='lat' dir='ltr'>consuevit,</span> <span class='ocrx_word' id='word_1_633' title='bbox 1483 4532 1519 4584; x_wconf 86' lang='lat' dir='ltr'>orl</span> <span class='ocrx_word' id='word_1_634' title='bbox 1541 4531 1680 4585; x_wconf 90' lang='lat' dir='ltr'>humilem</span> <span class='ocrx_word' id='word_1_635' title='bbox 1704 4546 1854 4602; x_wconf 90' lang='lat' dir='ltr'>nunquam</span> 
     </span>
     <span class='ocr_line' id='line_1_48' title="bbox 139 4605 1855 4691; baseline 0.005 -27"><span class='ocrx_word' id='word_1_636' title='bbox 139 4605 232 4669; x_wconf 83' lang='lat' dir='ltr'>denritlil</span> <span class='ocrx_word' id='word_1_637' title='bbox 255 4631 326 4670; x_wconf 84' lang='lat' dir='ltr'>sese</span> <span class='ocrx_word' id='word_1_638' title='bbox 348 4633 354 4671; x_wconf 88' lang='lat'>:</span> <span class='ocrx_word' id='word_1_639' title='bbox 373 4619 402 4669; x_wconf 90' lang='lat' dir='ltr'>ut</span> <span class='ocrx_word' id='word_1_640' title='bbox 419 4632 489 4670; x_wconf 88' lang='lat' dir='ltr'>vero</span> <span class='ocrx_word' id='word_1_641' title='bbox 510 4616 627 4687; x_wconf 77' lang='lat' dir='ltr'>frigidis</span> <span class='ocrx_word' id='word_1_642' title='bbox 647 4618 705 4671; x_wconf 92' lang='lat' dir='ltr'>illis</span> <span class='ocrx_word' id='word_1_643' title='bbox 725 4621 752 4672; x_wconf 85' lang='lat' dir='ltr'>et</span> <span class='ocrx_word' id='word_1_644' title='bbox 769 4618 932 4688; x_wconf 86' lang='lat' dir='ltr'>puerilibus</span> <span class='ocrx_word' id='word_1_645' title='bbox 953 4617 1153 4687; x_wconf 82' lang='lat' dir='ltr'>interrogatis,</span> <span class='ocrx_word' id='word_1_646' title='bbox 1173 4635 1239 4689; x_wconf 75' lang='lat' dir='ltr'>quae</span> <span class='ocrx_word' id='word_1_647' title='bbox 1260 4618 1327 4672; x_wconf 90' lang='lat' dir='ltr'>lmie</span> <span class='ocrx_word' id='word_1_648' title='bbox 1348 4619 1502 4688; x_wconf 83' lang='lat' dir='ltr'>scriptioni</span> <span class='ocrx_word' id='word_1_649' title='bbox 1522 4619 1650 4674; x_wconf 86' lang='lat' dir='ltr'>subinde</span> <span class='ocrx_word' id='word_1_650' title='bbox 1671 4622 1855 4691; x_wconf 88' lang='lat' dir='ltr'>inspergun-</span> 
     </span>
     <span class='ocr_line' id='line_1_49' title="bbox 136 4698 1856 4779; baseline 0.005 -26"><span class='ocrx_word' id='word_1_651' title='bbox 136 4698 173 4767; x_wconf 85' lang='lat' dir='ltr'>tur,</span> <span class='ocrx_word' id='word_1_652' title='bbox 191 4707 271 4760; x_wconf 89' lang='lat' dir='ltr'>caute</span> <span class='ocrx_word' id='word_1_653' title='bbox 289 4704 429 4772; x_wconf 88' lang='lat' dir='ltr'>abstinet,</span> <span class='ocrx_word' id='word_1_654' title='bbox 452 4709 480 4758; x_wconf 94' lang='lat' dir='ltr'>nl</span> <span class='ocrx_word' id='word_1_655' title='bbox 503 4705 530 4759; x_wconf 91' lang='lat' dir='ltr'>ia</span> <span class='ocrx_word' id='word_1_656' title='bbox 552 4706 626 4760; x_wconf 92' lang='lat' dir='ltr'>libro</span> <span class='ocrx_word' id='word_1_657' title='bbox 648 4706 691 4760; x_wconf 83' lang='lat' dir='ltr'>Ile</span> <span class='ocrx_word' id='word_1_658' title='bbox 714 4707 884 4779; x_wconf 70' lang='lat' dir='ltr'>ilp&#39;steriis,</span> <span class='ocrx_word' id='word_1_659' title='bbox 904 4706 1038 4778; x_wconf 81' lang='lat' dir='ltr'>ejusdcm</span> <span class='ocrx_word' id='word_1_660' title='bbox 1068 4707 1135 4760; x_wconf 82' lang='lat' dir='ltr'>licet</span> <span class='ocrx_word' id='word_1_661' title='bbox 1163 4708 1339 4777; x_wconf 77' lang='lat' dir='ltr'>mgnrnrnti,</span> <span class='ocrx_word' id='word_1_662' title='bbox 1366 4706 1434 4762; x_wconf 85' lang='lat' dir='ltr'>lecit</span> <span class='ocrx_word' id='word_1_663' title='bbox 1462 4708 1649 4762; x_wconf 73' lang='lat' dir='ltr'>nrnlnosins.</span> <span class='ocrx_word' id='word_1_664' title='bbox 1676 4709 1799 4764; x_wconf 75' lang='lat' dir='ltr'>decedit</span> <span class='ocrx_word' id='word_1_665' title='bbox 1827 4711 1856 4762; x_wconf 92' lang='lat' dir='ltr'>et</span> 
     </span>
     <span class='ocr_line' id='line_1_50' title="bbox 132 4784 1853 4866; baseline 0.008 -27"><span class='ocrx_word' id='word_1_666' title='bbox 132 4784 193 4860; x_wconf 86' lang='lat' dir='ltr'>illurl,</span> <span class='ocrx_word' id='word_1_667' title='bbox 211 4793 289 4864; x_wconf 91' lang='lat' dir='ltr'>quod</span> <span class='ocrx_word' id='word_1_668' title='bbox 313 4794 503 4848; x_wconf 77' lang='lat' dir='ltr'>Ambrosium</span> <span class='ocrx_word' id='word_1_669' title='bbox 520 4811 578 4848; x_wconf 89' lang='lat' dir='ltr'>nou</span> <span class='ocrx_word' id='word_1_670' title='bbox 596 4799 652 4848; x_wconf 87' lang='lat' dir='ltr'>tam</span> <span class='ocrx_word' id='word_1_671' title='bbox 674 4797 822 4849; x_wconf 83' lang='lat' dir='ltr'>serviliter</span> <span class='ocrx_word' id='word_1_672' title='bbox 843 4797 935 4849; x_wconf 80' lang='lat' dir='ltr'>libros</span> <span class='ocrx_word' id='word_1_673' title='bbox 952 4812 1025 4849; x_wconf 88' lang='lat' dir='ltr'>suos</span> <span class='ocrx_word' id='word_1_674' title='bbox 1043 4796 1218 4848; x_wconf 84' lang='lat' dir='ltr'>imitaturum</span> <span class='ocrx_word' id='word_1_675' title='bbox 1240 4795 1334 4848; x_wconf 84' lang='lat' dir='ltr'>luisse</span> <span class='ocrx_word' id='word_1_676' title='bbox 1351 4797 1555 4851; x_wconf 85' lang='lat' dir='ltr'>existimamus</span> <span class='ocrx_word' id='word_1_677' title='bbox 1571 4813 1578 4866; x_wconf 76' lang='lat'>3</span> <span class='ocrx_word' id='word_1_678' title='bbox 1598 4799 1652 4852; x_wconf 84' lang='lat' dir='ltr'>ista</span> <span class='ocrx_word' id='word_1_679' title='bbox 1672 4800 1749 4853; x_wconf 80' lang='lat' dir='ltr'>enim</span> <span class='ocrx_word' id='word_1_680' title='bbox 1772 4814 1853 4852; x_wconf 89' lang='lat' dir='ltr'>rom-</span> 
     </span>
     <span class='ocr_line' id='line_1_51' title="bbox 128 4881 1853 4958; baseline 0.005 -26"><span class='ocrx_word' id='word_1_681' title='bbox 128 4882 246 4936; x_wconf 82' lang='lat' dir='ltr'>meotatio</span> <span class='ocrx_word' id='word_1_682' title='bbox 264 4884 323 4936; x_wconf 87' lang='lat' dir='ltr'>tota</span> <span class='ocrx_word' id='word_1_683' title='bbox 344 4881 404 4936; x_wconf 89' lang='lat' dir='ltr'>lere</span> <span class='ocrx_word' id='word_1_684' title='bbox 423 4897 458 4935; x_wconf 84' lang='lat' dir='ltr'>ex</span> <span class='ocrx_word' id='word_1_685' title='bbox 480 4883 625 4953; x_wconf 88' lang='lat' dir='ltr'>superiori</span> <span class='ocrx_word' id='word_1_686' title='bbox 646 4885 689 4936; x_wconf 83' lang='lat' dir='ltr'>llo</span> <span class='ocrx_word' id='word_1_687' title='bbox 707 4883 877 4954; x_wconf 61' lang='lat' dir='ltr'>,llp&#39;strrr&#39;ia</span> <span class='ocrx_word' id='word_1_688' title='bbox 897 4884 1002 4954; x_wconf 87' lang='lat' dir='ltr'>partim</span> <span class='ocrx_word' id='word_1_689' title='bbox 1026 4885 1111 4937; x_wconf 84' lang='lat' dir='ltr'>eliam</span> <span class='ocrx_word' id='word_1_690' title='bbox 1135 4900 1171 4936; x_wconf 79' lang='lat' dir='ltr'>cx</span> <span class='ocrx_word' id='word_1_691' title='bbox 1198 4884 1331 4937; x_wconf 68' lang='lat' dir='ltr'>libralia</span> <span class='ocrx_word' id='word_1_692' title='bbox 1349 4884 1536 4941; x_wconf 78' lang='lat' dir='ltr'>institutione</span> <span class='ocrx_word' id='word_1_693' title='bbox 1560 4889 1689 4958; x_wconf 73' lang='lat' dir='ltr'>rirqinis</span> <span class='ocrx_word' id='word_1_694' title='bbox 1709 4904 1853 4958; x_wconf 82' lang='lat' dir='ltr'>expressa</span> 
     </span>
     <span class='ocr_line' id='line_1_52' title="bbox 124 4963 1853 5046; baseline 0.006 -26"><span class='ocrx_word' id='word_1_695' title='bbox 124 4963 251 5039; x_wconf 83' lang='lat' dir='ltr'>luitteop.</span> <span class='ocrx_word' id='word_1_696' title='bbox 270 4967 295 5037; x_wconf 91' lang='lat' dir='ltr'>l,</span> <span class='ocrx_word' id='word_1_697' title='bbox 322 4986 351 5022; x_wconf 92' lang='lat' dir='ltr'>n.</span> <span class='ocrx_word' id='word_1_698' title='bbox 368 4967 395 5035; x_wconf 75' lang='lat'>7,</span> <span class='ocrx_word' id='word_1_699' title='bbox 419 4972 447 5023; x_wconf 85' lang='lat' dir='ltr'>et</span> <span class='ocrx_word' id='word_1_700' title='bbox 463 4987 526 5040; x_wconf 86' lang='lat' dir='ltr'>rap.</span> <span class='ocrx_word' id='word_1_701' title='bbox 544 4972 570 5038; x_wconf 76' lang='lat'>-2,</span> <span class='ocrx_word' id='word_1_702' title='bbox 596 4988 675 5024; x_wconf 84' lang='lat' dir='ltr'>niun.</span> <span class='ocrx_word' id='word_1_703' title='bbox 693 4971 730 5030; x_wconf 68' lang='lat'>8).</span> <span class='ocrx_word' id='word_1_704' title='bbox 753 4972 893 5024; x_wconf 72' lang='lat' dir='ltr'>rtrldimns</span> <span class='ocrx_word' id='word_1_705' title='bbox 916 4987 1033 5042; x_wconf 88' lang='lat' dir='ltr'>quoque</span> <span class='ocrx_word' id='word_1_706' title='bbox 1052 4973 1267 5025; x_wconf 85' lang='lat' dir='ltr'>communionis</span> <span class='ocrx_word' id='word_1_707' title='bbox 1288 4977 1345 5027; x_wconf 88' lang='lat' dir='ltr'>tam</span> <span class='ocrx_word' id='word_1_708' title='bbox 1363 4973 1559 5046; x_wconf 74' lang='lat' dir='ltr'>infrequentis</span> <span class='ocrx_word' id='word_1_709' title='bbox 1580 4977 1818 5032; x_wconf 79' lang='lat' dir='ltr'>Mediolanenses</span> <span class='ocrx_word' id='word_1_710' title='bbox 1837 4993 1853 5030; x_wconf 89' lang='lat' dir='ltr'>a</span> 
     </span>
     <span class='ocr_line' id='line_1_53' title="bbox 120 5058 1938 5131; baseline 0.003 -20"><span class='ocrx_word' id='word_1_711' title='bbox 120 5061 210 5113; x_wconf 71' lang='lat' dir='ltr'>murto</span> <span class='ocrx_word' id='word_1_712' title='bbox 237 5058 368 5128; x_wconf 75' lang='lat' dir='ltr'>praesule</span> <span class='ocrx_word' id='word_1_713' title='bbox 395 5058 424 5111; x_wconf 91' lang='lat' dir='ltr'>in</span> <span class='ocrx_word' id='word_1_714' title='bbox 455 5059 545 5112; x_wconf 87' lang='lat' dir='ltr'>rcrtis</span> <span class='ocrx_word' id='word_1_715' title='bbox 569 5060 633 5113; x_wconf 86' lang='lat' dir='ltr'>suis</span> <span class='ocrx_word' id='word_1_716' title='bbox 654 5060 740 5113; x_wconf 82' lang='lat' dir='ltr'>libris</span> <span class='ocrx_word' id='word_1_717' title='bbox 761 5076 907 5131; x_wconf 87' lang='lat' dir='ltr'>nusquam</span> <span class='ocrx_word' id='word_1_718' title='bbox 928 5061 1068 5116; x_wconf 86' lang='lat' dir='ltr'>incusari.</span> <span class='ocrx_word' id='word_1_719' title='bbox 1092 5061 1224 5131; x_wconf 85' lang='lat' dir='ltr'>lleuiqnc</span> <span class='ocrx_word' id='word_1_720' title='bbox 1243 5063 1321 5131; x_wconf 88' lang='lat' dir='ltr'>quod</span> <span class='ocrx_word' id='word_1_721' title='bbox 1342 5064 1445 5118; x_wconf 88' lang='lat' dir='ltr'>auctor</span> <span class='ocrx_word' id='word_1_722' title='bbox 1466 5066 1553 5119; x_wconf 88' lang='lat' dir='ltr'>tantis</span> <span class='ocrx_word' id='word_1_723' title='bbox 1571 5067 1677 5119; x_wconf 85' lang='lat' dir='ltr'>anirnis</span> <span class='ocrx_word' id='word_1_724' title='bbox 1698 5069 1725 5121; x_wconf 88' lang='lat' dir='ltr'>iu</span> <span class='ocrx_word' id='word_1_725' title='bbox 1748 5066 1853 5120; x_wconf 82' lang='lat' dir='ltr'>Eccle-</span> <span class='ocrx_word' id='word_1_726' title='bbox 1936 5112 1938 5116; x_wconf 16' lang='grc' dir='ltr'><em>Α</em></span> 
     </span>
    </p>

    <p class='ocr_par' dir='ltr' id='par_1_10' title="bbox 110 5146 1852 5399">
     <span class='ocr_line' id='line_1_54' title="bbox 115 5146 1852 5222; baseline 0.005 -23"><span class='ocrx_word' id='word_1_727' title='bbox 115 5146 180 5200; x_wconf 84' lang='lat' dir='ltr'>siam</span> <span class='ocrx_word' id='word_1_728' title='bbox 193 5147 355 5201; x_wconf 84' lang='lat' dir='ltr'>itomanam</span> <span class='ocrx_word' id='word_1_729' title='bbox 368 5148 638 5218; x_wconf 74' lang='lat' dir='ltr'>propter-lotionem</span> <span class='ocrx_word' id='word_1_730' title='bbox 651 5149 908 5222; x_wconf 84' lang='lat' dir='ltr'>perlumiusurgil,</span> <span class='ocrx_word' id='word_1_731' title='bbox 928 5150 1015 5204; x_wconf 87' lang='lat' dir='ltr'>nobis</span> <span class='ocrx_word' id='word_1_732' title='bbox 1028 5151 1216 5204; x_wconf 63' lang='lat' dir='ltr'>ilrrrbrosiani</span> <span class='ocrx_word' id='word_1_733' title='bbox 1238 5167 1307 5205; x_wconf 84' lang='lat' dir='ltr'>esse</span> <span class='ocrx_word' id='word_1_734' title='bbox 1328 5152 1451 5207; x_wconf 89' lang='lat' dir='ltr'>instituti</span> <span class='ocrx_word' id='word_1_735' title='bbox 1472 5154 1590 5208; x_wconf 91' lang='lat' dir='ltr'>minime</span> <span class='ocrx_word' id='word_1_736' title='bbox 1611 5155 1736 5209; x_wconf 87' lang='lat' dir='ltr'>videtur.</span> <span class='ocrx_word' id='word_1_737' title='bbox 1757 5155 1852 5210; x_wconf 90' lang='lat' dir='ltr'>Novi·</span> 
     </span>
     <span class='ocr_line' id='line_1_55' title="bbox 113 5236 1850 5314; baseline 0.004 -24"><span class='ocrx_word' id='word_1_738' title='bbox 113 5251 172 5291; x_wconf 84' lang='lat' dir='ltr'>mus</span> <span class='ocrx_word' id='word_1_739' title='bbox 186 5236 298 5310; x_wconf 87' lang='lat' dir='ltr'>quippe</span> <span class='ocrx_word' id='word_1_740' title='bbox 308 5236 390 5290; x_wconf 90' lang='lat' dir='ltr'>illum</span> <span class='ocrx_word' id='word_1_741' title='bbox 403 5252 476 5290; x_wconf 88' lang='lat' dir='ltr'>snos</span> <span class='ocrx_word' id='word_1_742' title='bbox 488 5237 647 5308; x_wconf 84' lang='lat' dir='ltr'>unicuique</span> <span class='ocrx_word' id='word_1_743' title='bbox 660 5238 860 5293; x_wconf 82' lang='lat' dir='ltr'>Ecclesiarum</span> <span class='ocrx_word' id='word_1_744' title='bbox 874 5254 946 5293; x_wconf 93' lang='lat' dir='ltr'>usus</span> <span class='ocrx_word' id='word_1_745' title='bbox 958 5255 992 5293; x_wconf 89' lang='lat' dir='ltr'>ac</span> <span class='ocrx_word' id='word_1_746' title='bbox 1003 5240 1076 5294; x_wconf 91' lang='lat' dir='ltr'>ritus</span> <span class='ocrx_word' id='word_1_747' title='bbox 1088 5240 1161 5295; x_wconf 84' lang='lat' dir='ltr'>adea</span> <span class='ocrx_word' id='word_1_748' title='bbox 1174 5240 1284 5295; x_wconf 84' lang='lat' dir='ltr'>liberos</span> <span class='ocrx_word' id='word_1_749' title='bbox 1294 5256 1362 5295; x_wconf 87' lang='lat' dir='ltr'>csse</span> <span class='ocrx_word' id='word_1_750' title='bbox 1375 5242 1517 5312; x_wconf 87' lang='lat' dir='ltr'>voluisse,</span> <span class='ocrx_word' id='word_1_751' title='bbox 1538 5246 1569 5297; x_wconf 91' lang='lat' dir='ltr'>ut</span> <span class='ocrx_word' id='word_1_752' title='bbox 1587 5243 1621 5298; x_wconf 89' lang='lat' dir='ltr'>ad</span> <span class='ocrx_word' id='word_1_753' title='bbox 1644 5257 1850 5314; x_wconf 89' lang='lat' dir='ltr'>quameunque</span> 
     </span>
     <span class='ocr_line' id='line_1_56' title="bbox 110 5324 1763 5399; baseline 0.002 -19"><span class='ocrx_word' id='word_1_754' title='bbox 110 5325 180 5382; x_wconf 83' lang='lat' dir='ltr'>terte</span> <span class='ocrx_word' id='word_1_755' title='bbox 199 5324 400 5398; x_wconf 83' lang='lat' dir='ltr'>pervenisset,</span> <span class='ocrx_word' id='word_1_756' title='bbox 426 5326 454 5379; x_wconf 89' lang='lat' dir='ltr'>ei</span> <span class='ocrx_word' id='word_1_757' title='bbox 480 5341 524 5394; x_wconf 89' lang='lat' dir='ltr'>sc,</span> <span class='ocrx_word' id='word_1_758' title='bbox 553 5327 799 5398; x_wconf 88' lang='lat' dir='ltr'>quemadmodum</span> <span class='ocrx_word' id='word_1_759' title='bbox 819 5328 1004 5399; x_wconf 80' lang='lat' dir='ltr'>Augustinus</span> <span class='ocrx_word' id='word_1_760' title='bbox 1025 5329 1111 5382; x_wconf 89' lang='lat' dir='ltr'>trudit</span> <span class='ocrx_word' id='word_1_761' title='bbox 1129 5329 1227 5398; x_wconf 78' lang='lat' dir='ltr'>(epist.</span> <span class='ocrx_word' id='word_1_762' title='bbox 1248 5330 1292 5398; x_wconf 70' lang='lat' dir='ltr'>iil,</span> <span class='ocrx_word' id='word_1_763' title='bbox 1320 5331 1393 5385; x_wconf 87' lang='lat' dir='ltr'>alias</span> <span class='ocrx_word' id='word_1_764' title='bbox 1413 5332 1484 5398; x_wconf 76' lang='lat' dir='ltr'>lter,</span> <span class='ocrx_word' id='word_1_765' title='bbox 1515 5333 1763 5386; x_wconf 86' lang='lat' dir='ltr'>accommodaret.</span> 
     </span>
    </p>

    <p class='ocr_par' dir='ltr' id='par_1_11' title="bbox 139 5414 1850 5491">
     <span class='ocr_line' id='line_1_57' title="bbox 139 5414 1850 5491; baseline 0.003 -25"><span class='ocrx_word' id='word_1_766' title='bbox 139 5414 351 5471; x_wconf 66' lang='lat' dir='ltr'>Verumtamen</span> <span class='ocrx_word' id='word_1_767' title='bbox 366 5414 504 5485; x_wconf 87' lang='lat' dir='ltr'>quoniam</span> <span class='ocrx_word' id='word_1_768' title='bbox 519 5415 573 5470; x_wconf 83' lang='lat' dir='ltr'>liae</span> <span class='ocrx_word' id='word_1_769' title='bbox 589 5416 617 5470; x_wconf 91' lang='lat' dir='ltr'>iu</span> <span class='ocrx_word' id='word_1_770' title='bbox 634 5417 806 5488; x_wconf 86' lang='lat' dir='ltr'>derogatum</span> <span class='ocrx_word' id='word_1_771' title='bbox 822 5417 959 5473; x_wconf 89' lang='lat' dir='ltr'>nolumus</span> <span class='ocrx_word' id='word_1_772' title='bbox 976 5419 1104 5489; x_wconf 88' lang='lat' dir='ltr'>opinioni</span> <span class='ocrx_word' id='word_1_773' title='bbox 1121 5417 1308 5491; x_wconf 81' lang='lat' dir='ltr'>cujusquam,</span> <span class='ocrx_word' id='word_1_774' title='bbox 1326 5436 1380 5474; x_wconf 85' lang='lat' dir='ltr'>irco</span> <span class='ocrx_word' id='word_1_775' title='bbox 1396 5421 1481 5475; x_wconf 88' lang='lat' dir='ltr'>etiam</span> <span class='ocrx_word' id='word_1_776' title='bbox 1509 5438 1613 5475; x_wconf 89' lang='lat' dir='ltr'>snrnus</span> <span class='ocrx_word' id='word_1_777' title='bbox 1637 5419 1730 5473; x_wconf 86' lang='lat' dir='ltr'>nescii</span> <span class='ocrx_word' id='word_1_778' title='bbox 1760 5418 1850 5488; x_wconf 89' lang='lat' dir='ltr'>pluri·</span> 
     </span>
    </p>

    <p class='ocr_par' dir='ltr' id='par_1_12' title="bbox 102 5502 1852 5843">
     <span class='ocr_line' id='line_1_58' title="bbox 105 5502 1849 5578; baseline -0.002 -18"><span class='ocrx_word' id='word_1_779' title='bbox 105 5520 168 5560; x_wconf 76' lang='lat' dir='ltr'>mos</span> <span class='ocrx_word' id='word_1_780' title='bbox 184 5504 251 5560; x_wconf 82' lang='lat' dir='ltr'>iere</span> <span class='ocrx_word' id='word_1_781' title='bbox 266 5502 318 5575; x_wconf 89' lang='lat' dir='ltr'>qui</span> <span class='ocrx_word' id='word_1_782' title='bbox 336 5503 526 5573; x_wconf 82' lang='lat' dir='ltr'>scriptionem</span> <span class='ocrx_word' id='word_1_783' title='bbox 547 5521 599 5575; x_wconf 91' lang='lat' dir='ltr'>pre</span> <span class='ocrx_word' id='word_1_784' title='bbox 620 5505 815 5559; x_wconf 69' lang='lat' dir='ltr'>ilmlnmsiana</span> <span class='ocrx_word' id='word_1_785' title='bbox 834 5506 932 5560; x_wconf 89' lang='lat' dir='ltr'>tandiu</span> <span class='ocrx_word' id='word_1_786' title='bbox 952 5508 1097 5561; x_wconf 83' lang='lat' dir='ltr'>communi</span> <span class='ocrx_word' id='word_1_787' title='bbox 1110 5523 1184 5578; x_wconf 86' lang='lat' dir='ltr'>pene</span> <span class='ocrx_word' id='word_1_788' title='bbox 1196 5524 1346 5562; x_wconf 83' lang='lat' dir='ltr'>consensu</span> <span class='ocrx_word' id='word_1_789' title='bbox 1359 5509 1487 5562; x_wconf 84' lang='lat' dir='ltr'>habitam</span> <span class='ocrx_word' id='word_1_790' title='bbox 1497 5509 1584 5561; x_wconf 91' lang='lat' dir='ltr'>solito</span> <span class='ocrx_word' id='word_1_791' title='bbox 1597 5521 1651 5560; x_wconf 91' lang='lat' dir='ltr'>suo</span> <span class='ocrx_word' id='word_1_792' title='bbox 1663 5505 1727 5557; x_wconf 83' lang='lat' dir='ltr'>loro</span> <span class='ocrx_word' id='word_1_793' title='bbox 1738 5505 1849 5574; x_wconf 87' lang='lat' dir='ltr'>privari</span> 
     </span>
     <span class='ocr_line' id='line_1_59' title="bbox 104 5590 1852 5664; baseline -0.001 -15"><span class='ocrx_word' id='word_1_794' title='bbox 104 5593 229 5649; x_wconf 76' lang='lat' dir='ltr'>moleste</span> <span class='ocrx_word' id='word_1_795' title='bbox 239 5591 417 5658; x_wconf 74' lang='lat' dir='ltr'>terreut3eo</span> <span class='ocrx_word' id='word_1_796' title='bbox 426 5595 604 5663; x_wconf 89' lang='lat' dir='ltr'>propensius</span> <span class='ocrx_word' id='word_1_797' title='bbox 614 5593 692 5646; x_wconf 91' lang='lat' dir='ltr'>illum</span> <span class='ocrx_word' id='word_1_798' title='bbox 706 5595 734 5647; x_wconf 90' lang='lat' dir='ltr'>in</span> <span class='ocrx_word' id='word_1_799' title='bbox 751 5595 853 5648; x_wconf 86' lang='lat' dir='ltr'>ordine</span> <span class='ocrx_word' id='word_1_800' title='bbox 874 5611 929 5648; x_wconf 88' lang='lat' dir='ltr'>suo</span> <span class='ocrx_word' id='word_1_801' title='bbox 947 5599 975 5647; x_wconf 92' lang='lat' dir='ltr'>et</span> <span class='ocrx_word' id='word_1_802' title='bbox 993 5597 1187 5664; x_wconf 85' lang='lat' dir='ltr'>possessione</span> <span class='ocrx_word' id='word_1_803' title='bbox 1208 5597 1347 5651; x_wconf 83' lang='lat' dir='ltr'>duximus</span> <span class='ocrx_word' id='word_1_804' title='bbox 1366 5596 1611 5661; x_wconf 82' lang='lat' dir='ltr'>cerisarvandam,</span> <span class='ocrx_word' id='word_1_805' title='bbox 1628 5590 1707 5662; x_wconf 90' lang='lat' dir='ltr'>quod</span> <span class='ocrx_word' id='word_1_806' title='bbox 1728 5608 1794 5646; x_wconf 68' lang='lat' dir='ltr'>‹rrrm</span> <span class='ocrx_word' id='word_1_807' title='bbox 1813 5610 1852 5648; x_wconf 81' lang='lat' dir='ltr'>ex</span> 
     </span>
     <span class='ocr_line' id='line_1_60' title="bbox 102 5680 1850 5758; baseline 0 -20"><span class='ocrx_word' id='word_1_808' title='bbox 102 5680 256 5738; x_wconf 75' lang='lat' dir='ltr'>Ambrosii</span> <span class='ocrx_word' id='word_1_809' title='bbox 273 5680 431 5736; x_wconf 86' lang='lat' dir='ltr'>sententiis</span> <span class='ocrx_word' id='word_1_810' title='bbox 446 5685 474 5736; x_wconf 90' lang='lat' dir='ltr'>et</span> <span class='ocrx_word' id='word_1_811' title='bbox 491 5682 664 5755; x_wconf 89' lang='lat' dir='ltr'>plerumque</span> <span class='ocrx_word' id='word_1_812' title='bbox 684 5683 770 5739; x_wconf 83' lang='lat' dir='ltr'>etiarn</span> <span class='ocrx_word' id='word_1_813' title='bbox 788 5683 888 5739; x_wconf 86' lang='lat' dir='ltr'>verbis</span> <span class='ocrx_word' id='word_1_814' title='bbox 906 5682 1021 5742; x_wconf 84' lang='lat' dir='ltr'>condita</span> <span class='ocrx_word' id='word_1_815' title='bbox 1044 5685 1140 5758; x_wconf 84' lang='lat' dir='ltr'>suerit,</span> <span class='ocrx_word' id='word_1_816' title='bbox 1158 5688 1212 5742; x_wconf 85' lang='lat' dir='ltr'>linc</span> <span class='ocrx_word' id='word_1_817' title='bbox 1233 5687 1335 5743; x_wconf 88' lang='lat' dir='ltr'>saltem</span> <span class='ocrx_word' id='word_1_818' title='bbox 1354 5688 1465 5743; x_wconf 87' lang='lat' dir='ltr'>ratione</span> <span class='ocrx_word' id='word_1_819' title='bbox 1484 5700 1551 5758; x_wconf 79' lang='lat' dir='ltr'>quae</span> <span class='ocrx_word' id='word_1_820' title='bbox 1570 5681 1777 5740; x_wconf 75' lang='lat' dir='ltr'>itnrbrosianis</span> <span class='ocrx_word' id='word_1_821' title='bbox 1799 5702 1850 5743; x_wconf 81' lang='lat' dir='ltr'>ac-</span> 
     </span>
     <span class='ocr_line' id='line_1_61' title="bbox 103 5769 563 5843; baseline 0.002 -18"><span class='ocrx_word' id='word_1_822' title='bbox 103 5774 271 5843; x_wconf 69' lang='lat' dir='ltr'>eeaseatur,</span> <span class='ocrx_word' id='word_1_823' title='bbox 290 5769 413 5841; x_wconf 85' lang='lat' dir='ltr'>indigna</span> <span class='ocrx_word' id='word_1_824' title='bbox 430 5786 488 5827; x_wconf 90' lang='lat' dir='ltr'>aon</span> <span class='ocrx_word' id='word_1_825' title='bbox 507 5775 563 5830; x_wconf 78' lang='lat' dir='ltr'>cst.</span> 
     </span>
    </p>
   </div>
   <div class='ocr_carea' id='block_1_3' title="bbox 0 0 1968 6128">
    <p class='ocr_par' dir='ltr' id='par_1_13' title="bbox 0 0 1968 6128">
     <span class='ocr_line' id='line_1_62' title="bbox 0 0 1968 6128; baseline 0 0"><span class='ocrx_word' id='word_1_826' title='bbox 0 0 1968 6128; x_wconf 95' lang='lat' dir='ltr'> </span> 
     </span>
    </p>
   </div>
  </div>
 </body>
</html>
