3900 6128
106 241 187 317 imi

827 242 860 308 s.
883 237 1104 330 nunnosu.

1648 244 1834 317 ,1998

141 426 170 482 9.
185 422 268 483 'runc
284 424 455 498 indignatus
470 425 615 484 Dominus
629 442 682 500 per
696 428 835 503 angeium
849 426 940 486 dixit:
956 433 986 504 Α
1004 444 1126 487 nemora
1151 400 1366 504 obumbrantia,
1391 432 1469 490 sicut
1491 433 1651 505 paradisus
1674 447 1768 505 super
1783 431 1835 487 hn-

109 539 120 566 «
135 515 215 571 Vada
227 531 234 586 ς
252 514 305 571 sed
315 531 501 589 quaecunque
512 516 564 572 tibi
576 516 772 589 inspiravero,
784 516 849 575 haec
860 518 943 575 dices

107 604 196 678 (ibid.
212 604 269 674 35),
288 625 299 654 ι
324 604 352 659 id
366 606 423 674 cst,
441 620 500 661 non
515 621 581 677 quae
596 607 653 673 vis,
671 606 725 663 scd
738 623 805 679 quaa
821 608 943 680 cogeris

106 694 198 767 loqui.
213 692 306 759 Quasi
322 709 467 766 organum
482 695 568 750 inane
580 711 687 752 sonum
703 697 778 752 meis
791 696 943 768 prebebis

107 784 308 842 sermonibus.
335 783 399 856 Ego
421 799 489 839 sum
513 785 563 856 qui
586 785 701 858 loquar,
722 801 782 841 non
796 786 828 841 ιιι
843 786 893 857 qui
909 801 944 841 ea

106 888 174 949 quen
196 872 337 941 audieris,
363 872 539 945 resultabis,
565 877 593 930 ct
615 891 682 946 quaa
703 891 762 930 nou
780 874 941 948 intelliges.

108 961 189 1021 Nihil
214 962 353 1034 proficies
378 962 493 1033 cund03
511 963 580 1034 quia
595 964 660 1019 sine
676 963 812 1020 mercede
828 979 943 1021 remea-

105 1051 154 1112 bis
170 1051 227 1125 (99)
242 1052 386 1124 pecuniae,
403 1056 432 1108 et
446 1053 512 1110 sine
528 1051 665 1125 proiectu
679 1053 792 1126 gratiae.
811 1051 944 1125 Denique

110 1156 144 1199 ca
160 1141 253 1214 prima
267 1156 328 1198 vox
342 1140 369 1213 ej
374 1157 410 1196 us
424 1145 487 1198 cst:
507 1164 518 1190 ι
536 1141 612 1208 Quid
626 1141 810 1212 maledicam,
827 1143 875 1198 cui
884 1159 945 1199 aon

108 1230 258 1289 maledicit
272 1230 416 1286 Dominus
438 1230 538 1302 (Num.
554 1249 638 1302 xxru,
654 1231 735 1302 8)‘i›
760 1234 791 1287 ut
806 1223 944 1288 ostendo·

106 1321 152 1376 ret
165 1335 225 1376 non
240 1319 271 1375 in
285 1336 340 1376 aua
354 1320 504 1376 voluntate
528 1335 600 1376 assa
623 1319 862 1378 benedictionem
881 1321 943 1377 He·

107 1407 181 1475 briei
197 1408 307 1482 populi,
324 1409 378 1465 aed
394 1408 424 1465 in
439 1409 491 1466 Dei
507 1409 613 1483 gratia.

1005 520 1096 591 vium,
1113 523 1143 576 et
1158 521 1237 576 sicut
1251 521 1359 577 cedrus
1375 537 1465 578 secus
1480 539 1573 595 aquas
1588 522 1689 593 (Num.
1704 536 1786 590 xxrv,
1808 522 1833 591 5,

1004 608 1049 679 6).
1074 631 1085 657 ι
1112 609 1197 665 Exiet
1218 610 1307 669 homo
1332 627 1370 667 ex
1394 611 1487 668 iacob
1509 615 1537 666 et
1560 610 1706 667 obtinebit
1733 610 1836 666 multas

1005 702 1122 771 gentes,
1139 702 1167 755 et
1182 699 1329 756 attolletur
1344 717 1470 773 regnum
1484 700 1552 774 ejus
1568 703 1598 756 in
1613 701 1705 755 atium
1722 714 1729 756 :
1745 699 1775 755 in
1786 701 1838 754 ten·

1004 786 1836 861 risquoqucextendctprincipatumsuuminAEgygium.

1007 895 1019 927 ι
1035 875 1091 942 Qui
1105 878 1282 934 benedicent
1297 894 1375 950 eum,
1390 879 1605 935 benedicentur
1620 896 1626 934 ι
1643 882 1673 935 ιι
1686 877 1738 950 qui
1753 876 1838 932 male·

1005 965 1135 1022 dixerint
1149 967 1186 1039 ei,
1203 967 1351 1023 maledicti
1364 973 1450 1023 errant
1464 967 1554 1038 (ibid.
1566 965 1604 1038 9).
1618 991 1630 1017 ι»
1646 966 1742 1034 Quem
1752 965 1839 1040 igitur

1006 1055 1063 1110 nisi
1080 1055 1191 1111 Christi
1205 1057 1345 1128 populum
1361 1056 1510 1130 significat
1525 1055 1605 1128 (acu
1630 1055 1707 1112 Eum
1723 1055 1839 1112 benedi·

1007 1144 1046 1198 cit
1062 1144 1152 1212 Bous,
1169 1144 1199 1199 in
1215 1144 1302 1216 caque
1318 1144 1462 1200 medullas
1479 1145 1608 1201 Verbum
1619 1144 1672 1200 Dei
1688 1144 1839 1202 deseendit

1004 1248 1102 1304 usque
1117 1232 1153 1288 ad
1168 1233 1347 1290 divisionem
1354 1235 1474 1304 animm,
1490 1237 1734 1306 artuumquoque
1751 1238 1779 1289 ct
1789 1249 1839 1289 mc·

1007 1322 1154 1377 duliarum
1168 1322 1274 1394 (Hebr.
1291 1341 1329 1391 ιι,
1347 1323 1392 1395 is)
1409 1339 1416 1379 ι
1431 1323 1461 1378 in
1476 1338 1533 1396 quo
1550 1322 1710 1379 habuisset
1725 1322 1839 1379 Delam

1007 1411 1132 1485 gratiam
1154 1411 1289 1483 Domini,
1310 1413 1337 1468 si
1352 1412 1381 1468 id
1397 1427 1435 1467 cx
1449 1411 1594 1468 sententia
1611 1414 1639 1467 et
1654 1409 1783 1467 allectus
1797 1411 1840 1467 sui

148 1500 221 1567 995
236 1498 263 1554 9.
282 1520 294 1546 ι
311 1499 338 1553 A
359 1499 497 1571 summis,
519 1498 624 1570 inquit,
647 1498 798 1557 montibus
823 1500 945 1572 conspi-
1007 1500 1162 1571 proposito
1184 1500 1317 1557 iecisset.
1338 1499 1396 1557 Sed
1412 1501 1480 1574 quia
1491 1500 1653 1556 revincitur
1667 1500 1747 1555 maia
1761 1515 1838 1556 mens

106 1590 183 1647 ciam
198 1605 266 1646 cum
281 1588 380 1661 (Num.
398 1605 482 1661 xxur,
497 1588 577 1662 9);»
601 1590 742 1664 quoniam
765 1606 825 1647 non
849 1591 945 1648 oculis
1008 1589 1144 1646 consiliis
1169 1590 1244 1660 suis,
1268 1592 1297 1646 ct
1321 1589 1435 1646 occulta
1459 1590 1548 1645 animi
1564 1590 1734 1662 produntur
1748 1589 1837 1661 ιιιιιιις

107 1678 361 1752 comprehendere
384 1693 510 1750 possum
530 1678 610 1736 hunc
623 1678 776 1752 populum,
792 1679 844 1752 qui
859 1679 946 1736 habi·
1008 1677 1075 1735 ideo
1091 1679 1287 1751 sequentibus
1302 1679 1420 1736 insidiis
1434 1679 1550 1734 animus
1565 1678 1633 1751 ejus
1648 1679 1792 1750 aperitur.

106 1766 181 1824 iabit
204 1766 300 1837 solue,
325 1766 402 1823 tinas
427 1782 501 1823 suos
526 1783 586 1824 non
600 1767 734 1824 locorum
748 1769 945 1840 possessione
1046 1767 1089 1823 aa.
1105 1767 1191 1823 Unde
1205 1771 1234 1824 et
1249 1768 1368 1842 dignam
1383 1768 1551 1825 mercedem
1564 1784 1628 1824 suas
1652 1767 1768 1823 invenit
1783 1783 1836 1823 ma·

108 1855 331 1926 disterminans,
346 1854 400 1911 sed
416 1855 535 1912 virtutis
550 1856 690 1927 incolatu,
707 1862 736 1913 et
751 1873 866 1914 morum
880 1815 987 1914 sin·B
1009 1856 1186 1914 invalentiae.
1202 1857 1278 1913 Nem
1294 1874 1361 1913 cum
1375 1856 1541 1913 adverteret
1564 1856 1643 1929 quod
1669 1872 1730 1912 non
1744 1859 1838 1929 posset

107 1943 255 2018 guterium
270 1943 448 2016 proprietate
463 1944 495 2000 in
509 1948 620 2001 aeterna
634 1945 804 2003 diffundens
820 1946 943 2004 saecla.
1009 1947 1040 2002 in
1065 1962 1194 2003 excessu
1220 1948 1328 2003 mentis
1351 1947 1469 2018 positus
1490 1945 1750 2023 maledicere-dat
1773 1946 1835 2012 996

108 2033 181 2101 Quis
203 2032 283 2089 enim
306 2033 551 2090 annumerabitur
573 2035 600 2091 ai
622 2034 659 2090 dc
680 2035 851 2093 nationibus
866 2037 945 2110 aliis,
1010 2036 1168 2092 consitium
1192 2036 1268 2109 regi,
1292 2036 1418 2092 dicens:
1442 2035 1493 2092 itia
1517 2036 1576 2092 siut
1600 2033 1724 2091 oracula
1742 2033 1836 2091 horum

109 2122 160 2197 qui
182 2122 375 2180 finitimorum
396 2122 572 2194 populorum
588 2124 704 2182 excedit
719 2126 948 2199 consortiajus·
1010 2123 1067 2197 (9·1)
1082 2142 1149 2198 quea
1163 2124 1244 2180 Deus
1259 2125 1410 2198 praecepit,
1436 2126 1537 2197 accipe
1562 2124 1723 2180 consilium
1744 2123 1836 2180 adver·

108 2212 181 2268 titia
192 2210 394 2268 sublimitate?
408 2211 482 2278 Quis
493 2213 734 2271 constitutionem
745 2215 947 2288 generationis
1011 2230 1065 2270 sus
1093 2215 1212 2270 oracula
1237 2214 1300 2270 Dei.
1325 2214 1457 2286 Populus
1482 2214 1538 2277 iste
1558 2212 1663 2286 justus
1686 2215 1745 2285 est,
1761 2212 1836 2268 habet

110 2300 179 2375 ejus
196 2299 337 2374 colligati
353 2299 483 2374 Corpora
494 2301 612 2374 qnidam
628 2317 730 2358 acrum
745 2302 883 2359 humanis
899 2320 948 2360 se·
1009 2304 1225 2374 protectionem
1240 2303 1294 2360 Dei
1310 2320 1316 2359 :
1334 2304 1475 2376 quianon
1489 2302 1723 2360 divinationibus
1744 2305 1773 2359 ct
1792 2318 1835 2359 au·

111 2389 243 2447 minibus
268 2394 406 2446 concreta
428 2393 457 2448 et
480 2390 605 2464 figurata
627 2390 820 2463 advertimus,
837 2393 891 2449 sed
911 2393 948 2450 de
1011 2392 1108 2466 guriis
1125 2407 1193 2448 sese
1209 2392 1298 2461 dedit,
1315 2392 1370 2448 sed
1384 2392 1443 2448 soli
1458 2396 1569 2449 aeterno
1585 2392 1667 2463 Deo,
1683 2391 1751 2448 ideo
1765 2393 1836 2447 catc-

112 2478 320 2552 superiorihus
335 2483 364 2535 et
379 2477 565 2537 mirabilibus
580 2481 749 2538 seminariis
774 2482 880 2539 animae
895 2497 948 2539 cc·
1011 2480 1054 2536 ris
1070 2481 1127 2537 tide
1142 2483 1274 2552 proestut.
1291 2481 1439 2538 Interdum
1454 2483 1551 2536 tamen
1567 2483 1596 2535 et
1613 2478 1719 2536 fideles
1736 2482 1834 2536 mento

112 2585 180 2626 rum
193 2568 384 2642 pullularunt.
786 2568 793 2579 ¹
1013 2570 1149 2642 corporis
1170 2570 1309 2626 labuntur
1333 2569 1483 2641 illecebra,
1506 2573 1535 2625 et
1557 2570 1662 2626 formae
1689 2569 1833 2626 lenocinio.

151 2658 195 2716 ιθ.
213 2677 225 2710 ι
242 2657 387 2714 Moriatur
401 2657 498 2715 anima
512 2675 577 2716 mea
587 2659 735 2717 inanimis
746 2677 848 2718 eorum
858 2661 948 2732 (ibid.
1013 2659 1088 2715 Sunt
1101 2659 1153 2715 tihi
1170 2659 1310 2716 mulieres
1325 2660 1471 2732 plurimae,
1487 2662 1516 2715 et
1529 2660 1680 2732 pleraeque
1694 2675 1755 2715 non
1770 2658 1834 2715 indo

116 2747 172 2819 io),
192 2770 204 2796 ι
227 2746 369 2804 momatur
383 2747 459 2805 hanc
474 2749 658 2821 corporalem
672 2751 773 2823 vitam,
791 2752 866 2807 utin
882 2753 948 2808 ani·
1014 2764 1101 2804 coras
1116 2748 1334 2821 pulchritudine
1351 2764 1358 2806 ε
1374 2749 1469 2805 virilis
1486 2751 1580 2804 autam
1592 2765 1686 2805 sexus
1698 2749 1833 2805 nullomo-

115 2836 175 2892 mis
193 2834 345 2910 justorum
369 2836 450 2894 iliius
465 2841 584 2896 aeternae
599 2841 668 2896 vitre
682 2840 864 2914 adipiscatur
879 2858 950 2915 gra·
1014 2837 1063 2911 gis
1085 2836 1229 2905 lubricus,
1255 2854 1344 2910 quam
1366 2838 1504 2894 muliebri
1519 2837 1627 2895 dacore
1643 2839 1702 2895 cito
1717 2838 1833 2911 capitur;

115 2923 197 2982 tiam.
214 2926 246 2982 ln
260 2940 319 3001 quo
330 2925 393 2999 jam
406 2928 476 2984 tunc
492 2931 671 2987 sacramenti
692 2930 784 3004 hujus
806 2929 949 3002 caelestis,
975 2950 980 2971 ι
1014 2929 1044 2983 ιι
1058 2926 1185 2982 maxime
1200 2927 1226 2983 si
1242 2928 1331 2983 ardor
1346 2927 1487 2983 mentium
1500 2927 1640 2999 alioquiis
1652 2928 1833 2983 inflammetur

118 3017 149 3072 et
162 3015 242 3072 sacri
256 3015 442 3089 baptismatis
458 3018 587 3076 revelata
601 3024 648 3077 est
658 3021 887 3094 magnificentia,
898 3036 953 3092 per
1016 3014 1234 3088 frequentibus,
1249 3019 1278 3072 et
1293 3016 1378 3090 quasi
1389 3015 1505 3072 lacibus
1519 3016 1709 3087 inardescat;
1724 3016 1751 3072 si
1765 3029 1832 3087 spen

119 3105 209 3180 cuijus
232 3107 433 3178 operationem
455 3108 621 3166 moriuntur
639 3108 776 3167 hominos
792 3109 887 3182 oulpoe
901 3125 952 3166 vo·
1015 3105 1148 3178 potiundi
1163 3105 1288 3177 hauriat,
1313 3105 1451 3162 affectum
1473 3104 1597 3162 differat,
1623 3105 1740 3161 iaciant
1760 3104 1832 3178 igitur

117 3195 184 3268 teri,
207 3197 237 3252 et
259 3195 428 3269 lniqucrum
452 3198 612 3272 operibun3
638 3204 670 3257 ut
692 3200 821 3256 novitme
840 3178 908 3257 vitae
923 3184 994 3257 inc
1016 3193 1157 3250 mulieres
1181 3197 1239 3250 tuac
1263 3194 1390 3251 vocibus
1414 3195 1479 3250 suis
1502 3194 1616 3264 hamos,
1634 3209 1691 3250 neo
1713 3192 1831 3250 diitlciica

120 3284 433 3359 consortiaJ‘ustorum
447 3288 660 3363 transfigurati,
682 3288 713 3345 in
732 3303 834 3346 eorum
854 3304 954 3346 mores

120 3378 290 3450 resurgant.
306 3375 342 3433 m
356 3377 427 3450 quid
442 3378 547 3435 mirum
563 3377 599 3435 da
614 3377 796 3451 hominibus,
814 3394 881 3436 cum
896 3393 955 3436 mo·

120 3469 235 3526 riantur
247 3471 380 3542 peccato,
396 3471 427 3526 ut
441 3468 504 3525 Deo
518 3468 643 3526 vivant?

154 3558 199 3616 tt.
224 3559 297 3616 Heca
320 3558 445 3617 audiens
462 3558 561 3631 Baiae,
577 3559 749 3633 indignatus
763 3561 809 3616 est
823 3558 927 3616 dicans
945 3577 951 3615 :

118 3649 165 3707 hd
178 3648 412 3707 maledicendum
426 3651 454 3705 tc
470 3648 590 3722 adduxi,
605 3651 634 3705 et
649 3651 680 3705 tu
695 3648 850 3707 benedicis
865 3648 956 3721 (93)i

117 3738 285 3813 Respondit
299 3737 348 3796 illa
365 3754 372 3796 ε
389 3738 571 3796 calumniam
585 3739 680 3812 patior
694 3739 731 3795 de
746 3754 781 3795 eo
796 3738 875 3812 quod
890 3754 957 3795 nos·

119 3829 184 3901 ιιι,
200 3845 258 3903 ego
273 3828 351 3886 anim
366 3827 439 3884 nihii
455 3844 553 3885 meum
567 3828 684 3901 loquor,
700 3827 755 3884 aad
769 3828 854 3901 quasi
870 3844 953 3900 cym-

119 3918 220 3975 balum
234 3918 364 3975 tinniens
379 3934 487 3975 sonum
502 3917 604 3974 reddo.
617 3919 726 3976 lterum
736 3917 793 3974 atio
804 3917 957 3974 transduc·

119 4012 180 4079 tus,
203 4023 271 4064 cunr
294 4007 385 4064 vellet
406 4006 594 4079 maledicere,
614 4006 833 4064 benedicebat:
859 4006 955 4063 «Non

121 4101 168 4156 eat
182 4097 267 4153 labor
281 4096 312 4153 in
325 4095 429 4167 iacob,
446 4112 541 4169 neque
553 4097 639 4153 dolor
649 4096 738 4167 (ibid.
756 4097 811 4167 91).
829 4118 840 4146 ι
858 4096 956 4151 Domi·

121 4201 180 4245 nus
194 4187 277 4243 ilium
291 4185 420 4258 protegit
443 4186 510 4258 (tii).
535 4186 571 4242 Bt
588 4185 665 4242 inira
675 4185 763 4259 jubet
776 4185 872 4258 parari
888 4201 956 4241 aras

122 4278 237 4352 septem
252 4279 281 4334 et
295 4275 452 4333 sacrificia.
468 4275 576 4349 Utique
598 4275 699 4333 debuit
719 4274 885 4345 discedere,
903 4274 957 4330 sed

121 4383 177 4442 par
190 4365 389 4424 infirmitatem
404 4365 522 4438 mentis,
547 4368 576 4423 oi
596 4365 820 4422 mutabilitatem
835 4366 957 4420 santen-

122 4458 172 4515 tiva
185 4457 306 4530 putabat
320 4454 399 4529 quod
414 4457 547 4511 evadere
563 4455 668 4527 posset
683 4453 738 4510 Dei
751 4453 932 4509 voluntatem
949 4468 955 4509 :

124 4547 189 4620 ipse
203 4548 301 4603 nutem
314 4561 368 4618 per
382 4560 543 4602 excessum
557 4543 664 4600 mentis
680 4542 758 4599 aliud
770 4542 916 4614 cupiebat,
929 4545 995 4626 etp

124 4635 204 4692 aliud
218 4634 405 4709 loquebatur.

161 4725 206 4781 ιι.
231 4723 353 4792 «Quam
377 4723 525 4796 speciosa,
549 4722 654 4796 inquit,
676 4721 844 4779 habitacula
866 4724 957 4793 tua,»

126 4829 145 4872 o
161 4813 356 4870 Hebraeorum
370 4811 489 4869 militiai
508 4812 737 4870 «Tabernacuia
750 4815 800 4868 tua
814 4809 872 4886 (95)
883 4811 962 4868 sicut

162 4955 220 5029 (92)
242 4955 318 5011 idas.
342 4955 463 5028 aliquot,
490 4955 571 5028 «qui
593 4954 658 5012 sina
679 4955 816 5013 mercede
831 4969 961 5010 remane·

126 5027 186 5085 bis.
206 5050 217 5076 a
234 5027 301 5083 Non
314 5027 390 5083 eatis
403 5031 495 5083 racto.

162 5099 221 5171 (98)
232 5099 318 5156 iiam.
330 5099 399 5155 edit.
412 5099 487 5182 sola,
506 5118 517 5147 ι
530 5096 634 5153 dicens
647 5113 654 5154 :
669 5095 744 5162 Quid
756 5094 853 5151 iecisti
864 5094 961 5151 mihil

127 5171 175 5228 hd
189 5169 425 5226 maledictionem
447 5169 634 5225 inimicorum
654 5183 789 5224 meorum
801 5167 907 5223 vocavi
922 5170 960 5238 te,

128 5247 158 5300 et
171 5258 241 5299 ecce
255 5241 436 5298 benedixisti
449 5239 666 5296 benedictione.
686 5261 698 5287 n

164 5313 221 5387 (et)
243 5313 353 5370 Eadem
376 5313 458 5381 edit,
485 5333 496 5362 ι
521 5311 589 5366 Non
613 5311 669 5366 erit
689 5310 773 5366 labor
796 5309 826 5365 in
850 5308 961 5379 iacob,

128 5400 225 5460 nequo
249 5385 335 5442 dolor
354 5384 386 5441 in
410 5383 511 5439 lsrael.
536 5381 680 5438 Dominus
704 5383 783 5437 Deus
805 5381 872 5453 ejus
896 5397 963 5435 cum

129 5475 176 5516 eo.
193 5481 205 5509 r

165 5532 222 5602 (95)
238 5531 324 5586 iiam.
340 5528 421 5594 edit,
449 5549 460 5574 ι
478 5525 643 5582 habitacula
658 5528 717 5597 tuo,
735 5522 847 5592 ιιιιοιις
863 5523 963 5578 tabor-

130 5603 235 5661 nacuia
250 5604 310 5674 tua,
326 5599 429 5656 lsrael.
447 5621 459 5649 ι

166 5673 227 5800 (96)
244 5672 309 5729 vet.
332 5671 402 5728 edit.
425 5685 461 5726 ac
483 5669 585 5741 piures
607 5683 694 5740 mss,
721 5665 909 5739 «significat,
932 5668 962 5722 at

129 5746 206 5805 bene
229 5741 279 5801 icit
291 5743 432 5818 (quidam,
444 5736 613 5814 benedixit)
625 5740 705 5798 Deus
717 5755 725 5812 3
738 5763 748 5787 a
767 5739 798 5796 in
808 5752 882 5798 msa.
895 5753 964 5797 non-

1016 3283 1129 3357 primos
1146 3298 1331 3359 congressus
1346 3298 1420 3339 suos
1435 3283 1597 3354 praeboant,
1614 3283 1670 3339 sed
1686 3285 1715 3339 et
1728 3284 1791 3338 visu
1802 3279 1831 3335 is·

1018 3371 1092 3428 ciles
1107 3372 1172 3444 (98),
1189 3377 1217 3428 ιι
1232 3373 1311 3428 ιιιιιιι
1326 3371 1460 3429 affabiles
1478 3372 1733 3444 circumerrent,
1749 3374 1775 3427 et
1786 3371 1830 3424 toto

1019 3477 1053 3518 aa
1068 3462 1284 3518 circumfundat
1299 3462 1442 3518 exercitui
1455 3478 1463 3532 ς
1478 3465 1565 3534 atquo
1580 3461 1636 3516 laos
1651 3463 1714 3517 arte
1728 3458 1830 3516 tractent

1018 3551 1110 3624 viros,
1136 3555 1168 3608 ut
1192 3552 1351 3608 concubitu
1372 3568 1430 3608 non
1455 3551 1637 3624 indulgeant,
1660 3550 1720 3606 nisi
1742 3545 1829 3604 amona

1019 3641 1112 3697 mutui
1127 3640 1215 3697 tidem
1239 3641 1389 3697 consortio
1413 3640 1563 3712 sacrilegii
1583 3636 1827 3711 comprobaverint

1019 3729 1068 3786 Sic
1083 3730 1160 3786 enim
1175 3733 1313 3802 poterunt
1336 3730 1449 3786 coelcsti
1473 3728 1656 3801 proiectione
1680 3725 1800 3793 destitui,
1811 3721 1828 3777 si

1018 3820 1077 3891 ipsi
1092 3835 1108 3874 a
1123 3819 1247 3876 Domino
1260 3820 1319 3875 Dco
1336 3835 1391 3875 suo
1407 3816 1576 3891 sacrilegiis
1592 3816 1781 3872 deviaverint.

1056 3909 1099 3964 ιι.
1116 3909 1183 3964 Νοιι
1199 3907 1399 3981 igiturjustus
1410 3908 1539 3978 Balaam,
1551 3910 1652 3978 utpote
1664 3902 1827 3962 consiliarius

1020 3997 1224 4054 fornicationis
1240 4000 1268 4055 ei
1283 3996 1444 4070 sacrilegii,
1461 3997 1539 4052 sicut
1554 3995 1708 4051 evidenter
1722 3993 1798 4050 etiam
1809 3989 1828 4043 in

1020 4087 1199 4160 Apocalypsi
1224 4087 1367 4159 seriptum
1388 4089 1434 4142 est
1449 4086 1573 4141 ioannis
1589 4083 1785 4158 evangelista,
1796 4076 1827 4133 di·

1021 4180 1106 4234 centa
1121 4177 1246 4232 Domino
1262 4176 1336 4231 iesu
1346 4175 1383 4231 ad
1393 4174 1532 4248 angeium
1543 4172 1688 4230 Ecclesiae
1696 4165 1826 4244 Pergami:

1023 4288 1034 4317 ι
1053 4266 1154 4323 Habes
1170 4266 1230 4321 iilic
1244 4267 1379 4322 tenentes
1394 4264 1558 4321 doctrinam
1581 4262 1713 4333 Balaam,
1730 4261 1775 4334 qui
1792 4256 1827 4311 dc·

1022 4356 1108 4413 cebat
1121 4355 1210 4412 Baiae
1223 4354 1338 4410 mittere
1354 4352 1526 4409 scandalum
1542 4367 1642 4407 coram
1658 4350 1728 4406 liliis
1750 4341 1826 4409 israci,

1021 4445 1200 4501 manducare
1214 4443 1373 4514 immolata,
1389 4445 1418 4498 ot
1432 4441 1591 4511 fornicari3
1616 4441 1656 4495 ita
1670 4438 1762 4495 habes
1775 4432 1827 4490 ertu

1020 4537 1155 4590 tenentes
1183 4533 1346 4590 doctrinam
1375 4530 1587 4587 Nicolaitarum
1614 4527 1719 4601 (Apoc.
1747 4542 1773 4593 ιι,
1797 4517 1825 4584 ii

1021 4623 1106 4696 ¹5)·¹‘
1133 4623 1195 4689 Quo
1211 4625 1331 4694 apparet
1353 4620 1423 4676 indo
1444 4618 1679 4674 Manichaeorum
1699 4605 1826 4680 sacrilegia

1021 4729 1171 4784 manasse,
1180 4712 1231 4785 qui
1241 4712 1368 4767 miscent
1381 4712 1469 4782 atque
1485 4707 1652 4781 adjungunt
1667 4698 1826 4774 saerilegium

1021 4803 1197 4876 turpitudini
1212 4799 1279 4874 (99).

1022 4947 1113 5005 nullis
1127 4947 1209 5002 Deus
1224 4943 1385 5014 omittitur3
1407 4940 1476 4996 edit.
1502 4941 1601 5007 Rom,
1629 4959 1640 4989 ι
1658 4951 1745 5010 quam
1761 4931 1825 4987 bane

1022 5020 1096 5076 dixit
1111 5018 1211 5087 Deus3
1228 5040 1239 5064 s
1256 5014 1363 5085 reliqui
1378 5027 1452 5068 mss.
1470 5013 1500 5066 ut
1514 5011 1544 5065 iu
1561 5013 1712 5065 contextu.

1058 5090 1115 5160 (97)
1136 5089 1247 5145 Omnes
1269 5087 1339 5142 edit.
1365 5100 1400 5140 ac
1423 5084 1557 5154 plerique
1581 5097 1669 5149 mss,
1695 5076 1769 5133 «illa
1786 5062 1827 5124 iiii

1024 5161 1259 5230 oraculorum3»
1283 5158 1380 5229 aptius
1401 5157 1481 5211 Prot.
1507 5157 1535 5208 ct
1557 5151 1608 5207 alii
1631 5151 1749 5224 aliquot,
1770 5135 1827 5195 «lili

1023 5236 1084 5290 sint
1100 5231 1218 5288 oracula
1234 5229 1349 5285 horum.
1368 5251 1379 5277 e

1058 5304 1115 5374 (98)
1140 5303 1247 5358 Verius
1270 5299 1413 5367 Maronis,
1437 5296 1531 5368 inquit
1547 5293 1694 5364 Nannius,
1711 5305 1772 5348 cum
1783 5291 1829 5356 pii'

1024 5377 1092 5432 vuta
1106 5373 1308 5430 immutatione
1324 5388 1331 5427 2

1118 5492 1173 5541 Noc
1183 5489 1242 5538 visu
1255 5488 1349 5546 facilia,
1361 5498 1409 5533 ncc
1420 5484 1491 5532 dictu
1507 5481 1623 5531 adalriiis
1635 5479 1691 5529 uili.

1059 5591 1116 5663 (99)
1136 5589 1277 5654 Quamnam
1299 5588 1359 5642 sint
1379 5581 1587 5653 turpitudines,
1612 5579 1723 5662 quibus
1737 5574 1835 5657 adjuras

1023 5666 1084 5720 turn
1099 5678 1115 5716 a
1131 5660 1305 5715 Manichaeis
1319 5654 1511 5737 sacrilegium
1533 5654 1646 5707 asserit
1669 5649 1836 5707 Ambrosius.

1025 5732 1188 5808 explicatur
1201 5732 1238 5787 ab
1253 5729 1421 5804 Augustino
1436 5725 1486 5781 rib.
1505 5724 1548 5780 Dc
1564 5723 1675 5781 beros.
1693 5738 1758 5795 cap.
1771 5716 1808 5776 to.
