3900 6128
47 314 110 378 137

538 309 594 375 DE
611 309 789 377 orrlcus
804 307 1109 376 MlNlSTROliUhl
1128 307 1256 374 LIBER
1270 310 1309 374 11.

1620 312 1786 378 ’138

42 516 72 570 44
88 531 245 584 sermone,
263 515 293 568 in
309 515 443 569 castitate
459 513 572 569 aalide.
593 513 701 578 Quales
720 514 823 569 haberi
838 530 892 568 vo·
908 497 935 562 Α
951 513 1035 568 Unde
1052 513 1161 568 lactum
1177 518 1223 568 est
1239 518 1269 569 ut
1284 515 1333 586 qui
1350 515 1445 571 tuerat
1459 517 1561 573 socius
1577 523 1782 577 conversatio-

43 605 156 672 lumuS,
174 605 255 658 tales
271 604 386 658 simus:
403 608 432 658 et
448 603 564 674 qualem
582 601 719 657 allectum
736 603 890 672 habemus,

37 694 128 748 talem
144 695 330 764 aperiamus
350 693 454 764 Neque
472 693 608 747 dicamus
634 693 664 746 in
681 693 771 746 corde
789 697 891 746 nostro

44 783 172 836 verbum
192 783 339 853 iniquum,
356 783 434 852 quod
450 781 592 836 abscondi
609 784 745 851 putemus
756 781 892 849 silentio;

47 872 117 942 quia
134 872 220 925 audit
236 873 266 925 in
289 871 406 926 occulto
422 871 509 939 dicta,
533 870 602 941 quia
618 870 733 924 occulta
759 869 846 924 feeit:
864 873 893 924 et

46 961 210 1031 cognoscit
232 964 350 1014 secreta
365 960 526 1028 viseerum,
550 959 600 1030 qui
616 974 741 1013 sensum
764 959 890 1012 visceri-

45 1050 103 1103 bus
126 1050 249 1103 infudit.
276 1049 357 1121 Ergo
383 1052 520 1120 tanquam
544 1048 600 1102 sub
623 1048 718 1102 oculis
741 1047 892 1102 constituti

44 1138 168 1210 judicis
187 1138 336 1209 quidquid
360 1138 504 1210 gerimus,
526 1137 556 1191 in
581 1137 645 1192 luce
661 1137 791 1207 positum
804 1140 889 1207 pute-

47 1245 123 1295 mus,
141 1231 174 1282 ut
192 1228 334 1282 omnibus
351 1227 565 1282 manifestetur.

372 1351 499 1406 CAPUT
515 1352 578 1405 XX.

51 1476 325 1532 Ornnibusmultum
334 1477 480 1548 prodesse
489 1476 631 1530 bonorum
640 1475 889 1540 farmliaritatem,

81 1550 213 1602 maxime
233 1565 306 1601 vero
322 1547 582 1601 adolescentibus:
599 1547 653 1601 lroc
669 1546 740 1600 desa
756 1546 841 1599 Nare
859 1562 893 1598 ac

80 1620 194 1691 Mopsi,
212 1619 341 1690 aliisque
359 1618 504 1689 exemplis
517 1617 891 1688 probariquibnssnbjici·

83 1696 131 1744 tnr
141 1690 196 1762 qui
209 1697 303 1743 artato
319 1696 387 1743 snm
402 1690 550 1760 dispares
567 1691 678 1743 virtute
688 1688 837 1741 interdum
845 1704 894 1758 pa·

84 1778 135 1816 res
152 1777 236 1822 esse,
257 1768 287 1814 ut
303 1761 417 1814 Petras
433 1777 466 1813 ae
477 1761 607 1814 doarrnes
620 1759 816 1830 patefaciunt.

77 1886 120 1940 94.
155 1886 326 1940 Plurimum
351 1886 448 1956 itaque
472 1883 595 1954 prodest
619 1883 778 1954 unicuiqae
803 1883 890 1937 bonis

50 1974 142 2047 jungi.
160 1974 420 2029 Adolescentibus
445 1988 562 2044 quoque
587 1973 668 2042 utile,
693 1977 724 2026 ut
749 1973 847 2026 claros
864 1974 893 2026 et

52 2067 203 2135 sapientes
213 2064 257 2134 (8)
268 2063 351 2117 viros
363 2067 543 2134 sequantur;
559 2062 698 2133 quoniam
709 2062 759 2132 qui
770 2077 893 2132 congre·

53 2153 126 2208 ditor
140 2153 348 2223 sapientibus,
365 2153 485 2222 sapiens
502 2155 563 2205 est:
580 2151 628 2222 qai
645 2155 742 2205 autem
762 2151 893 2205 cohaeret

54 2241 307 2313 imprudentibus,
333 2241 505 2311 imprudens
521 2240 703 2312 agnoscitur.
722 2239 757 2293 El
776 2240 812 2293 ad
827 2240 892 2293 ins-

51 2333 226 2386 tructionem
241 2331 340 2401 itaque
353 2330 509 2399 plurimum
524 2328 639 2399 prolicit
656 2329 705 2399 (9),
723 2331 751 2381 et
766 2328 801 2383 ad
820 2344 890 2399 pro·

55 2421 147 2475 bitatis
172 2419 392 2474 testimonium.
413 2418 578 2472 Ostendant
593 2418 671 2472 enim
687 2417 893 2472 adolescentes

55 2526 149 2566 eorum
167 2526 204 2564 se
220 2509 387 2563 imitatores
403 2525 483 2576 esse,
500 2508 610 2578 quibus
627 2507 796 2575 adlraerent3
815 2510 842 2560 et
858 2522 891 2560 ea

56 2599 238 2655 conrates-cit
254 2597 366 2668 opinio,
384 2597 461 2667 [quod
478 2597 514 2650 ab
531 2596 578 2650 his
594 2595 713 2650 vivendi
724 2594 893 2664 acceperint

56 2687 289 2754 similitudinem,
309 2703 375 2740 eum
400 2687 508 2757 quibus
526 2685 723 2739 conversandi
740 2684 893 2739 hauserint

57 2779 256 2848 cupiditatem.
693 2770 696 2775 ⁴

85 2868 126 2920 es.
140 2866 217 2920 lnde
237 2868 338 2917 tantas
356 2864 446 2918 lesos
471 2864 562 2932 Nave,
580 2864 659 2935 qaod
684 2879 751 2917 eum
768 2879 825 2917 non
841 2879 892 2917 so·-

58 2954 300 3010 lumerudivitad
317 2953 408 3023 Legis
425 2952 578 3006 scientiam
596 2953 689 3023 hloysi
707 2952 821 3022 copula,
844 2968 893 3004 rc-

59 3061 110 3098 rum
127 3045 221 3099 etiam
250 3041 448 3096 sanctificavit
462 3040 498 3093 ad
524 3041 657 3111 gratiam.
679 3042 810 3112 Denique
827 3056 894 3094 cum

62 3134 83 3187 ia
95 3136 165 3205 eJ'us
183 3131 383 3186 tabernaculo
398 3130 496 3183 divina
512 3129 661 3202 refulgere
677 3130 836 3199 praesentia
854 3130 893 3181 vi-

63 3221 174 3277 deretur
183 3220 334 3292 maJ'estas
346 3218 401 3288 (40)
416 3217 543 3282 Domini,
553 3219 637 3273 solus
649 3223 710 3273 erat
722 3219 750 3272 in
762 3219 896 3273 taberna·
910 3242 935 3304 C

63 3320 223 3375 adolesus
240 3319 334 3373 Nave.
346 3318 466 3388 hlopscs
481 3334 548 3372 eum
564 3317 625 3372 Deo
642 3307 690 3372 94
704 3317 889 3388 loquebatur,

64 3408 142 3464 lesus
157 3409 274 3481 pariter
288 3407 367 3461 nubo
385 3423 470 3461 sacra
491 3407 657 3479 tegebatur.
680 3405 850 3477 Presbyteri
867 3406 895 3460 ct

66 3499 182 3568 populus
208 3497 352 3552 deorsum
375 3496 511 3562 stabant,
535 3494 625 3549 lesus
641 3511 708 3549 cum
728 3495 831 3565 Mopse
853 3495 889 3548 ad

66 3584 777 3658 accipiendamLegemascendcbat(drodxxrr,
789 3583 891 3653 43-48).

66 3674 155 3730 Omnis
179 3674 314 3746 populus
333 3675 408 3727 intra
423 3678 520 3728 castra
540 3677 612 3741 erat,
637 3674 727 3729 lesus
744 3676 826 3727 extra
844 3689 894 3727 ca-

67 3771 113 3818 stra
128 3766 158 3819 in
173 3763 371 3818 tabernaculo
397 3763 568 3818 testimonii.
594 3763 667 3817 llum
684 3763 820 3821 columna
836 3779 892 3816 nu-

66 3851 101 3908 bis
116 3854 328 3920 descenderet,
353 3855 381 3906 el
405 3852 576 3924 loqueretur
596 3869 662 3907 cum
675 3853 786 3922 Moyse,
804 3852 889 3922 quasi

66 3941 131 3997 idas
146 3942 270 3996 astabat
285 3942 439 3996 minister:
466 3958 521 3996 nec
537 3942 636 3996 exibat
651 3941 687 3995 de
704 3941 893 3995 tabernaculo

64 4029 187 4101 juranis,
205 4047 276 4084 eum
293 4032 429 4086 seniores
444 4030 532 4102 longe
547 4030 636 4100 positi
651 4030 748 4083 divina
764 4029 894 4099 trepida-

64 4126 117 4175 rent
132 4119 292 4175 miracula.

88 4209 132 4264 99.
148 4210 272 4280 Ubique
295 4209 385 4280 igitar
404 4209 479 4264 inter
503 4208 673 4263 admiranda
689 4224 777 4279 opera
803 4211 832 4262 et
846 4224 896 4262 rc·

61 4300 186 4355 terenda
198 4302 317 4353 secreta
329 4303 432 4352 sancto
441 4298 535 4369 Moysi
544 4298 714 4351 individuus
724 4297 895 4351 adhaerebat

89 4444 129 4498 itii
145 4443 210 4497 Cic.
229 4441 281 4495 lib.
298 4458 317 4495 ιι
335 4440 431 4508 (ldie,
447 4458 515 4511 pag.
533 4439 595 4509 380,
613 4441 663 4493 lin.
681 4439 734 4495 38:
755 4463 766 4487 a
784 4439 897 4494 Facilli-

60 4531 101 4568 me
117 4520 267 4579 autem...,
283 4512 490 4567 adolescentes
516 4513 614 4582 quise
636 4512 672 4565 ad
689 4512 786 4566 claros
803 4515 831 4565 ct
846 4528 896 4564 sa-

62 4588 186 4656 pientes,
208 4590 296 4638 4444.
335 4624 353 4642 .

92 4658 131 4719 till
146 4656 329 4725 Superiores
354 4655 440 4722 Edit,
467 4655 566 4727 itaque
589 4654 675 4709 bonis
693 4654 782 4726 junqi
799 4653 896 4725 pluri-

61 4745 134 4781 mum
147 4727 284 4799 prolicit.

93 4800 152 4854 altit
170 4798 249 4852 Edit.
268 4814 336 4850 cum
351 4813 436 4864 mss,
454 4796 622 4869 retirlpcret
634 4797 797 4868 praesentia
809 4803 837 4850 et
859 4795 899 4848 ri·

63 4870 189 4924 deretur
205 4868 360 4935 4444ιέ444,
379 4872 434 4922 ete.

93 4942 151 5011 illi
166 4941 231 4995 Cic.
250 4939 302 4992 lib.
319 4940 356 4991 de
366 4940 527 4993 Senectute
542 4956 610 5010 pag.
627 4939 689 5003 409,
706 4938 757 4995 lin.
775 4939 810 4992 a:
837 4960 847 4987 a
864 4937 898 4991 lit

63 5026 126 5065 cum
135 5010 383 5065 adolescentibus
395 5010 470 5063 hona
480 5010 716 5080 indolepraeditis
728 5011 877 5079 sapientes
891 5024 896 5063 :

69 5099 154 5137 senes
170 5082 368 5149 delectantur,
387 5106 398 5127 a
416 5085 471 5135 ete.

97 5153 153 5209 1er
172 5156 260 5207 llam.
278 5152 347 5206 edit.
374 5155 570 5220 resecaverat,
597 5157 626 5205 ct
642 5168 694 5206 sua
719 5168 797 5218 voce,
820 5151 899 5222 quod

69 5230 158 5280 tanaro
175 5226 207 5278 in
223 5223 291 5279 tiliis
308 5223 376 5277 edit.
394 5227 422 5276 cl
438 5224 552 5277 cunctis
569 5239 643 5277 mss.
659 5223 834 5292 reperimus.

100 5299 155 5351 aitte
170 5297 234 5349 llic.
253 5294 305 5348 lib.
323 5312 341 5346 ιι
358 5295 443 5348 (illie.
455 5291 596 5365 papam,
619 5294 669 5347 lin.
680 5293 730 5347 ⁹29:
747 5317 757 5342 a
773 5294 898 5347 tlaximo

67 5374 157 5422 autem
173 5373 202 5421 ct
219 5367 315 5435 gloria
342 5367 454 5434 paritur
468 5368 495 5419 et
512 5367 604 5447 gratia
621 5365 858 5431 defensionibus,
886 5389 897 5410 ..

69 5447 118 5492 etr,
129 5438 214 5503 Quod
225 5441 325 5490 autem
336 5437 374 5489 nit
384 5436 572 5503 hinbrosruS,
582 5437 618 5490 44
627 5439 721 5489 morte
733 5437 900 5489 damnatum

69 5510 210 5579 cr,1as,de
221 5508 280 5563 boc
289 5508 380 5561 adeas
391 5507 469 5574 licet,
481 5522 547 5578 qum
558 5523 613 5561 nos
625 5509 703 5562 tomo
716 5504 728 5560 l
743 5507 853 5576 Expos.
862 5507 900 5560 ita

70 5582 139 5650 psal.
154 5595 260 5648 cxvm,
277 5593 368 5633 serm.
385 5578 413 5646 8,
429 5594 509 5633 nirm.
529 5578 574 5634 44.
591 5578 828 5634 subnotavimus.
846 5578 901 5633 llio

71 5651 182 5708 veroid
198 5664 293 5707 auom
309 5649 381 5705 libet
394 5648 537 5721 adjicere,
555 5649 720 5706 cautionem
736 5649 902 5722 appositam

71 5720 202 5784 4441444
210 5722 284 5782 hina
293 5735 499 5797 promanasse,
510 5720 591 5801 quod
601 5737 667 5782 cum
677 5720 825 5783 interdum
835 5721 900 5801 epi·

204 5856 336 5923 rama.
355 5853 434 5930 XVI,

948 603 1005 669 444,
1029 603 1112 658 heret
1135 619 1298 658 successor
1326 608 1480 674 potestatis
1501 608 1599 679 (Dent.
1623 626 1726 678 xxxiv,
1742 609 1780 681 9).

951 692 1053 746 hierita
1070 692 1115 746 vir
1129 691 1299 763 hujusmodi
1317 696 1421 757 evasit,
1438 698 1470 749 ul
1495 697 1614 752 sisteret
1629 699 1782 754 fluminum

950 795 1058 834 cursus
1074 781 1174 849 (dasne
1185 797 1226 851 ιιι,
1239 782 1347 850 lai-li),
1365 783 1490 839 diceret:
1512 785 1574 839 Stet
1598 785 1655 856 sol,
1672 790 1700 842 et
1715 790 1779 842 sta·

949 873 993 923 ret
1003 869 1047 924 sol
1059 869 1145 940 quasi
1157 869 1225 940 ejus
1236 875 1386 941 spectator
1405 873 1537 927 victoriae
1555 877 1670 930 noctem
1681 875 1782 930 difler-

949 962 1004 1027 rct,
1017 959 1093 1012 diem
1109 959 1286 1029 produceret
1301 961 1401 1026 (dasne
1413 978 1442 1030 x,
1456 961 1499 1030 td,
1513 961 1574 1032 lap:
1590 963 1660 1034 quid
1671 961 1678 1018 t
1691 963 1783 1036 (quod

951 1048 1047 1118 Moysi
1064 1051 1203 1119 negatam
1219 1050 1276 1119 est)
1300 1050 1384 1104 solus
1401 1051 1570 1122 eligeretur,
1595 1055 1627 1106 ut
1642 1052 1782 1122 populum

951 1137 1150 1191 introduceret
1166 1137 1195 1191 in
1212 1140 1318 1192 terram
1333 1139 1588 1210 repromissionis.
1601 1140 1728 1213 Magnus
1738 1142 1785 1196 vir

950 1225 1017 1279 fidoi
1034 1226 1195 1294 miraculis,
1212 1228 1514 1299 magnustriumphis.
1531 1228 1784 1302 illiusaugustio·

951 1330 982 1367 ra
999 1329 1098 1384 opera,
1114 1314 1206 1386 hujus
1220 1317 1421 1386 prosperiora.
1439 1318 1570 1390 Uterque
1585 1318 1784 1391 igilurdivina

951 1403 1099 1457 subnixas
1116 1405 1218 1475 gratia,
1230 1405 1305 1459 ultra
1314 1405 1470 1461 humanam
1480 1408 1628 1478 processit
1638 1408 1785 1464 conditio·

951 1508 1032 1547 acm:
1045 1493 1094 1545 ille
1106 1493 1177 1546 mori
1188 1494 1296 1562 (44444.
1318 1511 1378 1563 xiv,
1389 1493 1445 1565 44),
1463 1495 1511 1549 444
1523 1495 1598 1551 coelo
1617 1497 1782 1568 imperarit.

986 1580 1046 1635 loe.
1064 1581 1189 1636 Pulchra
1207 1583 1303 1654 itaque
1319 1584 1424 1653 copula
1439 1585 1590 1640 seniorum
1604 1587 1693 1658 atque
1708 1588 1783 1642 ado-

950 1669 1124 1724 lescentiam
1136 1671 1159 1736 (4
1168 1671 1202 1731 tt.
1217 1671 1273 1726 Alii
1284 1672 1462 1743 testimonio,
1472 1674 1633 1730 aliisolatio
1642 1676 1785 1746 sunt3alii

952 1758 1134 1830 magisterio,
1151 1760 1200 1813 alii
1216 1760 1412 1816 delectationi.
1435 1761 1541 1818 Omitto
1558 1765 1637 1835 quod
1656 1764 1784 1821 Abrabae

910 1877 933 1934 Β
951 1848 1078 1902 adhaesit
1094 1849 1148 1903 Lot
1161 1848 1403 1905 adolescentulus
1417 1852 1685 1923 etiamprotlseenti
1696 1853 1783 1923 (Gen.

950 1953 1000 1991 xn.
1019 1938 1058 2006 4),
1084 1953 1119 1992 44
1135 1937 1210 1994 forte
1235 1938 1292 1994 boc
1317 1941 1544 2012 propinquitatis
1568 1941 1665 2015 magis
1689 1943 1785 1999 tuisse

949 2026 1143 2095 existimetur,
1161 2031 1189 2081 et
1205 2030 1385 2083 necessariae
1395 2031 1492 2101 potius
1504 2045 1593 2103 quam
1607 2031 1782 2089 voluntariae
1851 2075 1853 2079 -

949 2116 1159 2186 adjunctionis.
1184 2115 1259 2181 Quid
1285 2117 1378 2172 Ellam
1401 2122 1488 2190 atque
1512 2120 1653 2176 Elisaeum
1676 2122 1783 2194 loqua-

950 2207 1037 2259 mur?
1052 2205 1061 2258 1
1067 2205 1133 2259 icet
1149 2221 1207 2259 non
1222 2221 1367 2275 expresse
1384 2207 1676 2280 Elisaeumjuvenem
1687 2210 1785 2282 Sci-ip

950 2297 1014 2348 tura
1029 2293 1253 2365 significaverit,
1269 2295 1450 2350 advertimus
1462 2299 1563 2352 tantan·
1575 2301 1603 2353 et
1614 2297 1785 2372 colligimus

947 2383 1096 2453 juniorem
1113 2382 1208 2436 tuisse
1224 2382 1282 2451 (444
1288 2383 1361 2456 ffep.
1374 2400 1434 2453 xix,
1450 2384 1506 2453 44).
1524 2387 1556 2440 44
1570 2387 1686 2443 actibus
1697 2404 1784 2460 apos-

951 2472 1077 2526 tolorum
1095 2471 1246 2526 Barnabas
1262 2473 1393 2527 Marcum
1418 2475 1591 2545 assumpsit,
1609 2476 1720 2532 Paulus
1736 2477 1786 2533 Si-

950 2562 1017 2624 lam,
1035 2560 1145 2615 Paulus
1162 2561 1357 2632 Timotheum,
1383 2562 1492 2617 Paulus
1509 2564 1605 2619 Titum
1628 2566 1708 2636 (Aet.
1733 2581 1784 2639 xv,

949 2650 994 2717 39,
1011 2650 1065 2718 t03
1083 2667 1142 2717 xvi,
1158 2649 1193 2717 33
1213 2649 1308 2704 Galat.
1325 2665 1354 2719 n,
1374 2652 1409 2720 4).

987 2739 1047 2793 tot.
1061 2738 1118 2793 Sed
1134 2739 1193 2792 illis
1208 2739 1414 2809 superioribus
1423 2741 1558 2798 videmus
1569 2743 1665 2799 divisa
1674 2743 1783 2817 oftleia,

951 2833 980 2883 ut
992 2844 1127 2882 seniores
1140 2828 1266 2883 consilio
1281 2830 1486 2902 proevalerent,
1497 2832 1634 2904 Juniores
1653 2834 1786 2890 ministe-

951 2918 1005 2971 rio.
1033 2918 1209 2987 Plerumque
1234 2918 1320 2972 etiam
1343 2921 1503 2975 virtutibus
1526 2937 1624 2992 pares,
1647 2923 1785 2995 dispares

951 3007 1097 3075 aetatibuS,
1115 3007 1161 3060 sai
1178 3007 1361 3062 delectantur
1377 3011 1492 3079 copula,
1509 3011 1588 3067 sicut
1602 3012 1788 3069 delectaban-

950 3099 998 3150 tur
1014 3096 1118 3149 Petrus
1133 3098 1161 3149 et
1177 3096 1318 3151 loannes.
1336 3096 1411 3150 Nam
1422 3099 1641 3156 adolescentem
1656 3101 1786 3174 legimus
1855 3132 1858 3141 .

950 3186 981 3238 in
997 3184 1158 3256 Evangelio
1175 3184 1318 3238 ioannem
1333 3188 1362 3239 et
1376 3202 1429 3240 sua
1446 3204 1518 3243 voce
1534 3189 1601 3259 (44),
1618 3190 1687 3245 licet
1698 3191 1786 3246 merl·

952 3275 989 3328 tis
1019 3276 1047 3328 et
1072 3274 1215 3344 sapientia
1230 3273 1302 3327 nulli
1330 3274 1420 3329 tuerit
1444 3277 1596 3332 seniorum
1620 3279 1783 3351 secundus,

952 3362 1108 3418 eratenim
1137 3363 1216 3417 inco
1246 3367 1388 3418 senectus
1419 3366 1728 3423 venerabilismoram
1756 3372 1786 3424 et

951 3450 1294 3521 canap1·uaentia.vita
1321 3454 1398 3507 enim
1422 3455 1606 3512 immaculata
1630 3456 1718 3513 bonae
1733 3473 1785 3514 se·

951 3543 1077 3597 nectutis
1094 3541 1272 3611 stipendium
1289 3547 1343 3597 est.

1259 3630 1385 3686 cnrttr
1400 3633 1476 3689 xxi.

951 3721 1117 3776 Plarirnam
1136 3719 1237 3774 valere
1253 3721 1586 3791 recommendationem,
1601 3725 1630 3780 si
1637 3724 1786 3783 defendas

987 3792 1131 3858 44444444,
1150 3797 1198 3845 aut
1210 3794 1392 3863 pereprlnos
1404 3796 1561 3867 suscipias,
1580 3796 1690 3851 similia
1697 3814 1731 3852 rc
1742 3799 1785 3853 ot·

987 3864 1054 3917 tiela
1069 3863 1224 3926 exhibeas,
1250 3869 1280 3916 ct
1304 3865 1359 3919 hoc
1383 3867 1511 3921 maxime
1537 3869 1614 3922 viris
1635 3868 1782 3939 probatis.

991 3935 1048 3990 tur
1063 3935 1173 4005 injecta
1189 3935 1327 3988 ararltia²
1346 3936 1571 4008 vituperatione,
1594 3941 1783 4010 potissimum

987 4005 1185 4080 prodipatltas
1201 4006 1231 4058 in
1247 4008 1456 4063 sacerdotibus
1471 4010 1665 4080 improbatur.

989 4095 1049 4149 102.
1080 4094 1210 4165 mljuvat
1239 4093 1295 4149 hoc
1310 4112 1427 4168 quoque
1452 4098 1489 4151 ad
1511 4097 1675 4169 profectum
1698 4099 1786 4156 hona

952 4192 1191 4262 existimationis,
1214 4193 1241 4245 si
1256 4192 1292 4247 de
1310 4195 1438 4263 potentis
1454 4188 1502 4250 95
1518 4198 1655 4254 manibus
1675 4198 1784 4269 eripias

953 4280 1784 4359 inopemtgltl),demortedamnatumeraas,quantumsine

953 4426 1047 4496 scopi,
1061 4423 1159 4479 clerici
1179 4424 1226 4478 vel
1243 4425 1329 4479 etiam
1350 4427 1484 4482 monaehi
1503 4428 1681 4484 ferventiore
1697 4442 1785 4498 quam

952 4497 1141 4569 prudentiore
1157 4496 1218 4549 zelo
1234 4513 1303 4550 reos
1315 4499 1469 4568 suppliciis
1483 4501 1598 4568 cripere
1609 4499 1783 4568 niterentur,

953 4575 1001 4623 aut
1017 4567 1224 4634 seditionibus
1240 4571 1289 4621 aut
1305 4570 1409 4623 saltem
1422 4571 1568 4639 gravibus
1582 4569 1781 4640 judicumim-

953 4639 1107 4711 perialium
1118 4638 1248 4708 querelis
1263 4655 1365 4693 ansam
1382 4640 1498 4693 dabam.
1512 4641 1595 4695 Adde
1605 4642 1684 4712 quod
1698 4642 1786 4697 etiam

953 4711 1016 4767 lieri
1033 4714 1155 4780 poterat,
1170 4712 1200 4762 ut
1211 4724 1286 4778 quos
1298 4726 1350 4779 per
1362 4712 1579 4780 corruptionem
1601 4713 1658 4783 ipsi
1674 4713 1785 4769 libera·

953 4786 1066 4839 verant.
1077 4796 1130 4834 eos
1148 4795 1200 4849 per
1211 4783 1270 4833 vim
1281 4781 1316 4833 ab
1338 4782 1488 4851 episeopis
1505 4787 1606 4853 raptos
1619 4801 1781 4841 causaren-

954 4859 1010 4908 tar.
1023 4851 1165 4906 't‘ollcado
1177 4851 1267 4920 igitur
1278 4851 1346 4904 huic
1365 4853 1440 4906 malo
1451 4854 1535 4925 leges
1547 4855 1737 4912 nonnullaere
1760 4873 1787 4911 a·

954 4926 1069 4979 riantur
1084 4923 1158 4975 datae
1174 4924 1210 4974 ab
1227 4922 1454 4991 imperatoribus
1468 4941 1474 4992 ;
1491 4930 1521 4980 ut
1535 4930 1603 4996 puta
1617 4943 1634 4981 a
1650 4874 1757 4984 Tbeotl

954 4997 998 5051 sio
1011 4999 1038 5049 ct
1050 4992 1174 5048 hri-adio
1199 4993 1249 5047 lib.
1262 5009 1301 5046 xv
1312 4998 1340 5047 et
1359 5011 1419 5048 xvn
1435 4997 1472 5050 44
1484 4997 1596 5053 l’oenis
1613 4998 1707 5055 Porro
1720 5015 1786 5055 mo·

953 5084 1016 5122 rem
1033 5066 1110 5119 hunc
1127 5080 1185 5134 qno
1201 5064 1299 5118 cleriei
1326 5081 1360 5120 ac
1386 5068 1521 5122 monachi
1545 5071 1691 5140 supplicio
1714 5087 1785 5127 reos

954 5139 1027 5192 alias
1038 5137 1215 5204 eximebant,
1228 5135 1379 5206 Cujaeius,
1392 5139 1528 5195 Paratitto
1545 5142 1610 5195 cod.
1637 5141 1785 5214 chpisc.

955 5210 1116 5274 audientia,
1133 5211 1262 5260 autumat
1278 5214 1372 5263 ortum
1390 5210 1513 5265 duxisse
1530 5213 1566 5265 ab
1582 5213 1718 5284 exemplo
1733 5230 1787 5284 pa-

954 5296 1097 5354 ganorum
1114 5279 1346 5346 sacrificiorum,
1370 5280 1426 5335 hoc
1442 5285 1520 5336 onim
1535 5299 1569 5337 co
1592 5283 1662 5354 ,jure
1677 5287 1786 5354 potitos

954 5369 1024 5408 esse
1039 5351 1142 5417 Taciti,
1159 5351 1291 5404 Suetonii
1315 5356 1342 5404 et
1359 5352 1508 5407 Plutarchi
1540 5355 1694 5411 autoritate
1710 5356 1787 5410 idem

954 5428 1069 5479 astruit.
1087 5424 1229 5491 Superest
1244 5425 1339 5476 autem
1357 5424 1514 5479 etiamnum
1529 5426 1605 5494 apud
1623 5442 1678 5481 nos
1692 5427 1786 5480 vesti-

955 5497 1037 5568 gium
1053 5493 1200 5565 quoddam
1214 5495 1323 5562 priscae
1340 5490 1431 5563 hujus
1457 5497 1693 5564 consuetudinis,
1717 5496 1786 5549 dum

957 5565 1136 5636 ltothomagi
1151 5564 1280 5636 singulis
1300 5565 1397 5633 annis,
1424 5566 1500 5623 testo
1516 5568 1713 5623 decensionis
1728 5564 1786 5634 die,

956 5654 1034 5694 unus
1049 5637 1086 5695 de
1102 5637 1162 5692 reis
1177 5634 1338 5720 homicidii,
1355 5638 1513 5712 postquam
1528 5636 1654 5694 solemni
1668 5636 1725 5695 ritu
1741 5650 1788 5695 saa

956 5723 1040 5772 orum
1066 5707 1191 5772 Romani
1205 5706 1340 5786 episcopi
1364 5706 1505 5772 teretrum
1521 5706 1654 5768 numeria
1679 5707 1790 5780 subivit

1631 5839 1658 5938 i
