3900 6128
552 267 609 331 ue
631 264 740 333 noa.
763 298 803 316 -
829 264 1083 332 annumero.
1630 260 1696 359 aaa

110 480 181 539 qam
205 454 259 521 Dei
283 464 356 522 Filia
379 482 448 523 esse
474 464 592 524 desivit.
617 466 671 523 Cui
684 471 782 523 umen
805 448 835 511 Α
857 466 934 522 Sunt
951 467 1008 541 prii,
1024 466 1220 541 §Didieimus
1243 467 1432 542 cingendam
1450 468 1691 541 peanitentiamet

85 552 187 611 dicam
199 555 312 625 inritat,
325 555 447 611 dicens:
465 556 577 611 Beatus
596 557 646 629 qni
656 556 781 625 tenebit,
859 559 894 612 eo
904 556 1049 628 agendam
1071 559 1201 627 tompore
1218 573 1276 630 qao
1296 546 1390 630 culpis
1401 556 1588 615 defervescat
1600 557 1691 615 luxu·
1768 546 1778 565 ⁰

85 648 90 693 t
95 643 245 717 parrulos
255 651 320 699 tuos
331 644 369 700 ad
375 650 492 717 petram
501 644 591 716 (ibid.
602 644 642 715 9),
659 644 781 715 hocest,
859 645 922 701 ria:
939 644 1005 702 etin
1016 645 1182 716 captivitate
1193 644 1303 717 peceati
1316 646 1440 717 positos,
1459 649 1486 702 et
1506 649 1689 705 voventium

85 744 162 787 emes
190 738 219 788 et
248 733 382 788 lubricas
410 733 606 806 cogitationes
631 734 719 790 clidat
746 733 783 789 ad
861 750 928 805 nos,
945 749 1004 791 aaa
1021 740 1213 806 usurpatores
1230 750 1299 791 esse
1315 735 1433 791 dehere.
1455 735 1528 792 Nam
1553 736 1580 792 si
1595 737 1690 811 Moysi

85 836 109 889 a,
131 819 181 893 qui
197 816 302 877 omues
318 822 535 879 irrationabiles
551 825 649 877 motus
663 823 711 878 sui
726 822 783 893 (55)
861 824 985 895 propius
996 824 1137 880 accedere
1157 823 1315 896 gestiendi,
1332 828 1363 879 ut
1384 825 1582 897 cognitionem
1608 844 1690 898 mps-

87 908 117 964 ia
132 912 162 964 et
176 909 392 981 disceptatione
409 911 605 982 comminuat;
621 915 653 967 ut
667 911 784 967 siadul·
859 912 927 968 terii
941 908 1096 969 caelestius
1110 904 1251 982 hauriret,
1266 912 1391 968 dicitnr:
1409 913 1491 969 solve
1507 914 1690 971 calceamen-

85 998 131 1055 uis
145 1014 247 1054 amore
261 1002 403 1071 reptatur,
420 1000 557 1056 excludat
571 1000 681 1073 ignem,
699 1016 786 1073 capu·
862 1007 921 1057 tum
933 1001 1040 1075 pedum
1066 1009 1180 1057 tuorum
1208 1001 1315 1071 (Erod
1332 1019 1370 1067 m,
1388 1000 1434 1072 5):
1466 1006 1574 1073 quanto
1595 1004 1691 1077 magis

92 1088 273 1159 meretricis,
290 1091 319 1144 et
347 1104 381 1144 se
398 1088 496 1145 studio
527 1104 582 1145 suo
610 1089 726 1145 abdicet
754 1091 785 1144 ut
862 1106 918 1145 nos
934 1089 1040 1147 animm
1054 1092 1166 1146 nostrae
1181 1090 1272 1162 pedes
1286 1106 1396 1147 exuere
1411 1090 1538 1146 riucnlIs
1550 1106 1691 1163 corpora·

85 1170 258 1243 nacuuirat.
861 1178 952 1250 libas,
974 1182 1003 1235 et
1023 1195 1151 1254 gressus
1167 1195 1270 1236 omnes
1292 1180 1393 1235 mundi
1415 1179 1503 1236 istius
1518 1196 1576 1237 nex
1600 1181 1693 1238 debe-

85 1264 236 1323 tidici'mas
258 1281 331 1341 ergo
350 1265 411 1339 (56)
428 1267 482 1332 tlle
503 1266 625 1341 Prema,
642 1267 711 1323 dist.
729 1266 741 1322 l
759 1283 785 1324 c.
862 1283 930 1324 mus
944 1266 1125 1325 absolverer

85 1408 191 1475 laidem
219 1424 305 1481 mss„
333 1412 509 1468 tererentia
534 1416 563 1468 et
583 1411 767 1469 discretione
777 1430 787 1479 ,·
864 1410 955 1537 cuprea
971 1410 1290 1468 deierr'escatlunnria
1300 1432 1310 1478 ,·
1326 1426 1399 1467 mss.
1411 1411 1523 1484 aliquot
1534 1413 1694 1484 inreriuut,

98 1480 314 1553 discerptione.
515 1529 520 1535 .
583 1502 585 1506 ⁷
863 1499 899 1539 cu
909 1498 947 1554 pa
963 1481 1155 1541 deterrerent
1169 1482 1306 1539 luxuriae.
1318 1483 1450 1555 Denique
1465 1483 1514 1539 ubi
1530 1485 1600 1540 edit.
1615 1500 1696 1539 asin·

86 1566 133 1607 ss.
149 1556 210 1608 hon
233 1553 331 1625 pauci,
349 1569 403 1611 nec
420 1551 571 1611 interioris
591 1557 679 1624 natm,
705 1554 788 1610 Dici·
882 1562 992 1624 atores,
1007 1569 1094 1623 mss,
1110 1570 1169 1610 uno
1185 1552 1464 1625 excepto,elierunl,
1478 1556 1693 1627 usrrrpatierrs,

85 1638 122 1689 o,·
138 1638 229 1694 unus,
246 1624 396 1681 Discimns
411 1641 485 1697 erpo
494 1645 503 1687 ,·
518 1625 625 1698 reliqui
645 1627 742 1682 autem
753 1642 787 1680 ac
860 1572 1037 1698 {egendum
1052 1624 1187 1696 forsitan,
1205 1626 1440 1699 usurpantiores.

86 1709 179 1751 .cum
197 1694 277 1751 Grat.
295 1699 326 1751 ut
341 1695 372 1751 in
395 1699 488 1753 textu.
504 1698 612 1752 lterum
634 1711 705 1752 vero
721 1712 785 1768 pro,

85 1867 1680 1902 *w

323 2018 380 2103 m
428 1998 642 2102 aranos
687 2024 750 2102 nn
792 2020 926 2106 arna
969 2021 1325 2104 aanomrro.

85 2272 245 2351 {eclesiam
265 2273 516 2331 Mediolanensem
542 2276 720 2346 auxentius,
744 2275 831 2349 pulso
855 2278 959 2345 sancto
974 2274 1103 2347 praesule
1120 2276 1273 2348 Dionysio,
1298 2274 1392 2332 fretus
1418 2274 1582 2332 Constantii
1598 2275 1700 2331 Ariani

85 2362 142 2419 tris
166 2362 357 2433 adminiculo,
382 2378 436 2434 per
457 2363 518 2418 vim
533 2367 722 2436 occupasset,
745 2380 781 2419 ae
804 2379 869 2420 eam
892 2363 973 2420 omni
996 2364 1112 2420 scelere
1136 2364 1300 2421 lacerasset
1323 2363 1592 2437 deformassetque,
1617 2368 1700 2421 extra

92 2455 143 2509 est
161 2452 354 2509 Ambrosium
374 2451 463 2509 simul
491 2467 526 2508 ac
555 2451 697 2526 inhujus
730 2453 877 2510 demortui
895 2453 994 2510 locum
1022 2452 1137 2509 electus
1155 2453 1227 2524 tuit,
1262 2452 1336 2510 nihil
1364 2449 1508 2509 habuisse
1527 2453 1697 2525 antiquina,

85 2542 91 2597 t
110 2540 216 2596 ruinas
236 2539 294 2597 sub
314 2541 467 2611 tyrannica
486 2541 664 2597 brianonum
690 2542 889 2599 dominatione
908 2543 1004 2599 illatas
1032 2545 1192 2614 repararet.
1213 2542 1364 2615 aspiravit
1382 2544 1439 2599 tam
1468 2541 1525 2613 piis
1545 2542 1701 2598 conatibus

93 2628 193 2686 iarun
223 2628 358 2699 Etenim,
376 2629 447 2685 licet
475 2646 491 2684 a
511 2630 709 2709 saecularibus
737 2631 932 2704 dignitatibus
951 2632 989 2687 ad
1017 2631 1218 2703 episcopatem
1237 2634 1320 2688 esset
1344 2631 1528 2702 translatus,
1556 2631 1637 2687 illico
1655 2635 1701 2687 ta·

86 2720 149 2775 tam
168 2718 217 2774 sui
242 2717 467 2775 admirationem
497 2710 665 2790 concitavit,
685 2722 718 2775 ut
746 2735 812 2775 eum
833 2736 937 2776 omnes
966 2723 1134 2792 spectarent
1153 2719 1239 2793 quasi
1257 2720 1392 2776 veritatis
1420 2721 1596 2793 magistrum
1614 2724 1703 2793 atqua

85 2822 117 2863 ιι.

85 2898 160 2953 iulus
188 2896 347 2952 Gratianus
367 2897 479 2970 Cesar,
515 2913 582 2955 cum
605 2898 637 2954 ia
663 2898 819 2970 procinctu
837 2902 920 2955 esset
948 2901 980 2955 ut
997 2898 1029 2954 in
1056 2897 1205 2955 Orientem
1234 2898 1493 2969 proficisceretur,
1515 2897 1629 2955 linteati
1649 2911 1704 2970 pa·

85 3000 95 3042 ι
123 2988 227 3041 contra
256 2986 369 3044 Gothos
398 2986 509 3044 bellam
538 2988 655 3062 gerenti
683 2987 836 3059 suppetias
865 2975 1000 3057 laturus,
1026 2986 1064 3042 ab
1093 2987 1146 3043 illo
1175 2987 1452 3043 commentationem
1479 3003 1537 3059 qua
1565 2987 1704 3043 divinitas

85 3075 273 3131 astrueretur
291 3074 355 3143 (lib.
375 3092 396 3145 ι,
416 3074 461 3131 De
480 3075 566 3142 Fide,
586 3065 723 3148 prolog,
742 3075 795 3131 lib.
816 3092 858 3147 m,
879 3092 943 3147 cap.
964 3074 992 3147 5,
1012 3092 1093 3133 num.
1115 3076 1151 3148 1),
1182 3077 1329 3149 poposcit,
1360 3078 1392 3133 ut
1419 3076 1469 3132 illa
1495 3092 1530 3132 se
1557 3076 1705 3133 adversus

85 3178 95 3219 ι
112 3167 230 3239 pestem
249 3164 280 3218 in
298 3164 406 3220 iisdem
426 3164 590 3239 provinciis
602 3164 743 3222 atrociter
761 3169 950 3238 grassantem
969 3167 1107 3238 tanquam
1125 3168 1333 3236 praesentaneo
1351 3164 1481 3220 antidoto
1501 3165 1706 3220 communiret.

85 3251 145 3321 ius,
167 3251 283 3306 lnurlnta
310 3250 498 3325 imperatoris
527 3252 585 3308 lide
605 3252 668 3323 (lib.
689 3270 710 3322 ι,
731 3253 847 3325 prolog.
867 3269 948 3310 uum.
970 3254 1008 3325 1),
1028 3251 1188 3309 lubentiori
1207 3253 1305 3309 auimo
1325 3268 1394 3309 sess
1414 3251 1649 3311 exhortationem
1668 3253 1706 3309 ad

85 3356 163 3413 ιιιιιιι
189 3341 418 3412 disputationem
438 3342 475 3397 de
494 3342 552 3398 ilde
581 3342 762 3414 scripturum
790 3342 886 3398 tuisse
914 3342 1084 3413 protessus,
1113 3342 1181 3415 ejus
1201 3345 1298 3398 tamen
1326 3342 1467 3398 voluntati
1497 3343 1701 3413 obtemperare

85 3430 113 3501 lt,
128 3432 161 3485 at
181 3430 285 3500 paucis
301 3433 389 3503 alque
405 3445 442 3486 ex
466 3431 639 3487 auctoritate
662 3430 862 3487 conciliorum
877 3431 963 3504 (ibid.
979 3444 1060 3488 aum.
1076 3432 1116 3502 5),
1136 3431 1325 3503 potissimum
1340 3447 1411 3487 vera
1435 3431 1560 3503 Nicani,
1578 3438 1699 3487 concer-

85 3607 138 3663 =in
157 3607 235 3664 duos
254 3608 350 3666 libros
370 3608 540 3689 distributo,
567 3610 667 3667 statim
685 3625 714 3685 ‚a
733 3608 835 3666 limiae
862 3611 934 3682 quid
952 3609 1029 3666 inter
1047 3609 1223 3667 catholicam
1241 3609 1330 3665 lldem
1358 3613 1446 3682 atque
1475 3610 1614 3664 Arianam
1632 3624 1704 3681 per-

86 3698 196 3753 ulersit
215 3696 409 3770 discriminis,
429 3682 568 3771 proponit
595 3696 658 3769 (lib.
674 3696 708 3754 i':
737 3688 801 3770 oap'.
822 3696 853 3767 1,Ι
869 3697 998 3755 namsi
1015 3700 1045 3754 'et
1063 3694 1159 3770 seq.).'
1180 3694 1243 3753 lllic
1270 3698 1357 3753 etia'm
1379 3700 1492 3754 naturoe
1512 3698 1542 3753 in
1562 3698 1623 3754 Deo
1642 3699 1708 3754 uni·

85 3784 155 3842 ibid.
176 3804 256 3842 num.
277 3787 294 3843 8
312 3791 342 3844 et
360 3786 449 3861 seq.),
470 3803 587 3844 necnon
606 3790 801 3860 personarum
819 3787 979 3844 trlnitatem
997 3786 1116 3855 asserit,
1137 3786 1215 3843 unde
1240 3786 1390 3843 Christum
1409 3787 1515 3842 Filium
1536 3787 1596 3842 Deo
1625 3802 1706 3858 esse,
1753 3787 1757 3796 '

95 3875 299 3933 adorationem
320 3881 456 3950 unquam
477 3893 549 3934 vero
570 3877 631 3933 Deo
650 3877 753 3934 deberi
771 3876 878 3948 probat
904 3878 981 3949 (cap.
1011 3876 1038 3946 Ξ,
1059 3892 1139 3933 ιιιιιιι.
1160 3875 1224 3946 13);
1245 3876 1354 3948 quippe
1374 3874 1425 3948 qui
1444 3879 1473 3932 et
1492 3875 1640 3930 attributis
1660 3875 1708 3931 di-

86 3962 277 4035 ttproeditus
308 3963 392 4036 (ibid.
413 3980 494 4022 uum.
528 3965 573 4036 lt,
602 3964 658 4039 15),
679 3968 710 4021 et
738 3964 770 4021 iu
797 3963 950 4038 Scriptura
975 3968 1102 4038 quatuor
1129 3964 1292 4021 divinitatis
1323 3963 1493 4020 nominibus
1522 3964 1710 4036 significetur

87 4051 156 4109 det
176 4056 266 4126 seu).
288 4054 399 4110 Deinde
418 4069 457 4111 ex
476 4054 553 4110 isaia
572 4056 602 4110 et
620 4053 749 4110 leremia
767 4053 855 4110 docet
872 4054 949 4126 (cap.
969 4054 997 4124 ³,
1018 4053 1047 4126 1)
1067 4053 1124 4110 hoc
1142 4053 1215 4109 illud
1234 4068 1304 4110 esse
1328 4052 1404 4126 quod
1422 4054 1583 4108 communis
1603 4058 1708 4107 nalnrn

95 4140 167 4197 ltux
197 4142 340 4214 praecipui
370 4142 490 4198 Arianis
519 4143 631 4198 amoris
659 4138 807 4214 capitibus
826 4141 864 4197 ob
885 4140 989 4197 oculos
1008 4142 1126 4213 positis,
1147 4141 1285 4198 nimirum
1313 4141 1399 4212 queis
1426 4141 1520 4196 Filius
1547 4139 1708 4196 dissimilis

85 4246 108 4287 x
127 4235 260 4303 ternpore
280 4232 451 4304 caepissent
471 4238 592 4287 creatus
611 4248 679 4287 esse
697 4230 915 4303 praedicabatur
933 4231 1009 4301 (cap.
1030 4230 1077 4300 5);
1098 4234 1200 4285 contra
1219 4245 1290 4286 vero
1310 4229 1414 4301 bonus,
1443 4231 1635 4301 ornnipotene,
1662 4243 1709 4283 re·

85 4318 216 4391 iFitias,
238 4337 272 4377 ac
291 4321 454 4377 divinitate
484 4338 558 4377 uirus
577 4337 641 4376 cnm
660 4321 757 4377 Patre
782 4319 957 4394 negabatur,
977 4319 1097 4393 singula
1126 4318 1209 4374 hisce
1229 4318 1347 4374 duobus
1366 4318 1451 4374 libris
1471 4318 1603 4373 adoritur
1620 4320 1709 4389 atquo

95 4408 192 4483 Igitur
211 4409 261 4465 ubi
280 4411 458 4481 praemonuit
476 4411 554 4482 (cap.
574 4410 602 4481 6)
622 4426 661 4466 ex
680 4410 798 4465 Arianis
818 4408 957 4464 iectionis
977 4407 1115 4473 ducibus,
1136 4424 1213 4480 quos
1232 4407 1309 4462 inter
1328 4423 1361 4461 se
1381 4406 1528 4461 dissidere
1545 4422 1602 4460 uon
1624 4406 1708 4478 igno·

85 4498 186 4555 tullum
204 4499 260 4554 abs
280 4516 314 4555 se
332 4500 480 4572 privatim,
501 4500 556 4556 sed
576 4499 740 4555 universim
766 4512 870 4555 omnes
890 4497 947 4553 sub
976 4496 1184 4553 haereticoram
1210 4495 1328 4553 nomine
1347 4495 1583 4568 impugnandos3
1604 4494 1710 4550 Filium

85 4586 150 4645 hus
171 4588 250 4643 Patri
270 4589 400 4647 similem
418 4604 488 4644 esse
508 4589 584 4660 (cap.
604 4588 644 4660 1),
665 4588 783 4662 ipsique
802 4589 983 4643 cooeteraum
1002 4584 1123 4657 (capet
1141 4588 1219 4656 seq.)
1238 4584 1430 4653 demonstrat,
1451 4599 1485 4638 ac
1509 4581 1633 4653 proinde
1653 4599 1709 4639 nec

87 4674 169 4749 (cap.
189 4676 223 4731 11
243 4680 370 4750 etseq.)
399 4692 497 4750 neque
517 4678 658 4733 creatum.
688 4676 773 4733 Unde
793 4674 907 4749 colligit
934 4674 1125 4731 Nicenorum
1144 4673 1264 4728 Petrum
1293 4671 1467 4740 dellnitioai,
1495 4688 1583 4742 quam
1605 4672 1711 4727 Arimi·

85 4762 159 4823 tium
174 4781 292 4841 quoque
315 4767 410 4838 prima
425 4768 454 4822 et
478 4766 563 4821 tertia
579 4752 734 4841 confessio
756 4765 903 4836 probarit,
930 4761 1182 4820 subscribendam
1206 4760 1284 4832 (cap.
1301 4760 1345 4829 18,
1363 4758 1418 4832 19).
1445 4761 1600 4817 Postremo
1617 4761 1711 4818 Deum

85 4856 171 4912 catur
184 4854 261 4926 (cap.
277 4854 322 4925 11),
340 4869 420 4909 num.
438 4852 511 4925 lte),
529 4857 560 4910 ut
575 4853 738 4911 lectoribus
754 4853 819 4909 suis
834 4857 864 4909 et
878 4852 1006 4908 maxima
1020 4849 1191 4922 imperatori
1203 4846 1280 4905 hane
1295 4852 1422 4904 mentem
1438 4848 1561 4922 injiciat,
1592 4867 1649 4923 qua
1665 4866 1713 4906 sa·

85 4942 351 5015 idcpoeit0(1bid.
367 4959 449 4999 num.
467 4942 530 5015 136)
546 4942 706 5016 praeierant
720 4942 804 4998 nihil.

85 5028 169 5103 ihre,
183 5035 341 5105 postquam
359 5032 515 5090 duodecim
530 5032 632 5088 titulos
648 5031 757 5106 quibus
772 5029 825 5086 Dei
840 5029 946 5086 Filium
962 5028 1100 5102 designat
1113 5026 1274 5100 Scriptura,
1291 5027 1430 5098 exposuit
1445 5026 1506 5091 (lib.
1522 5043 1554 5099 ιι,
1571 5027 1712 5101 prolog),

85 5136 106 5179 ιι
116 5120 248 5179 Arianos
262 5138 393 5195 pugnam
408 5122 608 5194 prosequitur.
635 5120 729 5178 Docet
743 5120 819 5193 (cap.
836 5119 850 5174 1
873 5116 993 5190 etseq.)
1008 5119 1117 5190 quauta
1131 5115 1172 5172 eit
1194 5115 1224 5172 in
1240 5114 1376 5189 neganda
1393 5115 1488 5188 ipsius
1510 5115 1640 5173 bonitate
1656 5119 1713 5173 im-

90 5208 202 5269 Postea
220 5210 357 5266 eumdem
378 5200 621 5283 omnipotentem,
645 5214 674 5266 et
702 5206 770 5266 licet
789 5225 806 5264 a
824 5209 911 5264 Patre
939 5221 1027 5279 quem
1057 5204 1200 5278 majorem
1219 5204 1346 5272 dicebat,
1375 5207 1513 5278 missum,
1534 5207 1621 5279 cique
1640 5207 1714 5262 sub·

85 5294 172 5375 plne
191 5302 290 5355 tamea
309 5298 436 5356 liberum
457 5299 553 5356 luisse
573 5299 680 5373 probat
708 5299 823 5370 (cept
853 5300 882 5354 at
901 5296 989 5369 seq.).
1011 5294 1066 5352 llis
1095 5295 1175 5351 addit
1194 5293 1414 5350 infirmitatibus
1443 5294 1501 5350 illis
1520 5309 1555 5350 ee
1584 5293 1714 5350 miseriis

85 5386 172 5445 aar·
190 5403 246 5443 sna
266 5386 449 5460 benignitate
469 5388 566 5444 rictus
587 5388 720 5444 subierat
740 5389 815 5459 (cap.
836 5386 875 5457 1),
895 5387 980 5459 ipsos
999 5384 1107 5440 adduci
1134 5383 1303 5456 oportuisse
1322 5383 1359 5438 ad
1386 5384 1524 5439 saniora:
1546 5384 1594 5439 sin
1614 5381 1713 5437 minus

85 5474 181 5537 mem
198 5476 362 5533 timendum
381 5492 452 5533 esse
471 5479 558 5550 quasi
575 5476 720 5551 judicem,
742 5476 831 5549 cujus
849 5476 998 5533 scatentia
1017 5477 1127 5530 tantum
1147 5473 1365 5546 desperationis
1386 5470 1536 5529 haereticis
1555 5472 1714 5524 incussura

85 5568 183 5623 mum
203 5565 322 5620 tidaciee
341 5566 498 5622 catholicis
517 5565 594 5637 (cap.
617 5563 648 5621 11
669 5569 699 5622 et
717 5567 806 5637 aaa).
827 5563 889 5621 Sub
909 5563 985 5635 haec,
1005 5563 1138 5620 oratione
1158 5561 1195 5617 ad
1214 5560 1387 5618 Gmtlanum
1403 5572 1548 5615 conversa
1568 5558 1643 5629 (cap.
1656 5553 1713 5626 15),

85 5668 132 5713 ras
146 5668 164 5709 ι
178 5669 215 5711 aa
228 5653 361 5710 breviter
374 5658 463 5728 atque
477 5655 609 5726 impolite
625 5656 815 5726 conscriptas
830 5652 901 5711 dicit
913 5669 921 5724 ;
937 5651 1002 5710 iore
1015 5653 1114 5710 mmen
1128 5652 1160 5708 ut
1176 5650 1208 5708 1ιί
1222 5648 1375 5711 sutdciaut
1388 5648 1425 5705 lis
1441 5646 1579 5702 omnibus
1596 5640 1646 5718 qul
1662 5657 1716 5703 ve·

85 5740 185 5801 lacem
199 5742 385 5817 indagarent.
402 5744 536 5821 Deniqne
553 5747 664 5804 certem
679 5745 818 5819 Augusto
833 5742 976 5819 promittit
986 5741 1153 5814 victoriam,
1172 5741 1261 5821 cique
1275 5737 1408 5801 debitum
1422 5733 1520 5811 ipsias
1534 5733 1601 5795 ildei
1615 5731 1720 5799 trium·

97 5830 164 5895 lter
175 5832 251 5913 peta
265 5832 341 5915 (cap.
358 5832 415 5909 te).
