3900 6128
107 311 185 376 1455

808 301 840 367 S.
864 300 1109 367 AMBROSSD.

1734 299 1818 367 1ss

107 508 193 580 seq).
212 530 223 554 a
248 505 439 561 Confirmavit
460 504 559 577 itaque
581 503 753 559 charitatem
777 505 852 560 trina
874 487 986 560 res-A
1038 504 1082 559 ιιι.
1099 503 1192 559 Audis
1208 503 1378 560 dicentem:
1407 503 1703 559 «Circumdederunt
1724 517 1773 557 ane
1789 502 1839 558 do-

106 595 223 668 ponsio,
240 595 286 649 vel
304 593 432 649 abolevit
454 594 540 648 trinae
563 593 730 665 negationis
746 608 889 649 errorem.
907 593 942 648 Et

106 682 156 739 bic
185 682 291 738 trinam
319 681 547 753 responsionem
575 681 602 736 si
630 682 803 754 quaerimus,
828 681 942 737 inveni·

108 787 175 828 mus
193 787 199 827 :
219 795 230 819 a
249 771 353 837 Dilexi,
372 771 511 842 quoniam
527 771 665 826 exaudiet
679 770 822 826 Dominus
838 786 943 826 vocem

108 860 251 916 orationis
273 876 347 915 meae
371 859 466 930 (Psal.
492 876 572 929 cxiv,
596 860 664 929 1).»
691 859 788 914 Dilcxi
802 860 943 931 quoniam

108 948 262 1005 inclinavit
283 964 384 1003 aurem
408 964 493 1003 suam
515 948 601 1020 mihi,
628 951 659 1004 ιιι
683 949 712 1002 in
738 948 843 1003 diebus
867 947 943 1002 meis

109 1039 279 1093 invocarem
295 1053 372 1092 eum.
390 1036 496 1108 Dilexi,
512 1037 580 1108 quia
596 1036 817 1092 tribulationem
837 1039 866 1091 et
888 1036 943 1092 do-

110 1127 204 1182 lorem
221 1126 329 1194 inveni,
348 1131 377 1181 et
390 1142 444 1197 pro
459 1126 577 1181 nomine
603 1125 656 1181 Dei
680 1125 737 1180 mei
757 1124 888 1195 pericula
903 1125 944 1179 in·

109 1214 186 1272 ierni
201 1230 260 1271 non
274 1215 385 1287 refugi,
401 1215 454 1270 sed
466 1213 638 1286 exspectavi
649 1217 680 1270 at
691 1213 943 1286 comprehendere

111 1307 140 1360 et
154 1304 286 1360 invenire
302 1319 347 1358 me
362 1305 496 1374 possent.
705 1300 708 1305 “

146 1393 191 1448 20.
207 1392 243 1447 Et
257 1392 380 1463 pulchre
397 1393 437 1447 ait
453 1408 459 1447 :
476 1391 589 1464 Dilexi,
606 1390 750 1464 quiajam
765 1406 887 1446 cursum
901 1391 944 1444 vi-

111 1487 149 1538 tae
174 1481 265 1554 huius
289 1482 472 1554 impleverat.
489 1481 574 1537 Unda
596 1484 625 1536 et
649 1480 812 1553 Apostolus
834 1479 864 1534 in
877 1494 945 1550 pas·

112 1571 269 1642 sionejam
284 1571 400 1642 positus
417 1572 456 1625 ait
474 1586 479 1626 :
502 1591 513 1621 ι
528 1569 684 1626 Certamen
698 1569 810 1626 bonum
823 1569 944 1636 certavi,

112 1676 234 1716 cursum
259 1660 482 1728 consummavi,
505 1659 594 1714 fldem
617 1660 757 1725 servavi,
780 1657 859 1730 quod
882 1658 947 1712 reli·

112 1764 204 1822 quum
214 1751 271 1819 cst,
280 1748 412 1818 reposita
421 1749 468 1802 est
477 1746 549 1801 mibi
560 1747 802 1818 coronajustitiae
817 1746 859 1817 (11
872 1745 945 1801 Tim.

1003 594 1084 648 iores
1107 593 1212 648 mortis
1237 592 1331 663 (Psal.
1357 610 1436 666 cxiv,
1461 593 1544 661 etr·
1572 591 1639 665 Ego
1653 595 1754 647 tamen
1770 596 1799 646 et
1813 592 1840 648 iu

1001 683 1105 737 mortis
1121 682 1221 737 dolore
1236 682 1393 737 Dominum
1408 682 1509 737 dilexi.
1527 705 1538 730 ι
1564 681 1705 738 Pericula
1735 681 1839 736 inlerni

1002 771 1177 827 invenerant
1191 786 1238 827 me
1254 771 1367 842 (ibid),
1385 791 1397 821 ι
1415 788 1473 828 non
1487 772 1641 827 timentem
1656 772 1773 842 utique,
1788 771 1839 825 sed

1002 863 1157 930 amantem,
1182 860 1237 915 sed
1262 864 1441 932 sperantem,
1464 861 1542 932 quod
1559 860 1650 916 nullas
1666 875 1716 915 ma
1733 875 1840 932 angus·

1002 949 1061 1018 tiae,
1086 948 1166 1004 nulla
1187 949 1366 1020 persecutio,
1392 950 1473 1005 nulla
1495 950 1639 1021 pericula,
1656 947 1763 1005 nullus
1778 948 1840 1020 gla-

1003 1038 1070 1093 dius
1084 1041 1230 1109 separata
1245 1037 1373 1096 Christo.
1393 1039 1526 1111 Denique
1541 1038 1649 1096 volens
1664 1038 1783 1094 invenit
1796 1038 1843 1092 tri·
1872 1036 1875 1042 “

1003 1127 1184 1183 bulationem
1199 1131 1228 1183 et
1242 1126 1385 1198 dolorem,
1401 1128 1503 1184 sciens
1517 1128 1586 1200 quia
1601 1127 1773 1199 tribulatio,
1797 1142 1842 1198 pa-

1003 1215 1135 1272 tientiam
1163 1219 1322 1287 operatur,
1350 1216 1491 1288 patientia
1517 1217 1747 1288 probationem,
1775 1232 1842 1288 pro·

1003 1305 1082 1360 batic
1098 1320 1193 1376 spem.
1210 1305 1325 1363 Etenim
1339 1305 1426 1378 quasi
1449 1306 1548 1362 bonus
1571 1305 1684 1362 athleta
1703 1305 1842 1377 quaesivit

1005 1394 1175 1465 certamina,
1191 1398 1222 1450 ut
1238 1409 1378 1451 coronam
1388 1395 1558 1466 invenirat3
1573 1409 1664 1468 ((ιιιιιι
1673 1397 1842 1450 tamennon

1006 1483 1070 1538 suis
1086 1483 1212 1554 viribus,
1238 1483 1292 1539 sed
1315 1484 1432 1540 Domini
1455 1485 1565 1540 auxdio
1588 1485 1673 1540 novit
1700 1484 1759 1539 sibi
1775 1498 1842 1540 essa

1006 1572 1153 1629 donatam.
1165 1570 1232 1628 Non
1242 1574 1320 1629 enim
1328 1574 1480 1646 potuisset
1489 1575 1619 1646 vincere,
1637 1575 1700 1630 nisi
1716 1589 1784 1629 eum
1795 1574 1842 1645 qui

1006 1665 1155 1717 certantes
1170 1661 1218 1734 adj
1224 1664 1303 1733 uvat,
1319 1662 1500 1719 invocasset

1041 1749 1085 1806 et.
1112 1751 1204 1806 Miser
1226 1750 1316 1807 bomo
1338 1752 1540 1824 congreditur,
1561 1755 1594 1808 ιιι
1608 1753 1720 1825 vincat,
1737 1756 1768 1808 et
1781 1752 1843 1824 ipsc

111 1854 153 1909 iv,
169 1835 195 1904 7,
212 1836 250 1907 8).
269 1858 280 1886 ι
299 1837 425 1908 Magnus
441 1837 595 1907 DominuS,
612 1837 664 1909 qui
682 1837 770 1892 nobis
785 1836 865 1891 dedit
879 1851 946 1892 cer·
963 1848 989 1910 Β
1007 1841 1037 1895 in
1060 1838 1225 1911 periculum
1250 1840 1318 1912 ruit,
1345 1841 1404 1896 nisi
1428 1841 1545 1897 Domini
1567 1857 1680 1899 nomen
1704 1841 1842 1910 adfuerit,

113 1926 238 1998 umine,
263 1925 372 1999 quibus
394 1931 552 1996 mereatur,
576 1925 626 1998 qni
650 1925 771 1993 vicerit,
799 1925 945 1981 coronari.

115 2038 127 2068 ι
144 2015 248 2084 Dilexi,
268 2015 366 2080 1204
382 2015 476 2087 inquit
487 2015 651 2085 conlidens,
664 2014 803 2086 quoniam
811 2015 948 2070 exaudiet

113 2105 257 2162 Dominus
271 2119 375 2160 vocem
391 2104 534 2159 orationis
549 2119 633 2159 meae.
652 2127 663 2151 v

51 2222 55 2232 ·
148 2196 193 2250 tl.
213 2194 319 2265 Dilexi,
336 2196 365 2249 ct
379 2194 445 2249 ideo
461 2194 611 2249 inclinavit
631 2209 732 2248 aurem
755 2209 840 2250 suam
863 2192 946 2264 mibi,

114 2287 145 2338 ut
157 2284 307 2356 jacentem
323 2284 461 2356 erigeret,
484 2287 633 2338 mortuum
658 2283 860 2339 resuscitaret.
881 2283 947 2337 Non

114 2374 193 2429 enim
208 2374 288 2429 Deus
303 2373 424 2428 inclinat
438 2387 540 2428 aurem
555 2387 659 2440 suam,
676 2375 707 2427 ut
722 2372 821 2427 audiat
839 2386 947 2442 corpo·

114 2462 239 2518 rabter:
265 2462 320 2518 sed
343 2464 373 2517 ut
396 2461 615 2518 condescendat
629 2462 726 2528 nobis,
749 2478 807 2534 quo
823 2477 879 2518 nos
895 2477 949 2516 au-

113 2552 176 2608 dire
190 2553 340 2625 dignetur,
356 2555 385 2607 et
400 2552 577 2607 infirmitatis
600 2551 656 2622 (ιι)
681 2555 793 2607 nostrae
814 2552 948 2607 relevare

114 2643 319 2698 substantiam.
337 2641 460 2697 Inclinat
475 2657 508 2697 se
523 2641 620 2711 nobis,
644 2644 675 2695 ut
699 2645 800 2697 nostra
821 2640 857 2695 ad
880 2655 949 2696 eum

76 2734 79 2740 ’
114 2732 256 2787 ascendat
270 2731 373 2786 oratio.
384 2730 464 2785 Voce
486 2746 546 2786 non
570 2730 691 2802 indiget,
710 2731 760 2801 qui
775 2731 948 2785 misericor·

115 2821 193 2876 diam
208 2820 320 2875 desert:
336 2820 524 2891 nequeenim
539 2835 613 2875 voce
624 2819 760 2891 indignit,
777 2820 827 2892 qui
843 2818 948 2874 ltlosen

1006 1929 1065 1984 nisi
1090 1944 1157 1985 cum
1183 1931 1313 2000 veretur,
1339 1931 1469 1986 oraverit
1492 1930 1597 1988 dicens
1614 1948 1620 1986 :
1639 1954 1651 1978 ι
1669 1931 1694 1987 0
1711 1931 1842 2002 Βοιιιίιιο,

1005 2018 1100 2074 libem
1114 2018 1241 2074 animam
1256 2034 1352 2075 meam
1368 2018 1456 2083 (Ibid.
1473 2020 1511 2090 ι).
1530 2043 1541 2070 a
1564 2020 1641 2076 Hinc
1657 2019 1732 2076 illud
1747 2021 1842 2092 Apes·

1005 2108 1125 2164 tolicum
1143 2124 1149 2162 ε
1170 2131 1181 2155 a
1200 2106 1293 2163 Video
1309 2108 1406 2180 legem
1422 2109 1520 2164 carnis
1536 2124 1611 2165 maoe
1626 2113 1844 2183 repugnantem

1006 2197 1066 2270 legi
1081 2196 1189 2252 mentis
1205 2213 1290 2267 meas,
1306 2201 1334 2252 et
1350 2197 1545 2268 captivantem
1560 2214 1608 2254 me
1619 2198 1759 2271 inlegem
1775 2214 1842 2271 peo-

1007 2287 1075 2354 oati,
1092 2286 1171 2358 quod
1185 2289 1233 2341 est
1246 2286 1276 2342 in
1291 2287 1433 2342 membris
1448 2287 1535 2342 meis.
1551 2287 1660 2343 Infelix
1671 2303 1730 2361 ego
1739 2286 1842 2343 bonel

1007 2376 1075 2449 quis
1090 2391 1137 2430 me
1151 2375 1290 2431 liberabit
1305 2376 1341 2431 de
1356 2391 1482 2447 corpore
1496 2378 1601 2432 mortis
1613 2377 1734 2449 liujus?
1748 2377 1843 2434 Gratia

1007 2464 1062 2519 Dei
1075 2479 1128 2534 per
1142 2464 1247 2520 lesum
1263 2464 1415 2520 Christum
1430 2465 1588 2521 Dominum
1599 2471 1741 2522 nostrum
1751 2467 1842 2536 (Dora.

1007 2570 1057 2621 vn,
1075 2553 1177 2625 2325).
1196 2578 1207 2603 a

1042 2640 1087 2698 95.
1112 2643 1163 2698 lllc
1187 2643 1289 2712 vincit,
1308 2643 1360 2716 qui
1374 2644 1500 2716 gratiam
1514 2644 1569 2701 Dei
1583 2649 1689 2716 sperat
1702 2645 1775 2717 (29),
1790 2659 1845 2701 noa

1007 2733 1059 2805 qui
1074 2733 1110 2788 de
1126 2749 1179 2789 sua
1195 2733 1304 2789 virtute
1317 2735 1481 2804 praesumit.
1493 2733 1552 2790 Dur
1562 2736 1642 2791 enim
1658 2751 1720 2791 non
1735 2751 1846 2807 praesu·

1007 2837 1071 2876 mas
1097 2822 1234 2895 gratiam,
1261 2837 1328 2878 cum
1350 2822 1461 2878 babeas
1485 2823 1649 2894 praesidem
1673 2823 1845 2881 certaminis

114 2912 260 2964 tacentem
276 2908 406 2976 audivit,
423 2913 452 2963 et
466 2925 524 2964 uon
539 2909 717 2980 loquentem,
735 2909 789 2964 sed
805 2908 948 2979 interpal·
964 2936 989 2999 c
1007 2911 1232 2967 misericordem
1254 2911 1334 2982 (30);
1362 2933 1373 2958 a
1392 2912 1566 2969 Misericors
1587 2913 1671 2968 enim
1692 2917 1724 2969 at
1745 2913 1846 2985 justae

115 2997 223 3054 lautam
237 2998 398 3071 gemitibus
412 2997 609 3053 ineffabilibus
627 2997 662 3052 ad
678 3013 711 3052 se
727 2998 855 3053 clamare
870 2997 949 3053 dice·
1007 3000 1162 3071 Dominus,
1186 3005 1215 3056 et
1240 3001 1320 3055 Deus
1341 3003 1444 3056 noster
1468 3002 1630 3058 miseretur
1650 3001 1752 3072 (Paul.
1769 3019 1845 3072 cxiv,

115 3089 165 3143 bat
178 3088 286 3158 (Exod.
304 3104 364 3159 xiv,
382 3089 436 3158 15).
454 3088 543 3142 Novit
558 3089 638 3142 Deus
654 3091 682 3143 et
702 3088 880 3161 sanguinem
894 3102 949 3142 au·
1007 3090 1045 3159 5).
1064 3114 1075 3138 a
1103 3090 1154 3145 Bis
1179 3089 1414 3145 misericordiam
1437 3092 1548 3162 posuit,
1572 3091 1669 3147 semel
1681 3091 1845 3163 justitiam

115 3178 178 3233 dire
194 3178 281 3250 (Gen.
297 3194 337 3250 iv,
355 3178 410 3250 10),
427 3178 474 3233 cui
490 3178 570 3233 nulla
581 3194 641 3233 vox
651 3179 766 3249 subest,
777 3178 878 3250 lingua
889 3193 950 3232 uon
1008 3180 1037 3234 in
1053 3179 1150 3235 medio
1163 3179 1280 3251 justitia
1295 3183 1351 3251 cst,
1375 3181 1472 3245 1205
1489 3181 1607 3253 gemino
1626 3185 1716 3253 septo
1732 3181 1844 3236 inclusa

115 3269 269 3340 suppetit:
287 3268 471 3338 sedaccepit
493 3283 597 3323 vocem
621 3283 716 3323 sacrae
730 3267 814 3322 titulo
829 3267 948 3339 passio·
1007 3268 1245 3338 misericordiae3
1269 3268 1513 3340 superabundant
1534 3270 1613 3325 enim
1638 3275 1776 3340 peccata,
1797 3285 1844 3324 su·

114 3358 173 3414 nis.
189 3357 334 3413 Clamavit
348 3358 378 3413 iu
392 3357 542 3429 martyrio,
564 3357 700 3412 clamavit
723 3357 754 3411 in
777 3356 948 3428 parricidio,
1006 3359 1191 3431 perabundet
1205 3373 1279 3431 crgo
1290 3358 1506 3414 misericordia.
1517 3359 1603 3430 Apud
1615 3359 1780 3415 Dominum
1789 3375 1844 3414 orn·

116 3447 195 3520 quod
209 3447 330 3519 pertulit
343 3462 397 3518 pro
413 3447 572 3503 sacrificio.
1007 3448 1088 3503 nium
1103 3448 1243 3503 virtutum
1257 3447 1436 3503 abundantia
1453 3450 1519 3518 est,
1535 3447 1605 3520 quia
1621 3449 1774 3505 Dominus
1788 3451 1844 3503 vir·

40 3538 51 3559 ”
150 3537 195 3592 22.
213 3537 325 3609 Dilexi,
341 3537 445 3609 inquit,
461 3538 489 3592 et
504 3536 569 3592 ideo
585 3536 715 3609 diligens
735 3535 793 3591 leci
816 3535 949 3592 volunta·
1007 3539 1101 3593 tutum
1123 3540 1169 3592 est
1193 3535 1288 3606 (Psal.
1314 3554 1397 3608 xxnr,
1421 3537 1475 3606 10).
1498 3536 1603 3609 Neque
1618 3541 1721 3594 tamen
1734 3538 1843 3610 justitia

115 3630 174 3682 tem
188 3627 315 3697 Domini,
341 3632 369 3681 et
394 3627 531 3680 invocavi
549 3642 616 3682 eam
639 3642 697 3681 non
717 3627 748 3680 in
764 3625 877 3697 paucis,
894 3625 950 3681 sed
1008 3626 1072 3682 sine
1087 3625 1291 3682 misericordia
1306 3629 1362 3698 cst,
1379 3641 1475 3698 nequa
1491 3628 1558 3682 sine
1571 3627 1771 3684 miseratione
1784 3627 1844 3699 jus·

115 3717 146 3771 in
161 3718 300 3772 omnibus
315 3716 421 3772 (liebus
437 3716 506 3772 vitre
517 3732 604 3772 meaa.
630 3716 705 3771 Nam
728 3715 819 3772 certia
841 3715 948 3770 diebus
1006 3716 1089 3787 titia3
1105 3716 1173 3788 qnia
1189 3715 1417 3785 scriptumest:
1441 3738 1453 3763 a
1470 3716 1539 3771 Noli
1554 3732 1629 3772 esse
1645 3717 1773 3773 nimium
1784 3716 1843 3788 jus·

115 3806 265 3877 invocare,
281 3822 341 3861 non
356 3807 505 3877 omnibus,
522 3806 700 3862 fastidientis
724 3810 780 3878 eat,
807 3821 867 3861 non
882 3820 949 3875 spe·
1008 3809 1056 3862 tus
1077 3804 1191 3874 (Ei-cle.
1216 3821 1266 3875 vn,
1294 3803 1380 3873 17).»
1400 3804 1483 3870 Quod
1504 3820 1596 3876 supra
1611 3821 1789 3863 mensuram
1802 3808 1844 3861 eat

118 3895 212 3949 rantis
230 3912 236 3950 :
253 3900 282 3949 at
298 3911 351 3964 pro
366 3912 422 3951 usu
434 3895 616 3950 alllaantium
628 3896 860 3966 commodorum,
877 3910 950 3949 mer·
1008 3894 1076 3966 (31),
1092 3898 1120 3951 et
1135 3893 1287 3950 sibonum
1302 3897 1358 3964 est,
1374 3895 1473 3948 tamen
1489 3897 1521 3949 tu
1535 3909 1595 3949 non
1605 3895 1758 3952 sustines.
1770 3895 1842 3951 bles·

118 3984 221 4038 cedem
244 3985 407 4056 gratiarnm
427 3984 549 4051 referre,
575 4001 634 4039 non
656 4001 709 4054 pro
725 3983 892 4040 devotionis
907 3983 950 4038 al·
965 3958 992 4021 D
1009 3999 1110 4040 suram
1124 3999 1223 4053 serva,
1235 3985 1267 4036 ut
1281 3982 1447 4038 secundum
1461 3997 1636 4038 mensuram
1651 3985 1796 4056 recipias.

116 4073 207 4128 loclu.
237 4072 273 4129 Et
301 4075 367 4129 ideo
398 4074 507 4130 Paulus
532 4091 537 4129 :
566 4097 576 4122 a
603 4074 636 4128 ln
665 4074 813 4145 omnibus,
842 4076 949 4147 inquit,

118 4165 229 4240 gratias
257 4166 336 4237 agite
365 4164 391 4236 (1
419 4164 521 4219 l'lress.
551 4180 579 4228 v,
611 4163 695 4233 18).»
721 4163 844 4229 Quando
872 4163 950 4218 enim

118 4271 176 4312 non
205 4255 298 4311 babes
323 4255 401 4327 quod
424 4256 484 4309 Dco
506 4253 641 4310 debeas?
666 4258 716 4309 aut
740 4252 859 4326 qnando
884 4254 950 4308 sine

118 4347 172 4402 Dei
195 4360 318 4402 munera
342 4360 376 4400 as
398 4342 481 4416 (⁶28),
508 4344 555 4399 cui
577 4343 707 4416 quotidie
730 4343 851 4399 vivendi
873 4359 950 4398 usus

118 4454 135 4492 n
151 4431 274 4493 Domino
289 4437 357 4491 est?
374 4458 385 4482 a
403 4433 478 4500 Quid
494 4434 573 4490 enim
589 4433 702 4502 habes,
726 4434 805 4505 quod
829 4449 888 4490 ιιοιι
902 4449 950 4488 ac·

119 4528 225 4599 cepisti
247 4526 275 4597 (1
289 4526 357 4583 Cor.
373 4542 413 4594 av,
430 4524 510 4594 Ἶ)ι»
538 4523 619 4596 Ergo
641 4523 710 4594 quia
731 4537 850 4593 semper
874 4523 950 4578 acci·

118 4618 176 4688 pis,
200 4631 319 4687 semper
341 4616 447 4670 invoca
467 4630 472 4669 :
496 4616 525 4668 et
546 4614 614 4685 quia
637 4611 716 4685 quod
738 4611 840 4679 habes,
862 4612 951 4667 aDo·

119 4707 199 4762 mino
222 4710 287 4776 est,
313 4705 477 4761 debitorem
500 4707 528 4757 tc
552 4717 671 4773 semper
693 4716 763 4756 esse
787 4715 948 4773 cognosco.

121 4796 198 4851 Malo
213 4800 310 4850 tamen
325 4800 356 4848 nt
371 4793 457 4866 quasi
473 4792 611 4864 diligens,
628 4807 716 4864 quam
732 4796 853 4848 coactus
870 4790 951 4846 dabi-

119 4883 407 4942 tumtuumsolvas.
510 4892 514 4899 “

157 5037 214 5110 (at)
231 5035 304 5088 llss.
321 5046 379 5085 non
394 5028 489 5100 pauci,
509 5051 520 5075 a
534 5031 561 5081 ct
575 5026 778 5108 inlirmitates3
793 5048 803 5073 a
821 5024 950 5096 quidam,

122 5134 135 5165 a
153 5117 182 5167 et
196 5105 393 5163 infirmitatem
408 5105 517 5153 nostrae
535 5101 632 5154 levare
648 5101 812 5151 sententiae.
832 5120 843 5145 a

157 5182 214 5253 (ιθ)
232 5203 242 5227 a
254 5180 311 5231 Aut
327 5173 443 5253 quando
461 5173 525 5225 sine
541 5171 593 5224 Dei
608 5184 730 5223 munere
746 5184 789 5237 as,
805 5192 815 5216 a
831 5169 950 5251 inmas.

120 5259 210 5337 longe
226 5247 361 5329 plurimis
376 5243 561 5298 <insideretur
577 5257 583 5296 ε
600 5242 654 5295 scd
670 5245 773 5295 contra
791 5243 952 5294 exstantia

122 5320 393 5471 oqqffqueoqqffl
414 5402 505 5455 mss„
536 5404 547 5434 ι
568 5384 622 5448 Qut
642 5383 678 5438 ae
698 5382 866 5455 gratiana
886 5395 953 5453 spe·

124 5476 214 5614 mitti
231 5538 271 5592 lta
286 5537 344 5590 vet.
362 5533 430 5588 edit.
447 5545 482 5584 ac
498 5543 582 5593 mss,
599 5526 657 5581 nisi
673 5525 752 5596 quod
766 5539 819 5595 pro
834 5524 953 5581 miseri·

123 5612 270 5676 cordiam,
297 5622 364 5679 quae
385 5619 444 5658 vox
468 5601 593 5655 babetur
614 5598 644 5651 in
669 5597 738 5652 edit.
763 5597 900 5679 omnibus
924 5598 954 5652 ct

122 5683 226 5759 paucis
241 5694 316 5735 mss.
333 5691 367 5732 rc
407 5673 524 5729 suimus
540 5687 578 5727 ex
599 5668 691 5725 multo
714 5666 849 5738 pluribus
864 5669 953 5724 mise·

122 5753 284 5821 ricardcm.
309 5751 347 5807 tlt
379 5761 466 5805 ocum
491 5747 576 5805 Rom.
602 5741 671 5801 edit.
696 5740 882 5819 interpolavit
905 5740 953 5802 his

1044 4073 1088 4128 ιδ.
1107 4072 1174 4128 Νοιι
1189 4071 1341 4143 impedivit
1354 4070 1607 4142 tamenjustitiam
1618 4073 1843 4141 misericordia3

1009 4163 1076 4234 quia
1091 4160 1297 4217 misericordia
1310 4161 1375 4230 ipsa
1387 4159 1504 4231 institia
1514 4164 1579 4216 est:
1600 4183 1611 4211 ι
1625 4161 1791 4234 Dispersit,
1801 4162 1841 4218 dc

1009 4252 1051 4307 dit
1074 4251 1267 4322 pauperibus,
1290 4249 1407 4321 justitia
1430 4249 1498 4321 eius
1523 4253 1623 4306 manet
1646 4252 1678 4305 in
1704 4257 1840 4308 aeternnm

1009 4340 1103 4411 (Psal.
1120 4356 1179 4410 cxi,
1194 4339 1242 4410 9);
1260 4360 1272 4390 a
1295 4338 1377 4394 novit
1400 4339 1479 4395 enim
1498 4337 1604 4410 justus
1627 4339 1746 4398 debera
1759 4356 1792 4398 ac
1805 4341 1842 4397 in·

1009 4429 1103 4486 firmis
1118 4432 1205 4502 atqua
1230 4428 1369 4499 inopibus
1392 4427 1564 4484 subvenire.
1586 4426 1840 4487 undenarium

1009 4520 1134 4576 veniens
1148 4518 1185 4573 ad
1200 4518 1389 4589 baptismum,
1401 4520 1434 4572 ut
1442 4516 1529 4573 nobis
1541 4515 1770 4576 infirmantibus
1779 4533 1839 4589 pec-

1010 4613 1074 4665 cata
1082 4610 1214 4665 donaret.
1226 4606 1312 4663 cited
1323 4607 1466 4662 loannem
1479 4621 1485 4661 :
1499 4605 1590 4662 «sine
1599 4607 1709 4679 m0d03
1719 4608 1838 4664 sicenin

1009 4700 1096 4755 docet
1111 4712 1167 4752 nos
1184 4696 1305 4767 implere
1328 4695 1400 4768 (ιιι)
1421 4711 1539 4751 ornnem
1555 4694 1710 4768 justitiam
1729 4695 1837 4767 (Metti.

1010 4806 1051 4860 ιιι,
1078 4788 1133 4857 15).
1159 4811 1170 4837 a
1197 4786 1303 4857 Liquet
1322 4783 1571 4858 igiturJ'ustitiam
1586 4800 1659 4840 esse
1674 4786 1837 4843 misericer-

1010 4880 1099 4950 diam,
1116 4881 1144 4932 et
1158 4874 1394 4931 misericordiam
1417 4888 1487 4929 esse
1507 4873 1670 4945 justitiam.
1691 4874 1801 4930 Etenim
1814 4870 1836 4925 ci

1010 5019 1198 5092 interjectis:
1225 5018 1402 5088 «Scriptum
1424 5021 1471 5072 est
1491 5019 1595 5073 enim:
1620 5017 1710 5073 Nunc
1729 5012 1833 5073 miscri-

1012 5093 1113 5149 cordia
1142 5091 1341 5162 superexaltat
1366 5089 1521 5161 judicium.
1554 5088 1590 5144 ut
1619 5089 1692 5144 alibi
1721 5105 1727 5144 :
1756 5087 1831 5142 illac

1011 5165 1118 5219 ricors.
1146 5186 1156 5210 a
1188 5162 1246 5216 Sed
1275 5162 1406 5216 editores
1434 5161 1483 5215 laic
1511 5161 1699 5216 intrandam
1720 5157 1828 5221 induxit,

1011 5235 1090 5308 quod
1104 5250 1163 5289 non
1178 5234 1315 5288 viderunt
1330 5232 1497 5287 continuam
1511 5231 1618 5303 psalmi
1635 5247 1707 5287 cxiv
1721 5232 1756 5286 ab
1770 5231 1827 5283 An·

1010 5307 1115 5363 brosio
1131 5304 1195 5360 lieri
1210 5305 1436 5374 expositionem,
1460 5308 1488 5359 et
1510 5319 1576 5358 eam
1599 5302 1767 5359 Theodosio
1786 5311 1827 5353 ae-

1012 5377 1202 5434 commodari.

1047 5450 1103 5520 (31)
1120 5448 1233 5522 Regias
1248 5446 1313 5501 cod.
1330 5461 1418 5514 unus,
1437 5466 1448 5498 a
1466 5445 1550 5512 Quod
1565 5459 1657 5516 supra
1672 5451 1824 5500 mensuram

1011 5525 1058 5578 cat
1072 5525 1169 5589 nocet,
1187 5539 1199 5569 ι
1223 5524 1279 5574 etc.
1305 5517 1422 5601 Reliqui
1446 5533 1519 5572 varo
1543 5533 1620 5572 mss.
1636 5522 1666 5572 et
1681 5517 1750 5572 edit
1763 5515 1825 5568 ianr

1012 5608 1046 5648 se
1071 5593 1256 5663 congruunt,
1278 5594 1411 5717 exreqtrs
1433 5589 1615 5662 quibusdam
1637 5582 1823 5654 Panaetio,

1012 5680 1079 5740 qnae
1092 5678 1147 5736 pro
1161 5662 1295 5718 sustines
1309 5676 1355 5717 ma
1368 5676 1385 5716 e
1398 5662 1574 5733 pesuerunt,
1591 5659 1730 5718 Ιοειιιιοι.

1047 5735 1104 5812 (ιι)
1120 5735 1196 5815 Reg.
1213 5733 1278 5794 ced.
1296 5755 1308 5784 a
1325 5730 1395 5791 Sine
1408 5746 1465 5792 noa
1480 5731 1617 5810 implere,
1635 5750 1648 5786 ι
1664 5735 1721 5796 ac.
