3900 6128
109 287 171 352 405
553 340 556 344 ,
751 280 880 345 LIBER
893 281 949 344 DE
964 281 1203 347 MYSTERIIS.
1793 286 1844 371 α

110 485 311 559 delinquendi,
329 485 526 558 significatur,
543 497 729 555 nequaquam
744 484 824 537 recte
840 480 1036 536 intellexerint
1052 482 1080 537 in
1096 498 1227 539 errorem
1243 484 1380 542 inductos
1395 487 1432 542 nd
1452 503 1520 543 eum
1538 487 1637 544 locum
1661 489 1844 547 demonstra·

107 576 206 630 bimus
223 576 300 645 (cap.
317 574 344 645 6,
361 591 441 629 num.
456 573 513 644 3⁴2).
1838 616 1841 625 .

144 663 251 718 Ultima
265 664 385 719 Coeiani
400 662 522 719 editoris
537 661 610 717 ratio
626 663 683 716 tam
699 660 792 715 futilis
807 663 862 729 est,
879 662 911 714 ut
925 677 942 715 n
956 659 1043 715 nobis
1059 660 1162 715 reterri
1180 662 1229 716 vix
1240 666 1403 733 merentur;
1419 665 1459 720 ait
1469 666 1548 720 enim
1562 665 1641 737 quod
1651 667 1683 720 in
1698 666 1844 740 baptismo

108 751 320 823 exprimendas
330 768 398 807 esse
415 759 480 806 tres
491 766 638 823 personas
652 750 684 804 di
689 750 772 803 rinos
788 749 836 803 bic
852 751 955 804 auctor
969 748 1048 815 dicit,
1066 765 1132 803 rum
1148 765 1182 804 eo
1195 767 1327 823 pugnare
1338 753 1417 822 quod
1429 754 1458 807 in
1473 753 1559 810 libris
1569 755 1606 810 dc
1620 754 1732 826 Spiritu
1747 758 1844 815 senat<

107 840 262 910 asseritur,
279 840 316 895 nd
332 840 515 910 Baptismum
530 839 748 894 invocationem
765 839 851 892 tinius
860 853 997 909 persensa
1017 837 1048 892 di
1054 838 1128 892 rime
1149 844 1260 893 tautum
1279 840 1430 896 sufficere.
1451 842 1510 897 Sed
1525 843 1552 897 si
1567 842 1772 899 admitteretur
1786 844 1844 901 lima

108 930 291 1000 consecutio,
308 929 328 983 ii
343 945 447 985 omnes
463 928 530 983 libri
545 928 575 982 in
591 927 700 999 quibus
715 930 776 982 trcs
792 926 909 1003 diuinas
921 941 1067 996 personas
1082 926 1111 980 in
1126 926 1273 997 baptismo
1290 929 1484 998 proferendas
1507 931 1641 1002 traditur,
1658 930 1844 1005 abjudicand

107 1021 210 1074 essent
224 1018 402 1074 Ambrosio:
420 1018 499 1089 quod
514 1017 662 1072 affirmare
677 1016 724 1071 vel
740 1015 797 1086 ipsi
812 1015 976 1070 adversarii
991 1015 1212 1070 erubescerent.
1230 1016 1268 1070 At
1287 1017 1365 1071 enim
1389 1033 1526 1090 quaenam
1539 1019 1570 1074 in
1591 1035 1626 1075 eo
1640 1020 1844 1094 repugnantia,

107 1107 134 1160 si
150 1107 217 1178 quis
233 1106 269 1161 de
285 1107 433 1162 communi
448 1105 540 1177 hujus
556 1103 733 1160 sacramenti
749 1102 974 1158 administrandi
989 1103 1101 1158 ratione
1117 1120 1222 1176 agens,
1239 1104 1421 1161 invocandos
1436 1110 1497 1162 tres
1512 1123 1659 1179 personas
1674 1108 1793 1164 divinas
1808 1108 1844 1165 di·

108 1199 174 1264 cat3
195 1195 272 1250 idem
286 1198 383 1251 tamen
399 1195 554 1265 disputans
573 1198 670 1248 utrum
691 1192 869 1263 baptismum
889 1191 1046 1263 aliquando
1072 1193 1128 1248 sub
1152 1210 1289 1264 personne
1313 1196 1403 1251 unius
1428 1197 1614 1253 invocatione
1636 1198 1776 1254 collatum
1797 1212 1844 1271 prt

106 1284 204 1339 valido
220 1283 324 1338 haberi
339 1285 481 1354 oporteat,
498 1283 693 1337 affirmantem
710 1283 806 1336 teneat
821 1280 1000 1350 opinionem.
1017 1282 1073 1336 Sed
1091 1298 1124 1336 ea
1140 1283 1219 1337 dere
1234 1299 1358 1352 agemus
1369 1299 1424 1340 suo
1435 1284 1641 1342 loco.Interim
1651 1287 1719 1343 illos
1731 1287 1843 1358 pudeat

107 1373 157 1444 qui
174 1375 232 1426 lam
247 1372 364 1427 levibus
376 1372 532 1426 momentis
544 1371 652 1426 bonam
664 1370 853 1441 scriptionem
866 1373 894 1423 et
904 1368 1061 1424 Ambrosio
1073 1370 1191 1424 minime
1200 1370 1351 1443 indignam
1362 1371 1493 1444 legitimo
1502 1375 1760 1446 parentioreptum
1769 1378 1844 1431 eunt

107 1461 196 1532 idque
210 1477 269 1516 non
284 1464 394 1516 tantum
411 1464 513 1516 contra
528 1476 601 1516 mss.
619 1460 759 1528 omnium,
777 1474 879 1513 verum
896 1457 983 1512 etiam
997 1461 1099 1513 contra
1114 1461 1156 1514 tot
1168 1474 1203 1513 ac
1227 1461 1374 1515 tantorum
1395 1461 1527 1517 virorum
1549 1478 1606 1535 qua
1627 1463 1842 1521 catholicarum

108 1566 165 1621 qua
181 1551 385 1620 sectariorum,
403 1567 460 1622 qua
475 1553 618 1619 veterum,
636 1565 695 1621 qun
710 1549 871 1603 recentium
889 1547 1066 1614 testimonia,
1084 1549 1115 1601 ut
1129 1547 1156 1600 si
1171 1546 1265 1601 nolint
1280 1563 1381 1603 eorum
1396 1550 1568 1606 auctoritate
1587 1552 1774 1622 persuaderi,
1791 1550 1844 1608 sul·

108 1642 165 1693 tom
183 1639 367 1694 multitudine
382 1640 468 1694 obrui
483 1640 610 1710 possint.
628 1638 690 1692 Nec
706 1637 874 1692 dubitamus
890 1635 947 1690 boc
961 1635 1129 1706 pervidisse
1154 1637 1319 1707 scriptores
1342 1637 1462 1708 multos,
1483 1641 1642 1712 magnique
1667 1641 1799 1696 nominis
1820 1640 1844 1697 ir

109 1729 315 1784 commuuione
330 1728 500 1783 Calvinianu
515 1727 672 1797 (blondel,
691 1726 816 1794 llalcar,
834 1725 958 1792 rilbert„
980 1726 1058 1793 ete.l;
1074 1724 1313 1796 quandoquidem
1335 1741 1496 1797 paucorum
1511 1743 1528 1782 e
1544 1743 1609 1783 suis
1625 1744 1753 1784 censura
1767 1729 1844 1787 ineu·

107 1817 285 1888 perhabita,
303 1817 551 1872 calculumsuum
572 1833 630 1871 non
647 1816 823 1871 subtraxere
839 1812 963 1868 veritati.

144 1906 218 1960 Cum
233 1907 323 1979 igitur
338 1906 529 1961 Ambrosium
544 1905 636 1977 hujus
652 1905 720 1959 libri
734 1902 930 1974 possessione
939 1899 1011 1954 nihil
1022 1899 1151 1971 dejiciat,
1161 1899 1224 1972 jam
1239 1903 1432 1973 quaerendum
1448 1907 1494 1959 cst
1504 1907 1625 1976 quotum
1636 1905 1733 1962 eidem
1745 1921 1844 1963 annun

109 1995 313 2051 attribuamus.
331 1996 362 2051 ln
380 1995 445 2066 ipso
461 1996 559 2050 statim
574 1992 771 2064 Operisinitio
781 1990 861 2045 illius
873 1990 1121 2059 innueretempus
1133 1990 1382 2047 ridetursanctus
1393 1993 1535 2064 antistes,
1552 1993 1600 2049 hic
1616 1994 1725 2067 quippe
1737 1996 1816 2068 (cap.
1826 1995 1844 2053 l-

109 2101 191 2139 num.
208 2086 234 2154 ly
250 2087 290 2140 ait
304 2085 340 2140 de
357 2084 518 2138 moralibus
534 2083 736 2155 quotidianum
752 2095 920 2135 sermonem
942 2079 971 2134 in
986 2079 1172 2148 exponendis
1186 2080 1421 2151 patriarcharum
1444 2083 1540 2155 gestis
1556 2099 1589 2138 se
1611 2082 1777 2154 habuisse;
1803 2082 1844 2141 ub

108 2173 204 2228 lituos
218 2173 253 2228 de
267 2173 427 2242 Abrabam,
446 2174 528 2227 lsnnc
543 2174 572 2227 et
587 2171 690 2239 laceb,
708 2172 736 2225 et
751 2170 827 2224 alios
843 2169 879 2222 nb
896 2183 931 2224 eo
947 2166 1071 2239 intelligi
1087 2168 1150 2222 veri
1165 2172 1244 2224 certe
1259 2169 1441 2227 simillimum
1457 2175 1512 2227 est.
1530 2172 1776 2229 Fatemurtamen
1787 2172 1844 2231 iuda

108 2262 219 2334 aliquid
235 2263 347 2319 oboriri
362 2261 554 2330 difficultatis,
572 2260 651 2333 quod
667 2260 769 2315 eadem
784 2258 820 2313 de
835 2256 955 2312 materia
971 2257 1063 2311 variis
1079 2255 1165 2312 annis
1181 2258 1318 2314 babuerit
1331 2274 1497 2333 sermones,
1514 2262 1593 2334 quod
1610 2265 1638 2318 et
1652 2278 1710 2318 nos
1726 2264 1793 2319 suis
1808 2262 1844 2321 ln·

110 2352 154 2405 cis
170 2351 366 2408 indicavimus
382 2351 423 2422 (in
438 2350 614 2418 Adinonit.).
632 2349 839 2410 Verumtamen
855 2362 922 2401 cum
936 2345 1077 2400 credibile
1094 2347 1133 2401 sit
1147 2363 1214 2402 cum
1228 2349 1398 2419 praecipuos
1410 2353 1521 2405 tantum
1536 2351 1719 2424 significare,
1731 2367 1793 2409 non
1803 2368 1844 2424 pu

108 2442 205 2496 tamus
221 2441 324 2496 eadem
339 2441 430 2497 verba
446 2441 556 2495 rectius
572 2439 608 2494 ad
624 2438 699 2494 alios
715 2437 819 2492 reterri
836 2450 926 2507 posse
941 2451 1028 2508 qnam
1044 2435 1080 2490 ad
1105 2441 1302 2509 memoratos;
1323 2438 1506 2512 proindeque
1530 2456 1639 2496 annum
1653 2441 1724 2496 huic
1748 2440 1844 2513 opella

108 2528 161 2583 387
177 2530 295 2585 circiter
310 2530 449 2584 duximus
464 2529 688 2600 assignandum.
918 2592 921 2598 .

148 2620 240 2674 Porro
256 2618 392 2690 ejusdcm
408 2617 561 2688 inscriptio
576 2616 644 2671 alibi
660 2616 744 2671 aliter
759 2614 915 2669 invenitur.
933 2613 1055 2685 Legitur
1073 2615 1151 2685 apud
1174 2617 1410 2688 amerbachium,
1428 2618 1472 2673 De
1493 2620 1650 2691 mysteriis
1672 2619 1837 2676 initiandis

109 2709 186 2778 apud
202 2708 357 2762 Erasmum
374 2711 401 2762 et
415 2707 573 2776 Giltotium,
591 2707 635 2761 Dc
648 2707 689 2760 iis
704 2705 752 2776 qiu
770 2704 929 2776 mysteriis
942 2702 1117 2757 initiantur:
1133 2704 1162 2759 in
1175 2705 1259 2760 liom.
1276 2705 1357 2777 edit,
1374 2705 1417 2762 De
1433 2707 1614 2772 Initiaudis‚·
1630 2707 1660 2763 in
1676 2724 1752 2763 mss.
1765 2708 1844 2783 longa

109 2797 254 2869 plurimis,
272 2797 316 2851 Dc
331 2796 486 2867 mysteriis
496 2796 524 2850 si
530 2811 563 2850 ro
572 2794 751 2858 laniandis,-
767 2793 904 2848 nimirum
920 2791 1011 2862 prima
1021 2793 1192 2848 eorumdem
1203 2796 1411 2864 mysteriorum
1426 2796 1605 2867 cognitione,
1617 2812 1684 2851 narn
1695 2797 1771 2853 alies
1782 2799 1843 2853 seri

107 2886 237 2942 bendum
252 2888 334 2940 esset
348 2884 386 2939 de
401 2884 553 2948 Initiatis,·
570 2884 598 2937 in
613 2882 830 2956 antiquissimis
846 2881 973 2954 denique
988 2880 1192 2938 inscribuntur
1210 2883 1254 2939 De
1268 2884 1384 2940 divinis
1403 2886 1575 2958 Mysteriis,
1595 2889 1645 2942 aut
1660 2887 1844 2960 simpliciter,

109 2976 153 3031 Dc
168 2973 350 3048 ,llysleriim
365 2989 442 3045 quos
458 2976 485 3029 et
500 2973 665 3046 sequimur.

410 3347 861 3530 seueri
893 3426 898 3433 ·
931 3348 1548 3526 AMBROSH

699 3634 1046 3699 MEDIOLANENSIS
1070 3635 1264 3698 EPISCOPl

646 3832 764 3986 DE
802 3825 1298 3987 MYSTERHS

766 4118 926 4198 LIBER
971 4119 1123 4198 UNUS.
1154 4105 1195 4184 (ll

325 4480 399 4548 325
419 4491 546 4548 CAPUT
565 4490 728 4548 PRIMUM.
967 4473 999 4537 A
1021 4495 1079 4552 qno
1093 4479 1225 4534 renovati
1240 4493 1293 4549 per
1308 4475 1496 4547 baptismum,
1514 4472 1581 4546 ejus
1592 4472 1659 4529 vitae
1671 4487 1762 4528 usum
1778 4473 1844 4529 tene

117 4574 314 4652 Tissensibus,
323 4588 470 4655 qirosantc
480 4577 943 4638 ‹lenioribussuuctusbabuerat,

148 4654 348 4726 sirlpceeuram
359 4671 392 4710 sc
403 4656 614 4728 mysteriorum
630 4671 668 4708 er
689 4654 844 4708 ositioncnr
856 4662 945 4719 spou-

149 4726 652 4799 det.Deindeeureauoupriuspate
668 4725 768 4789 eceril¹
784 4719 944 4784 declarato,

149 4797 304 4868 mysticam
316 4799 493 4922 ayqrrditur
501 4799 694 4870 apertionem,
707 4811 789 4868 quam
799 4810 815 4847 a
825 4789 947 4846 Glua'sro

148 4866 288 4939 ipsoolr'm
298 4884 330 4922 ec
344 4869 678 4923 ebrataurderuoustrat.

151 4956 176 5011 1.
194 4957 235 5011 De
250 4956 411 5011 moralibus
431 4957 631 5028 quotidianum
657 4969 824 5011 sermonem
840 4947 946 5006 babui-

114 5062 191 5115 mus,
209 5061 276 5099 cum
290 5045 338 5098 vel
353 5045 584 5114 patriarcharum
600 5043 751 5117 gesta,vel
769 5038 946 5098 Provcrliio-

113 5153 179 5191 rum
195 5135 366 5207 legerentur
386 5138 553 5205 praecepta3
578 5138 609 5189 ut
624 5134 671 5188 his
688 5130 836 5187 informati
860 5131 947 5198 alque

113 5224 240 5280 instituti
264 5223 484 5279 assuesceretis
506 5221 651 5295 majorum
677 5220 793 5293 ingredi
813 5218 877 5272 rins
897 5216 946 5285 (⁶2),

113 5313 532 5385 corumqueite1·earparc,ac
546 5310 656 5366 divinis
670 5309 789 5365 obedire
802 5305 944 5364 oraculis:

149 5462 186 5527 (ll
203 5460 309 5530 Seript.
327 5457 404 5512 eirca
421 5471 467 5510 an.
484 5454 545 5509 387.

149 5535 186 5602 (⁰2)
195 5532 266 5588 Cod.
279 5530 387 5599 bloet,
400 5546 436 5581 ue
447 5525 665 5580 assuesceretis
679 5519 948 5589 uraloruniiuyrrdi

117 5608 189 5660 rias,
200 5605 278 5659 Intra
294 5617 365 5658 vero
386 5600 436 5655 ubi
449 5602 506 5652 vet.
527 5597 595 5651 edit.
615 5600 643 5649 et
656 5594 754 5649 cuncti
773 5607 944 5663 percuss,

114 5678 236 5732 obedire
248 5673 387 5738 oraculis,
408 5673 493 5727 Rom.
515 5669 584 5724 edit.
606 5683 672 5722 eum
692 5663 826 5739 pauculis
846 5661 945 5734 posuit

114 5747 237 5839 viredine
252 5745 411 5805 mandatis.
570 5824 572 5831 Α
663 5803 669 5812 .

1020 4571 1102 4636 retis,
1119 4585 1185 4639 quae
1201 4566 1319 4621 ablutos
1335 4566 1462 4620 deceret.

1056 4660 1081 4713 2.
1103 4658 1189 4712 Nunc
1209 4657 1244 4710 de
1264 4655 1415 4726 mysteriis
1443 4655 1542 4708 dicere
1568 4655 1686 4721 tempus
1706 4650 1844 4706 admonet

1020 4751 1107 4819 atque
1123 4748 1216 4817 ipsam
1233 4748 1485 4800 sacramentorum
1497 4742 1640 4796 rationem
1651 4739 1757 4794 edere:
1770 4755 1844 4812 quan

1021 4841 1086 4891 ante
1101 4836 1280 4906 baptismum
1297 4835 1324 4888 si
1345 4836 1535 4903 putassemus
1556 4828 1766 4884 insinuandam
1783 4844 1844 4884 non

1021 4926 1090 4981 dum
1115 4923 1246 4991 initiatis,
1274 4922 1443 4992 prodidisse
1472 4921 1570 4990 potius
1598 4933 1686 4989 quam
1724 4917 1844 4973 edidiss

1021 5015 1245 5070 aestimaremur.
1259 5011 1369 5066 Deinde
1378 5010 1455 5082 quod
1468 5006 1688 5080 inopinantibus
1700 5007 1811 5062 melius
1823 5022 1844 5062 et

1021 5105 1086 5175 ipsa
1097 5103 1147 5156 lux
1157 5101 1365 5172 mysteriorum
1377 5098 1526 5168 infuderit,
1539 5110 1625 5168 quam
1641 5094 1666 5149 si
1676 5110 1742 5150 eam
1755 5112 1844 5151 serm<

1022 5192 1128 5265 aliquis
1144 5189 1390 5262 praecucurrisset
1401 5189 1449 5257 (3).

1057 5302 1084 5354 3.
1101 5299 1219 5369 Aperite
1235 5297 1325 5369 igitur
1339 5311 1437 5364 aures,
1455 5297 1482 5349 ct
1507 5293 1618 5349 bonum
1639 5291 1763 5359 odorem
1791 5291 1844 5347 vita

1058 5443 1095 5510 (3)
1111 5442 1185 5495 ltlss.
1202 5438 1345 5503 nonnulli,
1362 5436 1458 5509 aliquo
1471 5435 1725 5507 praecucurrisset.
1743 5433 1779 5488 Et
1794 5447 1844 5504 poe

1022 5531 1114 5585 pauca
1126 5513 1154 5566 in
1164 5512 1239 5565 bcue
1249 5510 1349 5570 multis
1362 5509 1486 5562 liabetur
1496 5506 1631 5575 (illatum,
1640 5506 1669 5559 in
1679 5505 1844 5588 quibusdan

1023 5587 1115 5652 illator
1127 5583 1209 5636 rolris
1226 5597 1348 5634 intruere
1359 5585 1610 5632 surrarurutarum
1626 5582 1725 5647 capric
1736 5595 1745 5637 ;
1760 5590 1844 5647 pree

1022 5657 1101 5727 qnod
1112 5658 1159 5710 est
1171 5655 1199 5708 in
1212 5654 1279 5708 aliis
1295 5656 1322 5708 et
1333 5651 1401 5707 edit.
1414 5650 1562 5723 omnibus,
1575 5646 1741 5707 inhalatum
1765 5646 1844 5706 robii

1022 5731 1078 5786 etc.
