3900 6128
739 293 795 360 ott
816 282 1089 360 POENMN'HA
1109 294 1187 359 ΗΒ.
1208 294 1234 361 Ῑ.
1789 290 1851 363 602

115 290 172 369 stt

114 500 270 576 quomodo)
285 500 436 578 'quomodo
450 503 701 560 loanne‘sdlceret
711 493 786 560 403
796 476 994 559 aeroma-R
1010 497 1158 554 debetur?
1173 513 1239 554 cunr
1250 497 1360 556 divine
1370 499 1408 556 eit
1419 500 1523 574 gratie
1533 496 1620 570 fides,
1630 498 1708 557 sicut
1719 499 1847 573 Aposto-

113 593 185 649 dum
200 610 255 666 pro
270 593 377 649 delicto
394 594 541 668 gras-iore,
558 594 609 666 qui
623 593 749 666 legisset
762 591 887 664 Moysen
903 607 954 646 ro-
1009 587 1057 643 lus
1068 588 1097 642 in
1108 588 1307 644 divisionibus
1324 588 1483 661 gratiarum
1498 590 1595 659 docet,
1607 590 1676 662 quia
1698 590 1748 646 alii
1758 591 1846 648 datur

113 698 208 755 queso
223 686 253 740 et
267 684 444 756 impetrasse
457 700 464 754 3
480 682 529 738 uhi
546 685 608 738 emt
624 681 828 755 praevaricatio
846 682 954 737 volun·
1010 677 1039 732 in
1055 677 1160 733 eodem
1176 677 1286 749 Spiritu
1301 677 1376 733 fides
1390 678 1420 750 (1
1435 678 1502 734 Gor.
1520 696 1572 749 rur,
1586 679 1636 749 e);
1662 683 1691 735 et
1705 680 1846 753 discipuli

112 774 209 830 teris:
225 774 276 847 qui
288 774 379 830 sciret
391 774 477 830 etiam
489 773 668 829 Hieremiam
685 786 811 847 rogasse
829 772 952 844 (dorem.
1011 766 1136 823 Domino
1151 766 1269 822 dicant:
1286 767 1412 840 Adaupe
1426 768 1514 823 nohis
1527 766 1705 839 fidemaae.
1720 785 1793 840 xvn,
1804 771 1842 840 5).

114 879 177 929 nr,
196 864 252 935 (3).
1009 855 1063 921 Qui
1079 872 1151 930 erge
1168 856 1255 912 ildem
1270 856 1368 927 habet,
1385 857 1473 913 habet
1487 857 1595 912 vitam:
1620 857 1671 929 qui
1685 858 1773 915 vitam
1788 859 1844 915 he-

150 952 197 1008 ao.
213 952 367 1021 Quomodo
382 952 513 1010 loannes
533 953 645 1009 diceret
664 968 723 1009 non
743 953 886 1008 orandum
900 968 953 1024 pro
1009 944 1068 1012 bel.
1085 962 1145 1002 non
1169 948 1215 1001 est
1229 946 1331 1018 utique
1351 946 1495 1001 exclusus
1515 962 1532 1001 a
1554 946 1652 1002 venia.
1669 945 1780 1019 Omnis,
1795 949 1844 1005 in·

117 1046 238 1113 peccato
254 1042 333 1119 quod
348 1047 431 1100 esset
445 1043 482 1098 ad
498 1046 632 1111 mortem,
649 1043 700 1115 qui
715 1043 780 1114 ipse
795 1043 824 1097 in
835 1043 952 1114 Apoca-
1009 1036 1082 1108 quit,
1099 1036 1148 1109 qui
1167 1035 1265 1091 credit
1289 1036 1322 1090 in
1342 1051 1417 1105 eum,
1441 1051 1497 1090 non
1516 1040 1632 1107 percat.
1648 1034 1722 1090 Cum
1747 1038 1844 1094 omnis

119 1128 195 1203 lspsi
205 1124 327 1205 scripsit
336 1132 505 1190 mandatum
515 1132 622 1206 angelo
633 1132 779 1189 Ecclesiae
795 1132 952 1206 Pergami?
1010 1125 1126 1196 dicitur,
1152 1126 1251 1181 nullus
1277 1124 1453 1195 excluditur,
1478 1124 1579 1180 nullus
1603 1124 1768 1196 excipitnr3
1784 1141 1844 1183 noa

87 1282 91 1291 ¹
123 1220 219 1279 Habea
227 1220 289 1278 illic
300 1228 438 1279 tenentes
446 1224 612 1280 doctrinam
624 1220 755 1291 Balaam,
767 1223 818 1296 qui
828 1222 954 1279 docebat
1009 1214 1088 1270 enim
1102 1215 1212 1286 excipit
1227 1229 1294 1270 eum
1314 1214 1365 1287 qui
1386 1214 1491 1286 lapsus
1506 1216 1561 1284 est,
1579 1214 1607 1269 si
1627 1216 1726 1270 tamen
1740 1217 1844 1287 postea

129 1311 228 1369 Belcae
242 1312 366 1369 mittere
380 1313 550 1371 scandalum
565 1328 664 1367 coram
674 1310 749 1368 eliis
759 1310 865 1382 Israel,
875 1328 954 1368 man·
1007 1303 1084 1359 bene
1099 1304 1208 1361 credet.

132 1401 228 1458 ducere
241 1400 400 1468 immolata,
420 1408 449 1457 ct
468 1401 632 1466 torrricari,·
650 1401 691 1456 ita
707 1407 737 1456 et
752 1408 783 1456 tu
796 1395 891 1457 hahes
907 1407 952 1457 te·
1042 1429 1087 1485 49,
1105 1429 1252 1486 phuqmos
1274 1429 1473 1502 comperimus
1499 1445 1532 1486 s,
1547 1428 1645 1485 denuo
1659 1429 1843 1487 reformasse

136 1490 398 1548 aentesdoctrinam
407 1488 953 1563 Nicolaitarum,·similiterapoprsni·

139 1583 258 1638 tentiam:
274 1572 415 1637 caeterum
433 1579 519 1636 renio
534 1580 591 1635 tihi
604 1580 664 1636 cito
677 1579 780 1652 (Apoc.
796 1597 827 1648 rr,
844 1579 879 1634 tl
893 1580 948 1652 16).

139 1669 210 1726 lidos
222 1670 301 1746 quod
318 1670 398 1726 Deus
413 1671 463 1742 qui
488 1670 688 1742 poenitenliam
713 1666 817 1742 exigit,
834 1668 951 1724 veniam

141 1760 311 1833 polieeatur‘?
325 1759 458 1834 Denique
473 1763 503 1815 et
517 1759 556 1814 ihi
568 1758 638 1814 dicit
648 1758 663 1814 ς’
674 1758 730 1825 Qui
745 1758 835 1814 hahet
850 1774 948 1823 auree,

1007 1518 1064 1590 (te)
1078 1522 1146 1590 post
1165 1519 1291 1591 lapsum,
1309 1522 1337 1574 et
1360 1535 1414 1591 pro
1430 1519 1548 1577 nomine
1564 1518 1617 1574 Dei
1628 1533 1753 1591 passos:
1771 1535 1843 1577 num

1006 1623 1169 1679 possumus
1198 1608 1245 1663 his
1275 1612 1435 1681 martyrum
1463 1608 1612 1665 consortia
1633 1623 1756 1683 negare,
1781 1608 1843 1683 qui·

1006 1697 1063 1753 bus
1083 1697 1226 1753 Dominus
1247 1699 1337 1754 lesus
1358 1714 1417 1754 nea
1435 1697 1576 1771 negavit?
1594 1699 1747 1769 Audemus
1765 1689 1843 1757 404

1007 1786 1097 1859 igitur
1111 1787 1210 1843 dicere
1227 1803 1285 1843 non
1307 1803 1377 1843 esse
1392 1787 1440 1842 his
1456 1788 1546 1842 vitam
1561 1788 1714 1860 redditam,
1731 1789 1841 1860 quibus

142 1849 218 1905 radiat
227 1842 297 1923 quid
304 1846 438 1922 Spiritus
449 1849 530 1904 dicat
540 1846 705 1904 EcclesiiS:
720 1844 862 1904 Vincenti
875 1846 952 1904 dade
965 1860 993 1929 B
1006 1876 1143 1932 Christus
1160 1892 1299 1933 coronam
1309 1876 1460 1935 ,eddiditq
1474 1876 1637 1949 giem„
1647 1881 1716 1949 pos,
1725 1877 1842 1949 lapsum

143 1938 294 1995 manducare
307 1954 414 1994 manna
429 1938 634 1994 absconditum
648 1938 751 2010 (Apec.
768 1955 797 2006 u,
814 1938 854 2008 'lh'

168 2026 200 2084 ll.
214 2026 317 2085 Nonne
332 2034 398 2100 ipse
423 2026 554 2084 loannes
574 2031 755 2100 cognoverat
769 2026 951 2097 Stephanum

143 2132 181 2188 pro
191 2117 427 2189 persecutoribus
442 2118 518 2186 suis,
534 2119 585 2189 qui
599 2115 709 2173 Christi
725 2132 832 2173 nomen
848 2116 950 2172 audire

144 2222 185 2262 aon
196 2211 333 2279 poterant,
350 2207 558 2280 deprecatum
582 2220 649 2263 cunr
666 2207 793 2279 deipsis
808 2223 824 2262 a
838 2207 949 2279 quibus

144 2294 298 2368 lapidabatur
311 2296 442 2354 diceret:
457 2297 591 2365 Domine,
616 2312 653 2352 no
668 2302 784 2352 statuas
808 2296 874 2352 illis
895 2297 950 2353 hoc

142 2392 263 2457 pactam
277 2382 358 2457 (Act.
384 2404 435 2455 vu,
459 2386 530 2459 59)t
552 2386 647 2460 Cujus
670 2386 851 2458 precationis
876 2384 949 2441 eNo·

144 2477 198 2531 etun
210 2472 263 2549 (l5)
277 2475 309 2531 in
333 2475 477 2548 Apostolo
494 2475 647 2546 videmus3
669 2474 778 2531 Paulus
795 2475 883 2547 enim,
899 2476 950 2549 qrii

59 2570 61 2637 j
143 2560 496 2636 lipidantium'Stepbaaum
512 2566 687 2621 vestimenta
703 2564 841 2621 servabat
857 2562 948 2633 (ibid.

59 2678 61 2707 ;
142 2648 245 2721 lilaea
261 2654 353 2711 multo
368 2656 472 2726 posteo
495 2654 693 2726 pergratiam
718 2653 829 2708 Christi
853 2652 948 2711 tactus

59 2734 62 2811 ζ
142 2742 328 2815 estapostolus
342 2745 423 2815 (Act.
441 2760 480 2812 rx,
498 2743 553 2813 15),
570 2743 620 2816 qui
645 2742 740 2798 tuerat
761 2744 828 2798 ante
843 2758 949 2814 perse·

141 2834 209 2889 rator.
828 2839 830 2843 ’
922 2844 924 2848 ·

433 2920 559 2979 CAPUT
579 2923 628 2980 Xl.

138 3043 948 3183 Nitentemtttltttltttttt‘tltltttttttt

158 3140 462 3264 promittitai.qUnde¹
478 3184 645 3266 arpennem
666 3184 830 3248 Neratiani
848 3194 956 3265 utqui

160 3262 240 3348 lapsis
251 3264 343 3321 tidem
353 3265 508 3331 suadeant,
519 3265 627 3337 quihus
636 3268 746 3335 peperat
760 3258 947 3318 renlamild·

159 3334 231 3392 ditor
248 3337 359 3392 multos
380 3343 547 3410 martyrum
572 3342 640 3408 post
663 3335 776 3417 lapsum
800 3334 946 3407 duplicem

159 3410 276 3477 aretiam
290 3414 464 3467 consecutos
482 3424 561 3467 csso.
578 3422 690 3463 necnon
703 3407 749 3479 pri
763 3405 946 3463 Samaritani

161 3480 281 3553 exemplo
295 3478 467 3539 declaratur
476 3481 572 3555 enain
588 3478 698 3555 quihus·
710 3476 760 3532 rel
772 3478 946 3534 tenuissima

160 3547 222 3607 ides
234 3552 342 3629 spiret,
359 3566 418 3607 non
430 3550 623 3608 deserendos.
814 3558 817 3564 '

161 3673 194 3732 o.
208 3674 314 3752 [Alias.
332 3694 396 3749 cap.
411 3675 460 3751 Χ).
476 3666 562 3751 Ergo¹
574 3678 643 3750 quia
656 3676 694 3745 de
714 3675 839 3743 loannis
848 3691 946 3751 ¹gene.-

139 3762 307 3838 ulepistola
322 3766 556 3838 (terminarat,
568 3758 945 3840 ipsiustoanaisinEvan-

137 3851 194 3921 ttlio
205 3856 317 3930 scripto
328 3856 570 3929 interrogemus,
586 3860 685 3915 utrum
700 3872 766 3925 curn
783 3858 882 3927 restra
897 3855 945 3913 in·

138 3940 319 4016 terpretmione
333 3944 646 4015 convertuntuntur
659 3945 737 4003 enim
753 3946 873 4007 dixisse.
884 3946 943 4013 llo,-

137 4031 237 4092 aiaam:
255 4035 330 4102 Quia
352 4035 398 4092 sic
419 4035 528 4092 dilexit
551 4035 632 4091 Deos
654 4037 730 4091 hane
750 4037 898 4107 mundam,
914 4042 945 4093 ut

136 4114 219 4180 liliam
228 4141 314 4181 soum
325 4126 507 4199 uaipcpitum
518 4126 604 4182 daret
616 4146 625 4189 ‚·
640 4131 670 4181 ut
681 4125 776 4181 omnis
786 4127 836 4199 qui
846 4127 944 4182 credit

134 4205 229 4279 iream,
253 4230 312 4270 non
336 4220 453 4287 percat,
476 4215 532 4270 sed
554 4210 662 4270 lrabeat
691 4216 779 4270 ritem
799 4222 943 4271 aeternam

133 4295 205 4363 liora.
227 4321 271 4373 ιιι,
293 4303 353 4376 le).
382 4305 414 4360 Si
437 4320 524 4377 quem
553 4320 627 4371 erpo
655 4304 773 4376 lapsum
800 4320 942 4363 revocare

59 4422 61 4435 ·
132 4391 231 4463 capion
248 4397 280 4448 ut
293 4393 405 4464 credat,
420 4409 458 4450 an
473 4397 577 4449 utnon
593 4394 704 4464 credat,
719 4395 849 4451 hortaris
863 4394 943 4465 llll?

130 4472 217 4555 loqur
231 4484 265 4538 ut
278 4483 390 4539 credet.
405 4482 464 4540 Sed
480 4483 531 4557 qui
546 4482 731 4557 oreeitjaxta
744 4483 860 4541 Domini
875 4499 943 4540 sen·

1005 1966 1156 2038 plerisque
1172 1966 1199 2020 si
1214 1969 1369 2038 patiantur,
1387 1981 1496 2023 corona
1510 1966 1664 2036 redditur3
1680 1966 1718 2021 ita
1734 1967 1760 2023 si
1773 1983 1840 2024 cre·

1005 2055 1084 2125 dant,
1101 2060 1129 2112 et
1151 2056 1227 2111 tides
1245 2056 1387 2112 redditur.
1409 2055 1481 2121 Qus
1500 2055 1575 2111 ssdos
1590 2055 1642 2110 Dei
1658 2056 1768 2112 donum
1782 2059 1838 2128 est,

1004 2144 1083 2199 sicut
1097 2141 1190 2201 habes
1202 2142 1366 2216 scriptum:
1384 2142 1456 2213 Quia
1467 2142 1557 2200 a‘Dee
1575 2143 1660 2200 rolris
1674 2142 1837 2215 detumeat,

1005 2249 1062 2289 non
1076 2231 1169 2289 solum
1184 2222 1216 2288 ut
1231 2232 1410 2293 credatisia
1424 2250 1500 2297 enm,
1510 2232 1565 2290 scd
1579 2233 1669 2294 etiam
1686 2238 1778 2306 utpro
1787 2233 1840 2290 illo

1001 2322 1160 2395 patiamini
1172 2321 1317 2395 (Philipp.
1333 2340 1354 2392 r,
1369 2321 1426 2391 29).
1442 2322 1593 2394 Numquid
1607 2322 1700 2394 isqui
1714 2323 1767 2378 llei
1783 2323 1838 2381 do·

1003 2427 1083 2482 num,
1100 2411 1199 2483 hahet,
1215 2414 1312 2484 potest
1327 2426 1386 2467 nen
1400 2408 1511 2467 habore
1530 2410 1768 2485 indulgentiam?

1038 2538 1083 2593 50.
1101 2537 1167 2593 Noa
1188 2552 1245 2592 uno
1269 2539 1376 2607 autem,
1402 2536 1456 2592 sed
1480 2535 1588 2608 duplex
1610 2536 1705 2610 gratia
1727 2539 1782 2608 ost,
1807 2539 1839 2595 ut

1004 2627 1100 2683 omnis
1122 2627 1174 2699 qui
1198 2627 1302 2697 eredit,
1328 2629 1357 2682 et
1377 2626 1506 2697 patiatur
1525 2642 1581 2698 pro
1604 2625 1730 2683 Domino
1752 2626 1836 2683 lesu.

1003 2716 1100 2773 Habet
1113 2715 1262 2789 igiturqui
1273 2714 1366 2771 eredit
1380 2731 1466 2773 suem
1477 2715 1626 2788 gratiamr
1638 2714 1726 2771 habet
1739 2717 1837 2771 autem

1002 2806 1134 2875 alteram,
1149 2805 1177 2862 si
1188 2805 1266 2861 tides
1275 2804 1344 2877 ejus
1353 2805 1547 2876 passionibus
1558 2808 1724 2861 coronetur.
1732 2804 1836 2877 Neque

1002 2895 1080 2954 enim
1095 2895 1270 2967 priusquam
1284 2896 1434 2966 pateretur
1441 2893 1560 2965 Petrus,
1575 2894 1643 2949 siae
1657 2892 1834 2966 qratiaduit:

1001 2984 1055 3041 sed
1072 2984 1123 3040 ubi
1136 3000 1246 3057 passus
1261 2986 1320 3054 eet,
1333 2983 1493 3056 acquisivit
1505 2983 1639 3040 alteram.
1651 2983 1688 3040 m
1702 2982 1835 3056 plerique

1001 3074 1052 3147 qui
1067 3088 1127 3131 aon
1139 3073 1309 3131 habuerunt
1322 3073 1458 3147 qratiam,
1466 3073 1640 3144 utprolosu
1648 3073 1833 3153 paterentur:

1000 3163 1167 3221 hahuerunt
1181 3166 1282 3219 umen
1298 3162 1432 3236 qratiam,
1455 3165 1493 3218 ut.
1505 3163 1536 3218 in
1555 3162 1660 3219 lesum
1677 3160 1835 3218 crederent

963 3221 1095 3321 ctione.
1111 3269 1163 3322 xx,
1177 3252 1236 3324 dl).

943 3407 948 3418 ·
1034 3378 1078 3433 51.
1095 3377 1304 3434 ldeodicitur:
1335 3377 1373 3433 Ut
1396 3372 1492 3434 omnis
1514 3377 1564 3452 qui
1583 3376 1682 3434 credit
1699 3376 1731 3432 in
1755 3369 1830 3446 eum,
1915 3439 1922 3455 ‚

999 3482 1056 3522 non
1067 3472 1184 3540 pereat.
1203 3460 1315 3538 Omnis,
1331 3454 1511 3539 inquit,‘hoc
1527 3470 1583 3537 est,
1600 3462 1638 3524 e'x
1652 3462 1832 3542 quocunque

997 3559 1086 3626 statu,
1103 3571 1140 3611 ex
1164 3562 1345 3629 quocunque
1360 3555 1457 3628 lapsu,
1475 3556 1502 3612 si
1520 3556 1636 3629 credat,
1655 3557 1753 3631 perir'e¹
1771 3573 1831 3615 non

997 3645 1105 3701 timeat.
1123 3644 1223 3702 Potest
1237 3640 1315 3725 enim
1330 3644 1395 3702 lleri
1408 3649 1440 3702 ut
1461 3643 1589 3720 aliquem
1611 3647 1648 3704 de
1661 3646 1831 3707 ierusalem

997 3733 1226 3790 descendentem
1239 3736 1270 3790 in
1286 3734 1427 3791 Hiericho
1442 3736 1524 3805 (erc.
1541 3727 1644 3808 mile),
1661 3737 1718 3794 hoc
1733 3739 1780 3794 est
1793 3736 1830 3796 de

994 3822 1128 3896 martyrii
1143 3824 1302 3880 certamine
1316 3824 1468 3896 relapsam
1481 3825 1512 3881 i'n
1526 3825 1613 3883 istius
1629 3824 1700 3882 vitm·
1714 3826 1830 3899 cupidi·

995 3915 1084 3969 tatem
1103 3912 1338 3993 secularemque
1362 3915 1486 3988 gratiam
1511 3915 1578 3986 (50),
1604 3915 1831 3981 vulneretuma

996 4001 1171 4074 latronibus,
1189 4003 1310 4074 hocest,
1322 4020 1339 4058 a
1349 4002 1604 4076 persecutoribus,
1614 4008 1642 4061 et
1653 4004 1831 4081 semivirum

996 4091 1169 4148 derelictum
1183 4090 1385 4166 Evangellcas
1408 4093 1456 4150 ille
1472 4092 1674 4153 samaritanus
1688 4095 1827 4163 inveniat,

995 4180 1046 4254 qui
1061 4170 1229 4238 nostrarum
1249 4184 1352 4240 custos
1366 4185 1530 4241 animarum
1554 4188 1600 4241 est
1614 4178 1829 4257 (Samaritanus

997 4270 1075 4326 enlm
1090 4270 1193 4327 custos
1217 4271 1345 4344 dicitnr),
1368 4276 1397 4330 et
1419 4288 1479 4331 non
1501 4276 1657 4346 pretereat
1680 4262 1758 4346 eum,
1774 4274 1829 4357 sed

995 4362 1079 4416 caret
1093 4363 1122 4416 et
1136 4363 1231 4418 sanet.
1341 4432 1344 4437 .
1506 4364 1510 4370 '
1727 4368 1730 4373 '

1029 4486 1074 4542 52.
1091 4486 1232 4544 Fortasse
1253 4486 1389 4547 ideooon
1405 4489 1703 4562 praetatorumque
1717 4490 1829 4564 aliquid

126 4567 238 4641 tertiam,
265 4570 386 4629 habehit
405 4573 495 4628 vitam
518 4576 669 4630 aeternam.
692 4572 845 4641 Quomodo
869 4574 1024 4655 erqorn-‚in
1033 4591 1068 4632 eo
1079 4575 1166 4632 vitale
1176 4577 1324 4649 agnoseit,
1334 4576 1412 4635 unde
1424 4578 1451 4635 is
1461 4578 1654 4651 possitvitam
1663 4595 1827 4640 resumere.

122 4660 283 4727 prohibebis
312 4677 398 4718 oraro
425 4663 480 4735 (rs)
509 4679 563 4735 pro
587 4678 639 4733 eo,
670 4664 718 4719 cui
746 4668 856 4720 aeterna
884 4664 944 4720 rita
995 4665 1101 4725 Nonne
1116 4665 1203 4722 robis
1219 4666 1398 4725 videturille
1413 4668 1462 4740 qui
1477 4667 1647 4740 lapsuseet,
1663 4671 1829 4730 semivivus

119 4799 298 4861 determinari
308 4805 477 4879 existimant
488 4823 541 4877 per
551 4808 747 4879 vocemp'usti,
758 4808 943 4864 sacerdotem
995 4808 1145 4865 nonnullis
1170 4823 1246 4881 quos
1275 4809 1380 4864 eodem
1405 4808 1493 4867 modo
1517 4812 1708 4887 accipiendos
1731 4818 1829 4890 tradit,

117 4874 144 4931 td
177 4892 246 4933 nem
261 4877 360 4934 selum
381 4878 555 4934 delictorum
576 4878 725 4934 absolutio
747 4880 882 4949 pertinet,
899 4882 943 4936 si·
995 4880 1168 4953 hujusmodl
1183 4878 1384 4936 contessionis
1404 4882 1483 4938 nulla
1498 4883 1548 4940 ilat
1561 4887 1682 4958 mentio,
1700 4891 1830 4947 credibi-

115 4949 156 5018 μ’
179 4950 290 5004 antis.
315 4948 420 5032 Neque
442 4965 513 5006 vero
540 4950 568 5004 id
591 4966 607 5005 a
637 4951 781 5006 sententis
805 4951 942 5007 [lectoris
996 4953 1055 5007 lius
1070 4956 1126 5020 ost,
1143 4952 1179 5009 de
1195 4952 1271 5009 solis
1284 4953 1415 5009 fidolium
1424 4971 1479 5027 pro
1493 4971 1528 5012 se
1538 4957 1675 5014 vicissim
1684 4963 1832 5019 orantium

113 5019 201 5076 rostri
237 5021 277 5085 de
306 5022 553 5087 remittendorum
573 5022 729 5079 criminum
764 5018 943 5080 sacerdotali
993 5023 1210 5097 precibusagi.
1798 5086 1801 5091 ¹

113 5094 253 5159 totostoto
265 5092 393 5149 alienum
404 5097 468 5149 est:
486 5093 522 5151 de
538 5110 595 5165 qua
607 5092 900 5151 consuleComment.
913 5093 943 5151 in
1032 5092 1089 5166 (lh)
1105 5092 1178 5151 llss.
1189 5093 1316 5171 aliquot,
1333 5096 1415 5170 crpus
1419 5101 1591 5171 precatoris
1602 5092 1740 5161 ellectum
1746 5126 1755 5171 ;
1768 5107 1833 5180 qui·

112 5162 180 5232 perr.
198 5178 302 5229 cxvru,
316 5178 405 5221 serm.
428 5163 471 5227 10.
491 5181 571 5219 nam.
591 5162 634 5233 l'l,
657 5166 686 5219 et
706 5162 816 5236 Expos.
835 5165 865 5220 in
885 5164 943 5222 Lu·
996 5164 1073 5234 darn,
1097 5164 1245 5222 allectum.

110 5248 169 5289 conr
186 5234 240 5291 lib.
252 5248 373 5303 unum.
393 5234 437 5291 lt.
450 5235 534 5301 Quod
552 5238 650 5290 nutem
666 5231 703 5291 ed
722 5235 866 5292 leviorum
878 5238 943 5293 ool·
1032 5236 1089 5308 (td)
1103 5236 1257 5294 Generalis
1272 5238 1382 5295 dicitur
1394 5241 1489 5312 prima
1500 5243 1624 5301 loannis
1639 5245 1746 5320 Epist..
1763 5236 1832 5322 qaia

109 5318 207 5375 peram
222 5305 432 5376 expiationem,
449 5311 558 5379 praeter
572 5323 623 5363 eas
638 5307 788 5362 orationes
805 5323 879 5380 quas
895 5309 944 5364 alii
997 5325 1055 5365 non
1072 5308 1217 5382 singulari
1233 5310 1320 5365 alicui
1335 5328 1484 5383 personae,
1501 5319 1532 5370 at
1547 5319 1679 5374 secunda
1694 5324 1722 5377 et
1736 5321 1832 5391 tertia,

107 5390 156 5447 pro
170 5377 242 5433 eliis
258 5392 296 5432 ex
312 5376 427 5433 interno
450 5377 557 5434 affeetu
582 5378 809 5450 profundebant,
819 5380 945 5447 ,recitari
998 5381 1052 5436 sed
1067 5382 1118 5437 toti
1133 5382 1222 5436 simul
1233 5378 1379 5440 Ecclesiae
1390 5385 1564 5444 destinatur.

107 5448 191 5505 etiarn
257 5450 354 5515 lerant
380 5447 487 5520 psalmi
510 5450 632 5521 aliquot,
657 5450 757 5505 Oratio
780 5450 943 5521 Dominiee,
1033 5452 1091 5523 (tlt
1106 5452 1180 5509 bles.
1194 5453 1757 5535 aliquot,utcredethortarieilltiquc
1776 5461 1833 5519 etc.

105 5464 330 5603 Symboidmet
344 5518 471 5603 maxime
486 5520 640 5576 confessio
651 5520 879 5593 generalisque
891 5522 945 5577 ini·
1033 5523 1091 5591 (ts)
1107 5523 1247 5580 Nonnulli
1263 5542 1348 5592 mss..
1365 5528 1542 5599 prelrihcris
1557 5542 1655 5586 oraro.
1759 5501 1766 5531 '

103 5588 142 5647 lro
161 5606 263 5647 seem
281 5590 413 5665 lrturgrar
436 5590 500 5647 iteri
523 5597 700 5649 consuent:
726 5593 763 5648 de
782 5608 839 5665 qua
863 5594 942 5649 hanc
1036 5595 1092 5663 (aar
1107 5595 1182 5652 Tres
1197 5611 1328 5667 mss.,se
1343 5612 1497 5663 armasse:
1513 5616 1602 5673 unus,
1614 5618 1648 5659 ee
1658 5614 1834 5665 renovasse.

101 5664 200 5719 (οι-ιιι
218 5660 377 5733 'Morinum
400 5662 438 5719 de
461 5662 656 5731 Paenitentia,
682 5663 733 5719 lib.
758 5680 785 5734 v,
807 5680 873 5735 cap.
897 5664 944 5735 oe,
1026 5666 1092 5738 Ι(50)
1106 5664 1229 5738 Quidam
1243 5668 1604 5747 mss.,seccaiaripratie.

101 5736 205 5795 oenset
219 5732 457 5811 intelligendam.
472 5734 531 5795 Sed
544 5749 611 5793 curn
627 5738 656 5791 et
671 5734 770 5794 inlato
784 5738 813 5792 et
827 5736 858 5798 in
873 5735 941 5795 aliis
