3900 6128
114 227 174 324 ree
835 246 868 318 s
885 250 1106 320 auaaosu.

116 460 145 514 at
163 472 222 513 non
239 455 367 513 babeant
386 455 538 522 tortiores,
560 454 688 512 habeant
711 457 802 528 serui,
819 471 879 512 non
899 432 1001 511 tra-ll
1046 455 1091 514 87.
1109 457 1273 515 Didioimus
1298 459 1396 533 itaque
1411 460 1467 530 (33)
1492 458 1647 532 potestatis
1669 474 1741 519 esso

117 547 207 603 beant
222 545 347 616 Domini,
372 545 501 602 habeant
525 544 640 620 iuopeS,
666 562 726 602 aon
750 545 876 602 babeant
903 547 953 618 qui
1012 537 1085 603 537
1102 564 1157 604 nos
1174 549 1252 604 illios
1271 549 1323 605 Dei
1341 549 1424 606 teuit:
1441 551 1629 622 proprietatis
1643 554 1741 608 autem

117 637 255 707 potentes
270 637 341 690 sunt
354 634 421 703 (30).
1010 637 1152 693 rationem
1164 635 1233 694 es'se
1245 640 1364 694 oracula
1376 639 1474 694 divina
1490 640 1659 710 derlarant;
1680 639 1742 697 diei

152 724 199 781 32.
215 723 273 780 Sed
290 724 315 779 si
331 723 433 779 dieunt
457 727 485 780 et
504 723 561 780 hoe
585 724 764 781 inllrmitetis
785 739 865 795 esse,
883 725 951 797 quia
1008 723 1157 796 Sapientia
1183 727 1254 783 Dei:
1282 749 1292 777 ι
1311 727 1354 782 Ex
1376 744 1427 783 ore
1444 729 1589 783 ditissimi
1605 728 1742 800 prodivit

119 813 221 868 volunt
234 812 370 868 homines
386 813 464 868 salios
480 813 600 881 habere,
616 829 672 869 nee
687 817 830 886 possunt:
846 830 951 887 quam·
1008 830 1089 884 xxrr,
1101 816 1146 884 5l3
1165 838 1175 864 a
1194 816 1251 871 hoe
1266 820 1321 886 est,
1338 833 1396 872 aon
1409 821 1520 887 eoueta,
1531 818 1584 873 sed
1601 817 1693 873 libera
1706 832 1742 875 :n

117 903 164 958 vis
175 902 302 958 humana
313 902 442 959 nonsiat
453 902 632 959 conterenda
643 903 762 974 divinis,
783 901 951 976 intelligant
1009 904 1106 958 testati
1130 903 1269 972 obnoxia,
1286 907 1341 961 aed
1356 910 1422 961 nata
1439 907 1640 978 generationis
1655 922 1742 963 arnan

116 997 213 1047 tamen
227 991 305 1047 inter
327 992 412 1062 ipsas
428 1007 547 1064 quoquo
570 991 707 1048 homines
729 1009 789 1048 non
813 993 951 1065 potentiae
1008 992 1118 1065 rilegio
1132 993 1342 1050 dominationis
1357 998 1385 1050 et
1406 994 1475 1067 jure
1492 996 1647 1066 potestatis
1662 995 1730 1066 (33).

117 1096 199 1150 esse,
214 1081 269 1136 sed
292 1082 423 1152 paternae
446 1081 647 1152 proprietatis,
669 1081 779 1138 habere
799 1082 888 1154 illios,
904 1082 950 1138 rel
1009 1097 1066 1152 qua
1082 1081 1118 1137 do
1133 1082 1235 1137 endem
1250 1083 1410 1156 Sapientia,
1427 1084 1483 1139 hoe
1499 1087 1546 1138 est
1568 1085 1604 1139 de
1618 1084 1742 1142 Domino

118 1186 179 1227 uon
193 1169 321 1226 habere:
337 1186 393 1225 neo
407 1170 437 1225 in
453 1174 597 1241 potestate
606 1174 717 1227 nostrae
731 1171 891 1227 voluntatis
906 1188 952 1227 es·
1008 1169 1078 1225 alibi
1088 1171 1269 1228 Patordieit:
1289 1196 1300 1220 a
1319 1171 1363 1227 Ex
1379 1175 1462 1229 utero
1478 1176 1544 1229 ante
1569 1173 1740 1231 Luciferum

115 1275 149 1315 ee
159 1275 315 1332 generare,
327 1259 380 1314 sed
391 1260 421 1314 in
432 1260 568 1331 eorporis
578 1261 736 1333 qualitate,
752 1276 820 1317 nam
834 1260 951 1317 siesset
1009 1261 1037 1314 te
1051 1259 1142 1330 (Psoi.
1159 1277 1218 1328 cnr,
1233 1261 1272 1332 3).
1292 1285 1303 1310 a

112 1349 264 1421 potentiae,
276 1347 376 1421 utique
387 1349 649 1419 potentiormultos
659 1350 791 1408 haberet.
802 1348 950 1424 Ergonon
1043 1348 1086 1403 88.
1099 1348 1180 1415 Quod
1194 1351 1294 1423 utique
1306 1351 1372 1406 ideo
1387 1352 1469 1421 dixit,
1484 1368 1541 1406 ron
1560 1355 1589 1406 ut
1601 1351 1742 1424 corporali

115 1441 161 1493 est
175 1437 313 1509 potentiae
329 1437 440 1494 babere
457 1438 534 1494 filios
549 1439 596 1495 vel
610 1454 669 1495 non
684 1439 805 1496 habere.
1008 1453 1076 1492 vum
1087 1437 1260 1509 declararet,
1269 1440 1321 1494 sed
1333 1441 1575 1512 utproprietatem
1588 1457 1666 1497 rarae
1677 1455 1742 1515 gont

148 1526 191 1582 83.
205 1527 353 1599 Numquid
363 1531 476 1583 naturoe
487 1529 556 1583 est‘l
572 1526 602 1584 Si
618 1531 730 1584 naturae
750 1528 948 1585 inttrmilatem
1008 1525 1054 1581 nis
1066 1527 1246 1584 ostenderat.
1262 1529 1336 1584 Nam
1353 1529 1379 1584 si
1394 1531 1429 1584 ad
1442 1530 1742 1602 corporalemreiernr

113 1616 233 1688 putatis,
245 1616 318 1672 etad
330 1615 520 1673 humanavoa
532 1616 828 1690 eontentisexempla,
846 1619 948 1675 eedem
1007 1615 1193 1686 omnipotens
1208 1617 1295 1672 Pater
1310 1635 1376 1673 cnm
1394 1618 1495 1675 dolore
1506 1625 1533 1675 et
1550 1619 1742 1691 conceptione

115 1706 210 1762 Patris
226 1709 272 1761 est
287 1709 390 1761 natura
413 1721 481 1777 quae
496 1707 560 1762 Filii
583 1709 639 1762 est.
665 1707 765 1779 ltaque
781 1711 830 1762 aut
845 1723 948 1763 verum
1007 1706 1093 1759 ravit.
1110 1705 1167 1760 Sed
1184 1706 1273 1778 absit,
1297 1710 1328 1762 ut
1353 1707 1444 1762 Deum
1460 1724 1497 1763 ex
1521 1709 1687 1765 infirmitate
1707 1724 1742 1766 oo

114 1794 219 1851 Filium
232 1794 341 1863 dicitis,
358 1800 387 1850 et
401 1795 479 1850 Patri
495 1794 524 1850 in
542 1795 616 1853 Filio
638 1795 789 1870 derogatis
813 1812 867 1868 per
881 1797 948 1852 uni·
970 1793 1182 1875 gmetinmurl
1208 1795 1262 1850 Est
1286 1797 1403 1868 quidam
1424 1799 1527 1852 uterus
1550 1802 1680 1868 paternae
1702 1812 1742 1854 en

112 1887 199 1940 tatem
229 1883 364 1956 ejusdem
394 1888 506 1940 naturae
531 1884 621 1954 (sieut
643 1885 721 1940 enim
736 1886 824 1941 Pater
845 1888 948 1942 natura
1007 1881 1742 1957 substantiae,interiusqueeerretnm,qaodnond

114 1973 194 2029 Deua
205 1975 261 2043 est,
272 1973 349 2028 itaet
364 1973 474 2028 Filius:
490 1973 564 2030 deos
578 1977 674 2029 autem
692 1974 733 2030 ait
749 1974 911 2048 Apostolus
923 1976 952 2045 (1
1006 1988 1065 2028 non
1075 1973 1267 2046 Archangeli,
1280 1989 1338 2028 aon
1348 1974 1524 2042 Potestates,
1541 1990 1599 2030 non
1610 1975 1742 2032 Dominari

114 2062 183 2119 Cor.
200 2079 261 2134 urrr,
277 2063 306 2133 5)
329 2064 510 2119 nannetum
533 2062 606 2119 deos
622 2077 702 2132 esse,
727 2062 781 2120 sed
796 2062 876 2134 diei),
898 2068 948 2119 aut
1006 2077 1065 2117 non
1088 2062 1186 2134 aliqua
1213 2065 1414 2118 creaturarum
1437 2065 1530 2134 potuit
1554 2068 1708 2135 penetrare
1728 2080 1742 2121 n

111 2151 138 2207 si
153 2151 270 2225 negatis
284 2152 357 2208 esse'
370 2167 473 2208 rernm
487 2151 604 2223 Filium,
620 2151 677 2208 hoe
690 2150 947 2224 eatejaedemna·
1006 2148 1079 2205 Cum
1096 2151 1181 2211 Patre
1198 2152 1276 2206 enim
1301 2167 1429 2223 semper,
1452 2156 1479 2206 et
1501 2153 1531 2206 in
1553 2153 1638 2208 Patre
1662 2168 1742 2226 semp

113 2243 404 2314 turea,nonestergo
415 2243 594 2314 generatus:
615 2241 769 2298 sinonest
787 2245 947 2316 generatus
1006 2239 1120 2296 Filius:
1138 2255 1205 2295 eum
1222 2239 1308 2296 Patre
1322 2256 1377 2312 per
1391 2242 1611 2296 distinctionem
1632 2242 1742 2300 indias<

113 2330 216 2399 Filius,
234 2346 294 2386 non
308 2330 461 2403 generavit
476 2329 572 2387 Pater.
1005 2328 1064 2384 lom
1078 2329 1229 2384 Trinitatis
1244 2333 1374 2402 aeternae,
1390 2330 1421 2385 in
1446 2331 1529 2386 Patre
1544 2348 1598 2402 por
1620 2331 1731 2389 divinar

145 2419 189 2476 31.
202 2418 359 2493 Colligitur
370 2420 467 2492 itaque
479 2418 565 2491 juxte
582 2419 758 2476 sententiam
775 2421 905 2477 vestram
915 2424 948 2476 ut
1004 2421 1063 2473 tem
1075 2421 1199 2474 naturae.

112 2509 222 2565 nonsit
233 2508 511 2581 omnipoteasiteus
522 2508 629 2580 Pater,
644 2510 713 2582 quia
727 2525 873 2583 generare
887 2525 947 2566 non
1039 2507 1083 2563 ee.
1100 2506 1173 2573 Quis
1198 2507 1289 2580 igitur
1313 2509 1361 2563 hie
1385 2510 1495 2564 arbiter
1519 2510 1693 2584 divinitatis,
1709 2526 1742 2585 qr

111 2598 215 2670 potuit,
232 2597 259 2654 si
282 2614 342 2656 non
363 2598 518 2671 generavit
541 2597 657 2669 Filium,
681 2597 735 2655 sed
752 2599 872 2655 creavit.
888 2599 947 2655 Sed
1004 2597 1094 2652 autiat
1118 2597 1234 2652 Patrem
1257 2613 1292 2652 ee
1317 2597 1440 2654 Filium:
1465 2598 1524 2668 ille,
1550 2615 1641 2670 quare
1662 2615 1742 2673 geno

113 2686 183 2758 quia
202 2686 389 2758 amnipotens
408 2688 506 2752 Pater,
523 2703 589 2743 eum
601 2687 687 2760 J'uxta
702 2689 879 2744 seutentiam
894 2704 947 2744 ve·
1003 2685 1070 2749 isle,
1088 2702 1143 2741 eur
1156 2702 1215 2742 non
1232 2688 1409 2759 generavit?
1432 2688 1588 2743 Servatum
1609 2704 1698 2745 suum
1721 2706 1742 2745 a¹

114 2778 206 2832 stram
222 2775 307 2831 aolus
330 2779 489 2848 generator
510 2776 696 2848 omnipotens
720 2777 769 2848 sit,
794 2778 948 2850 generavit
1003 2774 1132 2830 eillulnm
1149 2791 1202 2830 eur
1216 2791 1274 2830 non
1291 2777 1452 2848 generavit,
1472 2793 1557 2833 nomo
1579 2778 1742 2834 condemna

114 2864 215 2937 utique
226 2863 343 2935 Filium,
355 2880 414 2921 non
425 2866 546 2922 crearit.
559 2865 669 2923 Verum
683 2866 742 2937 ipsi
753 2865 849 2940 magis
859 2881 947 2939 quam
1003 2864 1209 2935 condemnant,
1224 2880 1279 2920 aar
1293 2882 1352 2920 non
1363 2866 1682 2938 generaritChristas3
1699 2884 1742 2925 ent

110 2952 199 3009 robis
210 2953 390 3009 eredendum
405 2956 462 3011 ost.
481 2954 532 3011 ille
543 2954 583 3009 ait
599 2953 695 3012 Gonni
711 2955 806 3026 (Psal.
823 2970 883 3026 mx,
896 2954 944 3027 3);
1002 2955 1073 3007 nant
1088 2953 1166 3009 enim
1181 2969 1236 3009 suo
1252 2954 1400 3024 opinione,
1419 2971 1483 3009 eum
1497 2957 1649 3028 derogent.
1665 2956 1731 3013 Neo

110 3044 139 3100 et
152 3041 323 3115 frequenter
336 3043 386 3114 ait,
402 3044 605 3116 generationis
620 3060 684 3100 suaa
698 3045 795 3100 testis.
1003 3041 1092 3114 gibus
1109 3042 1186 3098 inter
1200 3056 1233 3098 sa
1250 3059 1304 3099 eur
1324 3060 1383 3098 non
1405 3046 1622 3116 generaverint,
1639 3048 1690 3102 aut
1710 3045 1742 3103 el

143 3130 190 3190 85.
215 3131 283 3189 Νοιι
305 3134 353 3189 est
375 3147 448 3206 ergo
472 3136 595 3203 naturae,
621 3149 680 3189 aon
695 3136 743 3189 est
764 3132 902 3205 potentiae
917 3133 947 3188 in
1004 3131 1154 3202 minuitur,
1180 3134 1230 3186 ant
1251 3133 1386 3188 meritam
1409 3134 1587 3205 derogatur:
1615 3135 1664 3190 isti
1687 3134 1740 3208 qni

109 3219 228 3278 Christo
240 3220 348 3293 aliqua,
360 3221 500 3293 quianon
513 3223 676 3295 generarit,
688 3222 859 3279 intirmitas:
878 3223 947 3295 quia
1003 3221 1167 3292 generavit,
1183 3220 1292 3277 Christi
1310 3222 1443 3277 minuunt
1458 3226 1642 3293 potestatem.

109 3310 274 3385 generatio,
291 3310 371 3367 sieut
385 3326 467 3382 sape
479 3311 542 3384 jam
557 3310 698 3381 diximus,
718 3328 777 3368 non
792 3311 830 3367 ad
849 3311 946 3366 anbli-
1036 3309 1081 3365 90.
1100 3308 1169 3378 Cur,
1193 3309 1339 3382 inquiunt,
1364 3311 1458 3366 Filius
1482 3313 1568 3367 Pater
1591 3327 1650 3368 non
1674 3313 1742 3370 esti

111 3402 247 3457 metatam
266 3399 416 3472 patentia,
440 3399 494 3456 aad
522 3399 559 3456 ad
582 3401 792 3472 proprietatem
819 3399 948 3456 retertur
1001 3398 1132 3454 etPater
1158 3398 1251 3454 Filius
1277 3415 1336 3455 non
1361 3403 1417 3457 est.
1433 3402 1493 3455 Cur
1511 3416 1567 3455 non
1590 3402 1646 3456 iste
1662 3416 1741 3475 gene

111 3488 398 3560 aeternaequae
422 3488 451 3544 si
464 3488 531 3546 ideo
556 3489 743 3561 omnipotens
766 3488 861 3559 Pater,
878 3490 947 3562 quia
1000 3486 1074 3552 Quia
1085 3503 1140 3544 nee
1156 3488 1208 3569 jlte
1224 3491 1383 3561 generatus
1398 3495 1454 3545 est.
1472 3490 1534 3545 Nee
1549 3490 1615 3545 ideo
1631 3490 1730 3547 minus

111 3577 215 3635 Filium
238 3576 347 3634 hahet:
371 3577 600 3650 omnipotentior
618 3593 692 3651 argo
715 3592 785 3635 esse
799 3578 902 3651 potuit,
919 3578 947 3636 si
1002 3574 1106 3646 Filius,
1119 3576 1187 3648 quie
1204 3577 1291 3632 Pater
1306 3593 1365 3633 non
1381 3582 1443 3634 est:
1461 3595 1516 3632 nee
1533 3580 1618 3633 Pater
1631 3579 1732 3636 minus

110 3666 212 3738 plnres
227 3665 359 3724 haberet.
1001 3666 1069 3737 quia
1085 3664 1179 3721 Filius
1204 3681 1263 3721 non
1286 3669 1341 3720 est.
1359 3666 1438 3720 Dixit
1459 3667 1536 3721 enim
1553 3667 1680 3724 Filium:
1706 3688 1719 3720 ι
1735 3671 1742 3721 t

145 3755 246 3811 Siblia
256 3771 328 3813 vero
341 3754 547 3829 potentiaajas
564 3755 595 3811 in
612 3769 670 3813 ana
686 3757 879 3831 generatione
893 3756 939 3813 de·
1001 3770 1068 3825 quae
1081 3755 1166 3810 Pater
1181 3755 1279 3823 habet,
1296 3771 1360 3810 mea
1376 3761 1445 3811 sant
1459 3756 1554 3826 (doen.
1575 3774 1635 3827 xvr,
1649 3757 1704 3828 15).
1723 3776 1736 3808 ι

112 3844 203 3900 tecit?
218 3845 256 3901 st
269 3860 342 3918 ergo
358 3846 514 3902 ostendum
531 3848 560 3901 et
572 3844 721 3902 Christum
737 3845 945 3915 baberetitios,
1001 3844 1153 3916 generatio
1174 3843 1204 3898 in
1219 3848 1339 3916 paterna
1360 3844 1550 3916 proprietate,
1575 3861 1635 3900 non
1649 3846 1679 3902 in
1698 3844 1742 3919 jur

111 3949 188 4007 quos
204 3933 336 4006 quotidie
350 3936 483 4006 general,
499 3934 554 3991 sad
569 3950 604 3990 ea
619 3934 822 4008 generatione,
839 3935 885 3990 rol
896 3951 949 4007 po·
1000 3933 1165 4005 potestatis.

110 4023 170 4080 tius
195 4023 430 4097 regeneratione,
454 4039 521 4096 quae
545 4023 701 4095 potestatis
724 4024 781 4093 est,
806 4038 865 4079 non
893 4040 947 4079 na·
1035 4021 1146 4078 bbiist
1163 4022 1298 4093 quaedam
1313 4022 1484 4084 indistincta
1505 4024 1653 4080 distinctae
1668 4025 1742 4083 ineo:

113 4115 219 4183 turae,
253 4111 370 4184 adoptio
402 4111 480 4169 enim
512 4112 669 4184 potestatis
701 4114 757 4180 est,
796 4114 948 4184 generatio
1001 4111 1742 4170 hausibilisetinenarrabilissubstantin'rriaitatir

110 4201 311 4276 proprietatis.
326 4201 411 4270 Quod
425 4203 491 4276 ipsa
505 4201 657 4273 Scriptura
672 4217 728 4258 nos
744 4200 864 4273 doeuit3
889 4202 948 4257 diei
1000 4200 1170 4256 tinctionem
1199 4202 1307 4255 etenim
1331 4202 1500 4273 aoeepimus
1524 4202 1630 4273 Patris,
1654 4207 1687 4258 et
1705 4202 1741 4259 Fi

111 4291 330 4349 enimloannes
340 4291 409 4365 quia
426 4314 437 4340 ι
455 4291 485 4348 in
500 4291 558 4348 hoe
573 4290 682 4347 mundo
697 4293 769 4360 erat,
782 4291 946 4347 otmundus
999 4288 1129 4360 Spiritus
1144 4290 1248 4360 saneti,
1265 4306 1324 4345 noa
1351 4291 1575 4347 contusionem:
1601 4291 1742 4348 distinatit

110 4397 165 4454 per
180 4381 279 4454 ipsum
293 4380 390 4437 iaetus
409 4383 465 4450 est,
487 4384 516 4437 et
530 4380 658 4436 mundus
673 4395 741 4436 eum
755 4395 815 4436 nou
831 4395 944 4453 eogno-
1000 4395 1058 4434 non
1069 4378 1285 4449 separationem
1301 4379 1375 4449 (31);
1398 4380 1627 4450 diminutionem,
1653 4358 1713 4438 non
1736 4399 1743 4454 1

110 4472 162 4528 vit.
177 4471 210 4527 ln
224 4470 344 4544 propria
368 4471 459 4542 venit,
483 4472 512 4527 et
534 4469 581 4525 eui
597 4484 664 4525 eum
680 4484 739 4524 non
758 4471 945 4542 receperunt.
999 4467 1119 4523 litatem.
1136 4468 1242 4523 Divino
1258 4467 1356 4539 itaque
1373 4469 1604 4541 admirandoque
1618 4470 1742 4542 mysteri

110 4559 258 4634 Quotquot
273 4562 370 4618 autern
393 4560 570 4632 receperunt
590 4574 669 4629 eum,
693 4557 848 4614 dedititiis
863 4562 947 4630 pota·
962 4530 1117 4611 tlnentem
1134 4572 1253 4627 semper
1267 4556 1429 4628 accipimus
1447 4559 1571 4626 Patrem,
1589 4558 1742 4630 semparF

111 4652 216 4704 statem
230 4649 308 4706 tilios
325 4649 377 4705 Dei
401 4649 476 4721 ilari,
491 4648 539 4705 his
563 4648 614 4720 qui
638 4647 762 4704 eredunt
777 4646 807 4702 in
826 4647 946 4704 nomiae
999 4661 1118 4715 semper
1132 4644 1272 4714 Spiritum
1295 4649 1448 4700 sarratam:
1474 4663 1531 4700 non
1546 4647 1620 4702 duos
1647 4646 1742 4705 Patrai

111 4736 178 4810 ejus
194 4737 288 4808 (doen.
307 4737 409 4809 lodi).
428 4761 439 4786 ι
999 4734 1075 4788 duos
1087 4732 1189 4804 Filios,
1206 4733 1359 4789 noaduos
1377 4734 1541 4805 Spiritus«
1562 4735 1645 4791 [aas
1660 4736 1742 4795 enirn

146 4861 202 4932 (30)
217 4862 257 4917 lta
272 4865 331 4918 ret.
347 4863 416 4918 edit.
432 4864 461 4919 et
481 4860 583 4933 plures
598 4861 788 4933 potioresque
808 4875 882 4917 mss.
899 4861 944 4915 Ad
999 4858 1179 4914 atetlanum
1193 4873 1265 4913 vero
1281 4857 1455 4926 ubiomnas,
1468 4862 1495 4913 at
1511 4876 1583 4914 mss.
1594 4860 1719 4932 aliquot,
1736 4883 1742 4912 a

112 4932 197 4988 Rom.
210 4933 279 4988 edit.
292 4949 358 4988 oum
367 4932 434 4988 aliis
445 4933 606 4998 nonnullis,
620 4933 691 5005 «qni
703 4933 847 4988 ditiores·
863 4937 942 4987 sunt.
998 4929 1236 5000 prietatisautam
1246 4930 1478 5000 generationem,
1489 4955 1499 4978 a
1513 4932 1742 5004 ornabatque]

147 5003 189 5074 (31
220 5003 303 5060 Hane
318 5004 469 5058 Ambrosii
493 5004 669 5059 sententiam
686 5003 823 5059 Patavina
842 5002 893 5059 lib.
910 5019 942 5071 u,
999 5001 1594 5072 perrorationes5reliquidcodirum-tunt
1612 5005 1742 5061 sententi

110 5074 155 5130 De
191 5075 277 5129 rinit.
287 5090 352 5145 cap.
366 5076 393 5142 5,
410 5075 448 5128 ita
464 5076 594 5146 exponit,
609 5096 620 5125 ι
634 5074 690 5131 hoe
702 5078 757 5143 est,
769 5074 865 5148 inquit
876 5090 945 5144 pro·
998 5057 1077 5152 lrunn
1089 5071 1217 5137 modum,
1233 5094 1243 5120 ι
1258 5072 1465 5142 proprietatem
1476 5077 1570 5127 utitem
1592 5076 1742 5147 generatio

112 5145 210 5215 prium
225 5146 344 5216 quidam
358 5160 428 5200 esse
444 5161 591 5216 personae,
607 5146 672 5201 sive
690 5151 803 5202 naturae
823 5145 943 5214 dirinae,
1000 5143 1097 5197 lllrnus
1114 5145 1277 5198 commode.

109 5233 167 5288 qua
179 5216 208 5271 in
220 5217 304 5271 Patre
315 5216 462 5272 subsistit.
472 5238 484 5268 ι
494 5215 577 5282 Quod
587 5218 753 5272 utntadhue
762 5216 944 5288 lietplanius,
1034 5214 1090 5282 (33)
1099 5211 1535 5285 liss.quataor‚ajurepietnlis.
1545 5237 1557 5265 a
1567 5215 1742 5275 llnudiuoer

109 5288 331 5355 advertendum,
343 5305 381 5342 ax
392 5290 494 5343 natura
503 5288 598 5343 l’etrie
609 5289 745 5361 generari
758 5288 873 5356 Filium,
885 5304 945 5342 non
1033 5285 1091 5353 (31)
1101 5284 1150 5339 Sia
1159 5301 1262 5339 omnes
1278 5285 1347 5339 edit.
1367 5289 1396 5337 et
1415 5302 1487 5340 maa.
1505 5302 1561 5339 non
1575 5287 1675 5356 pauci:
1686 5288 1740 5345 atii

129 5364 255 5415 eatenus
267 5363 369 5415 natura
389 5364 444 5425 est,
462 5360 515 5415 sed
530 5362 676 5431 quatenus
693 5361 739 5414 est
753 5359 783 5414 in
803 5359 897 5426 Patre,
915 5363 946 5413 ut
995 5355 1163 5427 jungulatin
1179 5357 1304 5410 roribus
1321 5379 1331 5401 a
1350 5356 1579 5414 distinctionem.
1597 5373 1656 5412 non
1671 5374 1742 5432 sapa

108 5376 158 5487 llle
180 5430 269 5487 simul
291 5435 320 5487 et
338 5431 603 5487 consubstantialis
625 5431 665 5485 sit
688 5431 776 5501 l'atri,
802 5432 831 5486 ol
856 5430 893 5486 ab
909 5445 944 5486 eo
996 5444 1074 5495 nour,
1089 5425 1742 5499 asubjungunt,adivinitatemqueadmiranr‘

108 5502 307 5573 personaliter
322 5503 491 5558 distinctus.
996 5499 1086 5554 sterio
1098 5502 1263 5553 manentem
1274 5515 1391 5567 semper
1402 5500 1565 5567 aeipnnns
1586 5516 1623 5554 ox
1645 5500 1742 5575 Patre,

143 5575 200 5644 (33)
210 5576 295 5630 Rom.
307 5574 376 5630 edit.
389 5574 545 5646 etquidem
552 5589 637 5636 mss..
648 5596 659 5620 a
671 5570 917 5643 Dicimusitaque:
929 5593 939 5622 ι
996 5587 1049 5642 per
1058 5568 1235 5640 pertitinet,
1248 5585 1366 5639 aornpor
1377 5570 1405 5622 in
1418 5570 1555 5640 Spiritum
1564 5574 1720 5645 sanatum
1732 5594 1742 5625 ι

107 5647 165 5700 vet.
178 5645 247 5702 edit.
260 5645 464 5714 etaliimss.,r
482 5645 646 5700 Didioimus
664 5644 796 5718 itaque.»
815 5643 941 5714 Aptius:
996 5658 1012 5697 e
1027 5641 1168 5709 Colbert,
1183 5662 1195 5688 a
1208 5640 1437 5705 distinctionem,
1456 5657 1515 5697 non
1530 5641 1742 5725 separationen

105 5715 233 5775 retertur
241 5717 362 5776 enimad
373 5715 537 5793 superiora,
551 5715 655 5774 «dedit
664 5714 938 5789 iltispotaatatem,a
995 5711 1189 5789 pluralitatem
1206 5711 1342 5773 dicimus.
1363 5732 1373 5760 a
1391 5712 1504 5773 Caetera
1520 5715 1551 5771 ut
1565 5728 1596 5773 tn
1610 5716 1742 5777 contexti
