<?xml version="1.0" encoding="UTF-8"?>
<!DOCTYPE html PUBLIC "-//W3C//DTD XHTML 1.0 Transitional//EN"
    "http://www.w3.org/TR/xhtml1/DTD/xhtml1-transitional.dtd">
<html xmlns="http://www.w3.org/1999/xhtml" xml:lang="en" lang="en">
 <head>
  <title>
</title>
<meta http-equiv="Content-Type" content="text/html;charset=utf-8" />
  <meta name='ocr-system' content='tesseract 3.04.00' />
  <meta name='ocr-capabilities' content='ocr_page ocr_carea ocr_par ocr_line ocrx_word'/>
</head>
<body>
  <div class='ocr_page' id='page_1' title='image "./patrologiaecurs70unkngoog_0432.png"; bbox 0 0 3900 6128; ppageno 0'>
   <div class='ocr_carea' id='block_1_1' title="bbox 517 286 1075 356">
    <p class='ocr_par' dir='ltr' id='par_1_1' title="bbox 517 286 1075 356">
     <span class='ocr_line' id='line_1_1' title="bbox 517 286 1075 356; baseline 0.011 -6"><span class='ocrx_word' id='word_1_1' title='bbox 517 286 647 351; x_wconf 82' lang='lat' dir='ltr'><strong>LIBER</strong></span> <span class='ocrx_word' id='word_1_2' title='bbox 667 288 723 352; x_wconf 89' lang='lat' dir='ltr'>DE</span> <span class='ocrx_word' id='word_1_3' title='bbox 743 288 1075 356; x_wconf 81' lang='lat' dir='ltr'><strong>INCARNATIONE.</strong></span> 
     </span>
    </p>
   </div>
   <div class='ocr_carea' id='block_1_2' title="bbox 87 433 1666 560">
    <p class='ocr_par' dir='ltr' id='par_1_2' title="bbox 87 433 1666 560">
     <span class='ocr_line' id='line_1_2' title="bbox 87 433 1666 560; baseline 0.008 -39"><span class='ocrx_word' id='word_1_4' title='bbox 87 461 376 522; x_wconf 70' lang='lat' dir='ltr'>nsFiliuslleivivi</span> <span class='ocrx_word' id='word_1_5' title='bbox 394 466 560 539; x_wconf 80' lang='lat' dir='ltr'>(lnid.16);</span> <span class='ocrx_word' id='word_1_6' title='bbox 580 491 591 519; x_wconf 78' lang='lat' dir='ltr'>r</span> <span class='ocrx_word' id='word_1_7' title='bbox 618 469 696 525; x_wconf 85' lang='lat' dir='ltr'>lrunc</span> <span class='ocrx_word' id='word_1_8' title='bbox 721 487 773 527; x_wconf 90' lang='lat' dir='ltr'>so·</span> <span class='ocrx_word' id='word_1_9' title='bbox 789 498 816 560; x_wconf 70' lang='grc' dir='ltr'>Α</span> <span class='ocrx_word' id='word_1_10' title='bbox 832 433 923 527; x_wconf 80' lang='lat' dir='ltr'>cera:</span> <span class='ocrx_word' id='word_1_11' title='bbox 949 474 1035 529; x_wconf 84' lang='lat' dir='ltr'>Nunc</span> <span class='ocrx_word' id='word_1_12' title='bbox 1058 490 1144 530; x_wconf 91' lang='lat' dir='ltr'>nemo</span> <span class='ocrx_word' id='word_1_13' title='bbox 1169 491 1215 530; x_wconf 90' lang='lat' dir='ltr'>me</span> <span class='ocrx_word' id='word_1_14' title='bbox 1241 475 1349 548; x_wconf 83' lang='lat' dir='ltr'>vincet,</span> <span class='ocrx_word' id='word_1_15' title='bbox 1376 492 1454 532; x_wconf 91' lang='lat' dir='ltr'>nuuc</span> <span class='ocrx_word' id='word_1_16' title='bbox 1478 492 1552 532; x_wconf 79' lang='lat' dir='ltr'>mcae</span> <span class='ocrx_word' id='word_1_17' title='bbox 1566 480 1666 548; x_wconf 87' lang='lat' dir='ltr'>pertas</span> 
     </span>
    </p>
   </div>
   <div class='ocr_carea' id='block_1_3' title="bbox 88 553 389 611">
    <p class='ocr_par' dir='ltr' id='par_1_3' title="bbox 88 553 389 611">
     <span class='ocr_line' id='line_1_3' title="bbox 88 553 389 611; baseline 0.003 -1"><span class='ocrx_word' id='word_1_18' title='bbox 88 553 237 611; x_wconf 77' lang='lat' dir='ltr'>immerito</span> <span class='ocrx_word' id='word_1_19' title='bbox 251 555 389 611; x_wconf 84' lang='lat' dir='ltr'>laudavit.</span> 
     </span>
    </p>
   </div>
   <div class='ocr_carea' id='block_1_4' title="bbox 86 679 772 1373">
    <p class='ocr_par' dir='ltr' id='par_1_4' title="bbox 86 679 772 1373">
     <span class='ocr_line' id='line_1_4' title="bbox 86 679 771 752; baseline 0.003 -17"><span class='ocrx_word' id='word_1_20' title='bbox 86 693 121 752; x_wconf 73' lang='lat'>30</span> <span class='ocrx_word' id='word_1_21' title='bbox 144 679 276 736; x_wconf 72' lang='lat' dir='ltr'>loannes</span> <span class='ocrx_word' id='word_1_22' title='bbox 301 681 380 748; x_wconf 87' lang='lat' dir='ltr'>dicit,</span> <span class='ocrx_word' id='word_1_23' title='bbox 407 683 512 736; x_wconf 87' lang='lat' dir='ltr'>Petrus</span> <span class='ocrx_word' id='word_1_24' title='bbox 533 682 612 751; x_wconf 89' lang='lat' dir='ltr'>dicit,</span> <span class='ocrx_word' id='word_1_25' title='bbox 635 683 771 738; x_wconf 79' lang='lat' dir='ltr'>Christus</span> 
     </span>
     <span class='ocr_line' id='line_1_5' title="bbox 99 770 772 839; baseline 0.003 -14"><span class='ocrx_word' id='word_1_26' title='bbox 99 770 129 825; x_wconf 74' lang='lat' dir='ltr'>ot</span> <span class='ocrx_word' id='word_1_27' title='bbox 143 770 174 824; x_wconf 81' lang='lat' dir='ltr'>tu</span> <span class='ocrx_word' id='word_1_28' title='bbox 189 784 249 825; x_wconf 89' lang='lat' dir='ltr'>non</span> <span class='ocrx_word' id='word_1_29' title='bbox 263 771 382 839; x_wconf 71' lang='lat' dir='ltr'>probus</span> <span class='ocrx_word' id='word_1_30' title='bbox 396 772 528 826; x_wconf 66' lang='lat' dir='ltr'>brinno?</span> <span class='ocrx_word' id='word_1_31' title='bbox 544 772 605 826; x_wconf 89' lang='lat' dir='ltr'>Nec</span> <span class='ocrx_word' id='word_1_32' title='bbox 623 774 727 826; x_wconf 78' lang='lat' dir='ltr'>loanni</span> <span class='ocrx_word' id='word_1_33' title='bbox 744 776 772 827; x_wconf 86' lang='lat' dir='ltr'>et</span> 
     </span>
     <span class='ocr_line' id='line_1_6' title="bbox 87 857 770 930; baseline 0.001 -18"><span class='ocrx_word' id='word_1_34' title='bbox 87 857 136 912; x_wconf 71' lang='lat' dir='ltr'>tna</span> <span class='ocrx_word' id='word_1_35' title='bbox 159 871 230 913; x_wconf 78' lang='lat' dir='ltr'>esse</span> <span class='ocrx_word' id='word_1_36' title='bbox 254 858 444 927; x_wconf 86' lang='lat' dir='ltr'>eredendum,</span> <span class='ocrx_word' id='word_1_37' title='bbox 466 875 542 930; x_wconf 90' lang='lat' dir='ltr'>quas</span> <span class='ocrx_word' id='word_1_38' title='bbox 558 861 603 914; x_wconf 86' lang='lat' dir='ltr'>rel</span> <span class='ocrx_word' id='word_1_39' title='bbox 619 861 701 914; x_wconf 86' lang='lat' dir='ltr'>salos</span> <span class='ocrx_word' id='word_1_40' title='bbox 719 877 770 930; x_wconf 91' lang='lat' dir='ltr'>pro</span> 
     </span>
     <span class='ocr_line' id='line_1_7' title="bbox 86 944 771 1018; baseline 0.003 -19"><span class='ocrx_word' id='word_1_41' title='bbox 86 944 111 1001; x_wconf 93' lang='lat' dir='ltr'>io</span> <span class='ocrx_word' id='word_1_42' title='bbox 124 944 229 1018; x_wconf 71' lang='lat' dir='ltr'>glor-ite</span> <span class='ocrx_word' id='word_1_43' title='bbox 243 961 307 1001; x_wconf 84' lang='lat' dir='ltr'>suen</span> <span class='ocrx_word' id='word_1_44' title='bbox 322 947 465 1003; x_wconf 83' lang='lat' dir='ltr'>Dominus</span> <span class='ocrx_word' id='word_1_45' title='bbox 477 953 578 1002; x_wconf 91' lang='lat' dir='ltr'>noster</span> <span class='ocrx_word' id='word_1_46' title='bbox 589 950 678 1003; x_wconf 78' lang='lat' dir='ltr'>lesus</span> <span class='ocrx_word' id='word_1_47' title='bbox 688 948 771 1001; x_wconf 78' lang='lat' dir='ltr'>Clui-</span> 
     </span>
     <span class='ocr_line' id='line_1_8' title="bbox 86 1033 770 1107; baseline 0.001 -18"><span class='ocrx_word' id='word_1_48' title='bbox 86 1033 203 1089; x_wconf 85' lang='lat' dir='ltr'>·mnium</span> <span class='ocrx_word' id='word_1_49' title='bbox 217 1033 305 1090; x_wconf 84' lang='lat' dir='ltr'>fldem</span> <span class='ocrx_word' id='word_1_50' title='bbox 316 1036 598 1092; x_wconf 88' lang='lat' dir='ltr'>crediditabuudaro</span> <span class='ocrx_word' id='word_1_51' title='bbox 608 1040 621 1091; x_wconf 80' lang='lat' dir='ltr'>‘l</span> <span class='ocrx_word' id='word_1_52' title='bbox 639 1038 770 1107; x_wconf 87' lang='lat' dir='ltr'>llenique</span> 
     </span>
     <span class='ocr_line' id='line_1_9' title="bbox 98 1122 770 1181; baseline 0 -3"><span class='ocrx_word' id='word_1_53' title='bbox 98 1122 301 1179; x_wconf 84' lang='lat' dir='ltr'>testimouium</span> <span class='ocrx_word' id='word_1_54' title='bbox 323 1127 433 1180; x_wconf 89' lang='lat' dir='ltr'>vetaris</span> <span class='ocrx_word' id='word_1_55' title='bbox 451 1130 478 1181; x_wconf 91' lang='lat' dir='ltr'>et</span> <span class='ocrx_word' id='word_1_56' title='bbox 497 1127 565 1180; x_wconf 92' lang='lat' dir='ltr'>novi</span> <span class='ocrx_word' id='word_1_57' title='bbox 590 1127 770 1180; x_wconf 78' lang='lat' dir='ltr'>Testamenti</span> 
     </span>
     <span class='ocr_line' id='line_1_10' title="bbox 87 1211 769 1280; baseline 0 -12"><span class='ocrx_word' id='word_1_58' title='bbox 87 1226 138 1268; x_wconf 88' lang='lat' dir='ltr'>um</span> <span class='ocrx_word' id='word_1_59' title='bbox 153 1211 218 1266; x_wconf 84' lang='lat' dir='ltr'>Elia</span> <span class='ocrx_word' id='word_1_60' title='bbox 236 1213 404 1280; x_wconf 78' lang='lat' dir='ltr'><strong>asciscitur,</strong></span> <span class='ocrx_word' id='word_1_61' title='bbox 433 1231 499 1269; x_wconf 91' lang='lat' dir='ltr'>cum</span> <span class='ocrx_word' id='word_1_62' title='bbox 525 1216 639 1269; x_wconf 81' lang='lat' dir='ltr'>ioaune</span> <span class='ocrx_word' id='word_1_63' title='bbox 663 1215 769 1268; x_wconf 71' lang='lat' dir='ltr'>l‘atrus</span> 
     </span>
     <span class='ocr_line' id='line_1_11' title="bbox 88 1299 595 1373; baseline 0.006 -19"><span class='ocrx_word' id='word_1_64' title='bbox 88 1299 274 1355; x_wconf 78' lang='lat' dir='ltr'>radhibotur</span> <span class='ocrx_word' id='word_1_65' title='bbox 288 1302 406 1367; x_wconf 69' lang='grc'>(313333.</span> <span class='ocrx_word' id='word_1_66' title='bbox 425 1320 495 1371; x_wconf 84' lang='lat' dir='ltr'>xvu,</span> <span class='ocrx_word' id='word_1_67' title='bbox 514 1304 539 1372; x_wconf 89' lang='lat' dir='ltr'>l,</span> <span class='ocrx_word' id='word_1_68' title='bbox 557 1304 595 1373; x_wconf 81' lang='grc'>3).</span> 
     </span>
    </p>
   </div>
   <div class='ocr_carea' id='block_1_5' title="bbox 86 1406 769 1832">
    <p class='ocr_par' dir='ltr' id='par_1_5' title="bbox 86 1406 769 1832">
     <span class='ocr_line' id='line_1_12' title="bbox 86 1406 767 1479; baseline 0 -18"><span class='ocrx_word' id='word_1_69' title='bbox 86 1420 135 1461; x_wconf 81' lang='lat' dir='ltr'>ms</span> <span class='ocrx_word' id='word_1_70' title='bbox 150 1406 230 1474; x_wconf 84' lang='lat' dir='ltr'>dicit,</span> <span class='ocrx_word' id='word_1_71' title='bbox 252 1406 293 1461; x_wconf 86' lang='lat' dir='ltr'>Ta</span> <span class='ocrx_word' id='word_1_72' title='bbox 307 1424 340 1462; x_wconf 90' lang='lat' dir='ltr'>es</span> <span class='ocrx_word' id='word_1_73' title='bbox 354 1409 473 1476; x_wconf 57' lang='lat' dir='ltr'>(illitati.</span> <span class='ocrx_word' id='word_1_74' title='bbox 492 1426 551 1476; x_wconf 80' lang='lat' dir='ltr'>xvi,</span> <span class='ocrx_word' id='word_1_75' title='bbox 568 1410 632 1479; x_wconf 70' lang='lat' dir='ltr'>tn),</span> <span class='ocrx_word' id='word_1_76' title='bbox 650 1426 708 1464; x_wconf 93' lang='lat' dir='ltr'>non</span> <span class='ocrx_word' id='word_1_77' title='bbox 725 1410 767 1462; x_wconf 89' lang='lat' dir='ltr'>di-</span> 
     </span>
     <span class='ocr_line' id='line_1_13' title="bbox 86 1488 768 1564; baseline 0.001 -13"><span class='ocrx_word' id='word_1_78' title='bbox 86 1506 139 1551; x_wconf 64' lang='lat' dir='ltr'>baa</span> <span class='ocrx_word' id='word_1_79' title='bbox 155 1495 282 1564; x_wconf 75' lang='lat' dir='ltr'>coepisti.</span> <span class='ocrx_word' id='word_1_80' title='bbox 301 1488 374 1550; x_wconf 82' lang='grc'>710</span> <span class='ocrx_word' id='word_1_81' title='bbox 399 1498 503 1551; x_wconf 84' lang='lat' dir='ltr'>Petrus</span> <span class='ocrx_word' id='word_1_82' title='bbox 528 1499 619 1553; x_wconf 85' lang='lat' dir='ltr'>dicit:</span> <span class='ocrx_word' id='word_1_83' title='bbox 647 1522 657 1544; x_wconf 73' lang='lat' dir='ltr'>a</span> <span class='ocrx_word' id='word_1_84' title='bbox 676 1500 718 1552; x_wconf 89' lang='lat' dir='ltr'>Tu</span> <span class='ocrx_word' id='word_1_85' title='bbox 735 1516 768 1552; x_wconf 87' lang='lat' dir='ltr'>cs</span> 
     </span>
     <span class='ocr_line' id='line_1_14' title="bbox 86 1581 767 1642; baseline 0.006 -6"><span class='ocrx_word' id='word_1_86' title='bbox 86 1581 120 1638; x_wconf 86' lang='lat' dir='ltr'>ti:</span> <span class='ocrx_word' id='word_1_87' title='bbox 140 1606 151 1629; x_wconf 72' lang='grc' dir='ltr'>υ</span> <span class='ocrx_word' id='word_1_88' title='bbox 169 1599 228 1638; x_wconf 90' lang='lat' dir='ltr'>non</span> <span class='ocrx_word' id='word_1_89' title='bbox 244 1584 312 1637; x_wconf 90' lang='lat' dir='ltr'>dicit</span> <span class='ocrx_word' id='word_1_90' title='bbox 328 1600 334 1638; x_wconf 95' lang='lat'><strong>:</strong></span> <span class='ocrx_word' id='word_1_91' title='bbox 352 1585 396 1639; x_wconf 88' lang='lat' dir='ltr'>Tu</span> <span class='ocrx_word' id='word_1_92' title='bbox 411 1602 443 1639; x_wconf 89' lang='lat' dir='ltr'>cs</span> <span class='ocrx_word' id='word_1_93' title='bbox 459 1591 603 1641; x_wconf 82' lang='lat' dir='ltr'>ereatura.</span> <span class='ocrx_word' id='word_1_94' title='bbox 621 1588 699 1640; x_wconf 81' lang='lat' dir='ltr'>Dixit</span> <span class='ocrx_word' id='word_1_95' title='bbox 711 1589 767 1642; x_wconf 85' lang='lat' dir='ltr'>lioc</span> 
     </span>
     <span class='ocr_line' id='line_1_15' title="bbox 104 1668 769 1745; baseline 0.003 -18"><span class='ocrx_word' id='word_1_96' title='bbox 104 1668 136 1727; x_wconf 87' lang='lat' dir='ltr'>Si</span> <span class='ocrx_word' id='word_1_97' title='bbox 158 1672 254 1726; x_wconf 82' lang='lat' dir='ltr'>adbuc</span> <span class='ocrx_word' id='word_1_98' title='bbox 269 1688 329 1726; x_wconf 91' lang='lat' dir='ltr'>nou</span> <span class='ocrx_word' id='word_1_99' title='bbox 344 1674 505 1743; x_wconf 68' lang='lat' dir='ltr'>credidisti,</span> <span class='ocrx_word' id='word_1_100' title='bbox 523 1677 665 1745; x_wconf 84' lang='lat' dir='ltr'>quianon</span> <span class='ocrx_word' id='word_1_101' title='bbox 683 1676 769 1729; x_wconf 86' lang='lat' dir='ltr'>iutel-</span> 
     </span>
     <span class='ocr_line' id='line_1_16' title="bbox 89 1761 769 1832; baseline 0.007 -19"><span class='ocrx_word' id='word_1_102' title='bbox 89 1761 233 1831; x_wconf 69' lang='lat' dir='ltr'>pstcrium</span> <span class='ocrx_word' id='word_1_103' title='bbox 256 1777 346 1831; x_wconf 86' lang='lat' dir='ltr'>supro</span> <span class='ocrx_word' id='word_1_104' title='bbox 372 1763 545 1832; x_wconf 81' lang='lat' dir='ltr'>sapientiam</span> <span class='ocrx_word' id='word_1_105' title='bbox 570 1765 769 1818; x_wconf 82' lang='lat' dir='ltr'>reciuulreutis</span> 
     </span>
    </p>
   </div>
   <div class='ocr_carea' id='block_1_6' title="bbox 86 1848 1054 1953">
    <p class='ocr_par' dir='ltr' id='par_1_6' title="bbox 86 1848 1054 1953">
     <span class='ocr_line' id='line_1_17' title="bbox 86 1848 1054 1953; baseline 0.015 -54"><span class='ocrx_word' id='word_1_106' title='bbox 86 1863 121 1916; x_wconf 83' lang='lat' dir='ltr'>ur,</span> <span class='ocrx_word' id='word_1_107' title='bbox 151 1848 209 1916; x_wconf 68' lang='lat'>23),</span> <span class='ocrx_word' id='word_1_108' title='bbox 238 1850 373 1918; x_wconf 83' lang='lat' dir='ltr'>repetivit</span> <span class='ocrx_word' id='word_1_109' title='bbox 405 1851 518 1905; x_wconf 83' lang='lat' dir='ltr'>Petrus.</span> <span class='ocrx_word' id='word_1_110' title='bbox 544 1851 903 1936; x_wconf 59' lang='lat' dir='ltr'>Cainurenrluritsshpus</span> <span class='ocrx_word' id='word_1_111' title='bbox 927 1888 973 1938; x_wconf 57' lang='lat' dir='ltr'>es,</span> <span class='ocrx_word' id='word_1_112' title='bbox 998 1886 1054 1953; x_wconf 46' lang='grc' dir='ltr'>(Ἃ)</span> 
     </span>
    </p>
   </div>
   <div class='ocr_carea' id='block_1_7' title="bbox 85 1934 769 2715">
    <p class='ocr_par' dir='ltr' id='par_1_7' title="bbox 85 1934 769 2715">
     <span class='ocr_line' id='line_1_18' title="bbox 86 1934 769 2010; baseline 0.003 -19"><span class='ocrx_word' id='word_1_113' title='bbox 86 1934 250 2004; x_wconf 78' lang='lat' dir='ltr'>tChristuS,</span> <span class='ocrx_word' id='word_1_114' title='bbox 261 1939 383 1993; x_wconf 90' lang='lat' dir='ltr'>alterum</span> <span class='ocrx_word' id='word_1_115' title='bbox 393 1939 515 2010; x_wconf 83' lang='lat' dir='ltr'>judicio,</span> <span class='ocrx_word' id='word_1_116' title='bbox 526 1941 649 1995; x_wconf 83' lang='lat' dir='ltr'>alterum</span> <span class='ocrx_word' id='word_1_117' title='bbox 662 1945 769 2010; x_wconf 63' lang='lat' dir='ltr'>mysta-</span> 
     </span>
     <span class='ocr_line' id='line_1_19' title="bbox 85 2025 769 2099; baseline 0.004 -21"><span class='ocrx_word' id='word_1_118' title='bbox 85 2025 152 2080; x_wconf 73' lang='lat' dir='ltr'>inim</span> <span class='ocrx_word' id='word_1_119' title='bbox 175 2026 296 2094; x_wconf 90' lang='lat' dir='ltr'>addidit,</span> <span class='ocrx_word' id='word_1_120' title='bbox 322 2031 353 2081; x_wconf 88' lang='lat' dir='ltr'>ut</span> <span class='ocrx_word' id='word_1_121' title='bbox 375 2028 494 2099; x_wconf 77' lang='lat' dir='ltr'>legeres</span> <span class='ocrx_word' id='word_1_122' title='bbox 519 2030 596 2099; x_wconf 90' lang='lat' dir='ltr'>quad</span> <span class='ocrx_word' id='word_1_123' title='bbox 615 2030 643 2082; x_wconf 94' lang='lat' dir='ltr'>in</span> <span class='ocrx_word' id='word_1_124' title='bbox 661 2030 769 2082; x_wconf 85' lang='lat' dir='ltr'>Christi</span> 
     </span>
     <span class='ocr_line' id='line_1_20' title="bbox 85 2114 769 2188; baseline 0.001 -18"><span class='ocrx_word' id='word_1_125' title='bbox 85 2114 268 2182; x_wconf 82' lang='lat' dir='ltr'>eeumheuat,</span> <span class='ocrx_word' id='word_1_126' title='bbox 286 2119 314 2170; x_wconf 89' lang='lat' dir='ltr'>ct</span> <span class='ocrx_word' id='word_1_127' title='bbox 329 2116 511 2188; x_wconf 76' lang='lat' dir='ltr'>intelligeres</span> <span class='ocrx_word' id='word_1_128' title='bbox 528 2119 606 2187; x_wconf 91' lang='lat' dir='ltr'>quad</span> <span class='ocrx_word' id='word_1_129' title='bbox 627 2118 695 2188; x_wconf 84' lang='lat' dir='ltr'>ejus</span> <span class='ocrx_word' id='word_1_130' title='bbox 719 2133 769 2171; x_wconf 84' lang='lat' dir='ltr'>en-</span> 
     </span>
     <span class='ocr_line' id='line_1_21' title="bbox 85 2204 766 2275; baseline 0.001 -16"><span class='ocrx_word' id='word_1_131' title='bbox 85 2217 117 2259; x_wconf 78' lang='lat' dir='ltr'>no</span> <span class='ocrx_word' id='word_1_132' title='bbox 131 2204 294 2274; x_wconf 78' lang='lat' dir='ltr'>principale</span> <span class='ocrx_word' id='word_1_133' title='bbox 317 2206 447 2259; x_wconf 91' lang='lat' dir='ltr'>omnium</span> <span class='ocrx_word' id='word_1_134' title='bbox 472 2222 615 2260; x_wconf 90' lang='lat' dir='ltr'>sensuum</span> <span class='ocrx_word' id='word_1_135' title='bbox 641 2211 696 2275; x_wconf 90' lang='lat' dir='ltr'>est,</span> <span class='ocrx_word' id='word_1_136' title='bbox 718 2224 766 2260; x_wconf 88' lang='lat' dir='ltr'>nr-</span> 
     </span>
     <span class='ocr_line' id='line_1_22' title="bbox 85 2291 769 2363; baseline 0.006 -18"><span class='ocrx_word' id='word_1_137' title='bbox 85 2291 161 2346; x_wconf 82' lang='lat' dir='ltr'>rdam</span> <span class='ocrx_word' id='word_1_138' title='bbox 184 2293 337 2362; x_wconf 74' lang='lat' dir='ltr'>sapientiae</span> <span class='ocrx_word' id='word_1_139' title='bbox 370 2294 547 2363; x_wconf 89' lang='lat' dir='ltr'>replebatur.</span> <span class='ocrx_word' id='word_1_140' title='bbox 575 2295 632 2348; x_wconf 80' lang='lat' dir='ltr'>Sed</span> <span class='ocrx_word' id='word_1_141' title='bbox 659 2298 685 2348; x_wconf 90' lang='lat' dir='ltr'>si</span> <span class='ocrx_word' id='word_1_142' title='bbox 710 2312 769 2349; x_wconf 92' lang='lat' dir='ltr'>non</span> 
     </span>
     <span class='ocr_line' id='line_1_23' title="bbox 85 2379 769 2452; baseline 0.001 -17"><span class='ocrx_word' id='word_1_143' title='bbox 85 2379 259 2452; x_wconf 69' lang='lat' dir='ltr'>elligendum</span> <span class='ocrx_word' id='word_1_144' title='bbox 281 2398 350 2437; x_wconf 86' lang='lat' dir='ltr'>esse</span> <span class='ocrx_word' id='word_1_145' title='bbox 377 2384 560 2452; x_wconf 76' lang='lat' dir='ltr'>mysterium,</span> <span class='ocrx_word' id='word_1_146' title='bbox 588 2384 693 2436; x_wconf 85' lang='lat' dir='ltr'>sultam</span> <span class='ocrx_word' id='word_1_147' title='bbox 709 2384 769 2438; x_wconf 89' lang='lat' dir='ltr'>nuli</span> 
     </span>
     <span class='ocr_line' id='line_1_24' title="bbox 85 2467 768 2542; baseline -0.001 -18"><span class='ocrx_word' id='word_1_148' title='bbox 85 2482 107 2524; x_wconf 69' lang='grc' dir='ltr'><strong>Ὁ</strong></span> <span class='ocrx_word' id='word_1_149' title='bbox 128 2467 285 2539; x_wconf 81' lang='lat' dir='ltr'>judicium.</span> <span class='ocrx_word' id='word_1_150' title='bbox 309 2471 457 2524; x_wconf 88' lang='lat' dir='ltr'>Laudatur</span> <span class='ocrx_word' id='word_1_151' title='bbox 480 2473 598 2538; x_wconf 78' lang='lat' dir='ltr'>PetruS,</span> <span class='ocrx_word' id='word_1_152' title='bbox 624 2472 692 2542; x_wconf 85' lang='lat' dir='ltr'>quin</span> <span class='ocrx_word' id='word_1_153' title='bbox 717 2472 768 2524; x_wconf 88' lang='lat' dir='ltr'>llei</span> 
     </span>
     <span class='ocr_line' id='line_1_25' title="bbox 85 2557 768 2628; baseline 0.001 -16"><span class='ocrx_word' id='word_1_154' title='bbox 85 2557 199 2624; x_wconf 79' lang='lat' dir='ltr'>redidit,</span> <span class='ocrx_word' id='word_1_155' title='bbox 227 2573 314 2628; x_wconf 88' lang='lat' dir='ltr'>quem</span> <span class='ocrx_word' id='word_1_156' title='bbox 340 2560 457 2612; x_wconf 83' lang='lat' dir='ltr'>ridebat</span> <span class='ocrx_word' id='word_1_157' title='bbox 472 2575 478 2625; x_wconf 72' lang='grc' dir='ltr'><strong>ς</strong></span> <span class='ocrx_word' id='word_1_158' title='bbox 495 2561 563 2628; x_wconf 87' lang='lat' dir='ltr'>quia</span> <span class='ocrx_word' id='word_1_159' title='bbox 579 2575 611 2612; x_wconf 88' lang='lat' dir='ltr'>se</span> <span class='ocrx_word' id='word_1_160' title='bbox 627 2560 662 2612; x_wconf 89' lang='lat' dir='ltr'>nb</span> <span class='ocrx_word' id='word_1_161' title='bbox 679 2562 768 2628; x_wconf 89' lang='lat' dir='ltr'>impc-</span> 
     </span>
     <span class='ocr_line' id='line_1_26' title="bbox 85 2646 766 2715; baseline 0.006 -18"><span class='ocrx_word' id='word_1_162' title='bbox 85 2659 107 2700; x_wconf 73' lang='grc' dir='ltr'>,Β</span> <span class='ocrx_word' id='word_1_163' title='bbox 122 2646 247 2700; x_wconf 85' lang='lat' dir='ltr'>rudibus</span> <span class='ocrx_word' id='word_1_164' title='bbox 272 2646 369 2701; x_wconf 78' lang='lat' dir='ltr'>adhue</span> <span class='ocrx_word' id='word_1_165' title='bbox 394 2647 583 2715; x_wconf 84' lang='lat' dir='ltr'>opinionibus</span> <span class='ocrx_word' id='word_1_166' title='bbox 600 2649 766 2714; x_wconf 82' lang='lat' dir='ltr'>sepnrnbnt.</span> 
     </span>
    </p>
   </div>
   <div class='ocr_carea' id='block_1_8' title="bbox 85 2735 796 2806">
    <p class='ocr_par' dir='ltr' id='par_1_8' title="bbox 85 2735 796 2806">
     <span class='ocr_line' id='line_1_27' title="bbox 85 2735 796 2806; baseline 0 -18"><span class='ocrx_word' id='word_1_167' title='bbox 85 2749 150 2789; x_wconf 86' lang='lat' dir='ltr'>aum</span> <span class='ocrx_word' id='word_1_168' title='bbox 164 2736 381 2806; x_wconf 81' lang='lat' dir='ltr'>interrogasset</span> <span class='ocrx_word' id='word_1_169' title='bbox 399 2735 550 2803; x_wconf 86' lang='lat' dir='ltr'>Dominus,</span> <span class='ocrx_word' id='word_1_170' title='bbox 576 2736 645 2805; x_wconf 89' lang='lat' dir='ltr'>quid</span> <span class='ocrx_word' id='word_1_171' title='bbox 672 2736 768 2788; x_wconf 86' lang='lat' dir='ltr'>traini-</span> <span class='ocrx_word' id='word_1_172' title='bbox 793 2777 796 2782; x_wconf 94' lang='lat'>.</span> 
     </span>
    </p>
   </div>
   <div class='ocr_carea' id='block_1_9' title="bbox 85 2821 769 2967">
    <p class='ocr_par' dir='ltr' id='par_1_9' title="bbox 85 2821 769 2967">
     <span class='ocr_line' id='line_1_28' title="bbox 85 2821 769 2893; baseline 0 -16"><span class='ocrx_word' id='word_1_173' title='bbox 85 2821 142 2877; x_wconf 85' lang='lat' dir='ltr'>&#39;ilio</span> <span class='ocrx_word' id='word_1_174' title='bbox 167 2822 296 2877; x_wconf 89' lang='lat' dir='ltr'>bominis</span> <span class='ocrx_word' id='word_1_175' title='bbox 320 2825 510 2893; x_wconf 79' lang='lat' dir='ltr'>aestimarent,</span> <span class='ocrx_word' id='word_1_176' title='bbox 535 2839 601 2877; x_wconf 90' lang='lat' dir='ltr'>cum</span> <span class='ocrx_word' id='word_1_177' title='bbox 621 2825 769 2878; x_wconf 82' lang='lat' dir='ltr'>dicaretur</span> 
     </span>
     <span class='ocr_line' id='line_1_29' title="bbox 85 2911 449 2967; baseline -0.005 0"><span class='ocrx_word' id='word_1_178' title='bbox 85 2911 184 2967; x_wconf 70' lang='lat' dir='ltr'>lautia.</span> <span class='ocrx_word' id='word_1_179' title='bbox 203 2912 309 2966; x_wconf 85' lang='lat' dir='ltr'>Petrus</span> <span class='ocrx_word' id='word_1_180' title='bbox 325 2912 449 2966; x_wconf 81' lang='lat' dir='ltr'>lucebat.</span> 
     </span>
    </p>
   </div>
   <div class='ocr_carea' id='block_1_10' title="bbox 85 3036 766 3195">
    <p class='ocr_par' dir='ltr' id='par_1_10' title="bbox 85 3036 766 3195">
     <span class='ocr_line' id='line_1_30' title="bbox 85 3036 766 3107; baseline -0.001 -16"><span class='ocrx_word' id='word_1_181' title='bbox 85 3049 123 3091; x_wconf 75' lang='lat' dir='ltr'>tas</span> <span class='ocrx_word' id='word_1_182' title='bbox 138 3049 221 3107; x_wconf 82' lang='lat' dir='ltr'>argo,</span> <span class='ocrx_word' id='word_1_183' title='bbox 239 3036 352 3102; x_wconf 90' lang='lat' dir='ltr'>Simon,</span> <span class='ocrx_word' id='word_1_184' title='bbox 369 3040 397 3091; x_wconf 86' lang='lat' dir='ltr'>et</span> <span class='ocrx_word' id='word_1_185' title='bbox 412 3037 665 3106; x_wconf 85' lang='lat' dir='ltr'>respondentibus</span> <span class='ocrx_word' id='word_1_186' title='bbox 690 3036 766 3105; x_wconf 83' lang='lat' dir='ltr'>aliis,</span> 
     </span>
     <span class='ocr_line' id='line_1_31' title="bbox 86 3122 755 3195; baseline 0.001 -19"><span class='ocrx_word' id='word_1_187' title='bbox 86 3138 127 3192; x_wconf 82' lang='lat' dir='ltr'>vi,</span> <span class='ocrx_word' id='word_1_188' title='bbox 146 3122 209 3194; x_wconf 77' lang='lat' dir='ltr'>lt);</span> <span class='ocrx_word' id='word_1_189' title='bbox 226 3125 322 3178; x_wconf 81' lang='lat' dir='ltr'>adhuc</span> <span class='ocrx_word' id='word_1_190' title='bbox 339 3129 420 3179; x_wconf 86' lang='lat' dir='ltr'>loces</span> <span class='ocrx_word' id='word_1_191' title='bbox 433 3142 498 3179; x_wconf 92' lang='lat' dir='ltr'>enm</span> <span class='ocrx_word' id='word_1_192' title='bbox 511 3127 575 3195; x_wconf 90' lang='lat' dir='ltr'>ipso</span> <span class='ocrx_word' id='word_1_193' title='bbox 587 3127 630 3178; x_wconf 90' lang='lat' dir='ltr'>sis</span> <span class='ocrx_word' id='word_1_194' title='bbox 643 3126 755 3194; x_wconf 90' lang='lat' dir='ltr'>primus</span> 
     </span>
    </p>
   </div>
   <div class='ocr_carea' id='block_1_11' title="bbox 85 3300 766 3637">
    <p class='ocr_par' dir='ltr' id='par_1_11' title="bbox 85 3300 766 3637">
     <span class='ocr_line' id='line_1_32' title="bbox 85 3300 766 3372; baseline 0 -17"><span class='ocrx_word' id='word_1_195' title='bbox 85 3300 212 3356; x_wconf 74' lang='lat' dir='ltr'>laudaris</span> <span class='ocrx_word' id='word_1_196' title='bbox 233 3318 249 3354; x_wconf 89' lang='lat' dir='ltr'>a</span> <span class='ocrx_word' id='word_1_197' title='bbox 272 3303 405 3370; x_wconf 90' lang='lat' dir='ltr'>Domino,</span> <span class='ocrx_word' id='word_1_198' title='bbox 427 3304 493 3372; x_wconf 89' lang='lat' dir='ltr'>quia</span> <span class='ocrx_word' id='word_1_199' title='bbox 518 3319 577 3356; x_wconf 89' lang='lat' dir='ltr'>uon</span> <span class='ocrx_word' id='word_1_200' title='bbox 600 3303 766 3371; x_wconf 86' lang='lat' dir='ltr'>respondes</span> 
     </span>
     <span class='ocr_line' id='line_1_33' title="bbox 85 3389 766 3460; baseline -0.003 -16"><span class='ocrx_word' id='word_1_201' title='bbox 85 3389 151 3444; x_wconf 80' lang='lat' dir='ltr'>nti?</span> <span class='ocrx_word' id='word_1_202' title='bbox 174 3390 254 3458; x_wconf 78' lang='lat' dir='ltr'>ideo,</span> <span class='ocrx_word' id='word_1_203' title='bbox 280 3390 384 3460; x_wconf 86' lang='lat' dir='ltr'>inquii,</span> <span class='ocrx_word' id='word_1_204' title='bbox 410 3407 468 3445; x_wconf 91' lang='lat' dir='ltr'>non</span> <span class='ocrx_word' id='word_1_205' title='bbox 493 3392 675 3460; x_wconf 81' lang='lat' dir='ltr'>respondeo,</span> <span class='ocrx_word' id='word_1_206' title='bbox 699 3390 766 3459; x_wconf 83' lang='lat' dir='ltr'>quia</span> 
     </span>
     <span class='ocr_line' id='line_1_34' title="bbox 85 3479 765 3551; baseline -0.006 -18"><span class='ocrx_word' id='word_1_207' title='bbox 85 3492 184 3551; x_wconf 68' lang='lat' dir='ltr'>rogor</span> <span class='ocrx_word' id='word_1_208' title='bbox 203 3494 313 3543; x_wconf 81' lang='lat' dir='ltr'>rusam,</span> <span class='ocrx_word' id='word_1_209' title='bbox 341 3479 395 3532; x_wconf 88' lang='lat' dir='ltr'>sed</span> <span class='ocrx_word' id='word_1_210' title='bbox 418 3480 542 3532; x_wconf 84' lang='lat' dir='ltr'>ulicnnm</span> <span class='ocrx_word' id='word_1_211' title='bbox 571 3479 765 3546; x_wconf 67' lang='lat' dir='ltr'>seutentiam,</span> 
     </span>
     <span class='ocr_line' id='line_1_35' title="bbox 101 3565 766 3637; baseline -0.002 -17"><span class='ocrx_word' id='word_1_212' title='bbox 101 3582 108 3620; x_wconf 75' lang='grc' dir='ltr'><strong><em>ε</em></strong></span> <span class='ocrx_word' id='word_1_213' title='bbox 131 3585 143 3617; x_wconf 77' lang='lat' dir='ltr'>e</span> <span class='ocrx_word' id='word_1_214' title='bbox 162 3565 199 3620; x_wconf 91' lang='lat' dir='ltr'>Ut</span> <span class='ocrx_word' id='word_1_215' title='bbox 212 3582 273 3620; x_wconf 91' lang='lat' dir='ltr'>non</span> <span class='ocrx_word' id='word_1_216' title='bbox 290 3566 427 3637; x_wconf 83' lang='lat' dir='ltr'>loquetur</span> <span class='ocrx_word' id='word_1_217' title='bbox 443 3584 477 3621; x_wconf 93' lang='lat' dir='ltr'>as</span> <span class='ocrx_word' id='word_1_218' title='bbox 494 3584 590 3621; x_wconf 93' lang='lat' dir='ltr'>mcum</span> <span class='ocrx_word' id='word_1_219' title='bbox 606 3583 694 3635; x_wconf 87' lang='lat' dir='ltr'>opera</span> <span class='ocrx_word' id='word_1_220' title='bbox 711 3567 766 3619; x_wconf 89' lang='lat' dir='ltr'>lro-</span> 
     </span>
    </p>
   </div>
   <div class='ocr_carea' id='block_1_12' title="bbox 825 563 1668 2133">
    <p class='ocr_par' dir='ltr' id='par_1_12' title="bbox 829 563 1668 1519">
     <span class='ocr_line' id='line_1_36' title="bbox 833 563 1664 637; baseline 0.011 -24"><span class='ocrx_word' id='word_1_221' title='bbox 833 564 920 627; x_wconf 70' lang='lat' dir='ltr'>sunt,</span> <span class='ocrx_word' id='word_1_222' title='bbox 947 563 1040 617; x_wconf 88' lang='lat' dir='ltr'>debeo</span> <span class='ocrx_word' id='word_1_223' title='bbox 1064 580 1257 634; x_wconf 84' lang='lat' dir='ltr'>compensare</span> <span class='ocrx_word' id='word_1_224' title='bbox 1279 566 1357 636; x_wconf 90' lang='lat' dir='ltr'>quod</span> <span class='ocrx_word' id='word_1_225' title='bbox 1381 566 1468 635; x_wconf 89' lang='lat' dir='ltr'>laeui,</span> <span class='ocrx_word' id='word_1_226' title='bbox 1491 566 1578 621; x_wconf 84' lang='lat' dir='ltr'>debet</span> <span class='ocrx_word' id='word_1_227' title='bbox 1592 582 1664 637; x_wconf 90' lang='lat' dir='ltr'>pro·</span> 
     </span>
     <span class='ocr_line' id='line_1_37' title="bbox 835 652 1668 724; baseline 0.011 -22"><span class='ocrx_word' id='word_1_228' title='bbox 835 665 921 704; x_wconf 84' lang='lat' dir='ltr'>cesse</span> <span class='ocrx_word' id='word_1_229' title='bbox 937 652 1014 721; x_wconf 91' lang='lat' dir='ltr'>quod</span> <span class='ocrx_word' id='word_1_230' title='bbox 1031 653 1108 705; x_wconf 89' lang='lat' dir='ltr'>silui.</span> <span class='ocrx_word' id='word_1_231' title='bbox 1128 654 1241 723; x_wconf 77' lang='lat' dir='ltr'>lingua</span> <span class='ocrx_word' id='word_1_232' title='bbox 1258 670 1322 708; x_wconf 86' lang='lat' dir='ltr'>meo</span> <span class='ocrx_word' id='word_1_233' title='bbox 1348 671 1406 709; x_wconf 93' lang='lat' dir='ltr'>non</span> <span class='ocrx_word' id='word_1_234' title='bbox 1430 655 1517 709; x_wconf 85' lang='lat' dir='ltr'>babet</span> <span class='ocrx_word' id='word_1_235' title='bbox 1539 655 1641 724; x_wconf 83' lang='lat' dir='ltr'>spinos</span> <span class='ocrx_word' id='word_1_236' title='bbox 1662 670 1668 710; x_wconf 94' lang='lat'><strong>:</strong></span> 
     </span>
     <span class='ocr_line' id='line_1_38' title="bbox 833 738 1667 807; baseline 0.012 -18"><span class='ocrx_word' id='word_1_237' title='bbox 833 738 898 791; x_wconf 86' lang='lat' dir='ltr'>sine</span> <span class='ocrx_word' id='word_1_238' title='bbox 915 740 1121 807; x_wconf 85' lang='lat' dir='ltr'>impedimento</span> <span class='ocrx_word' id='word_1_239' title='bbox 1139 743 1212 795; x_wconf 89' lang='lat' dir='ltr'>tides</span> <span class='ocrx_word' id='word_1_240' title='bbox 1229 743 1315 795; x_wconf 87' lang='lat' dir='ltr'>debet</span> <span class='ocrx_word' id='word_1_241' title='bbox 1330 744 1422 796; x_wconf 83' lang='lat' dir='ltr'>exire.</span> <span class='ocrx_word' id='word_1_242' title='bbox 1441 743 1515 797; x_wconf 87' lang='lat' dir='ltr'>Dum</span> <span class='ocrx_word' id='word_1_243' title='bbox 1530 742 1579 796; x_wconf 87' lang='lat' dir='ltr'>elii</span> <span class='ocrx_word' id='word_1_244' title='bbox 1604 759 1667 799; x_wconf 75' lang='grc' dir='ltr'>οω-</span> 
     </span>
     <span class='ocr_line' id='line_1_39' title="bbox 831 829 1665 900; baseline 0.011 -22"><span class='ocrx_word' id='word_1_245' title='bbox 831 843 911 895; x_wconf 89' lang='lat' dir='ltr'>uum,</span> <span class='ocrx_word' id='word_1_246' title='bbox 937 829 1041 882; x_wconf 75' lang='lat' dir='ltr'>alienes</span> <span class='ocrx_word' id='word_1_247' title='bbox 1068 830 1145 898; x_wconf 88' lang='lat' dir='ltr'>lieet,</span> <span class='ocrx_word' id='word_1_248' title='bbox 1171 831 1291 899; x_wconf 81' lang='lat' dir='ltr'>prolntae</span> <span class='ocrx_word' id='word_1_249' title='bbox 1311 831 1580 900; x_wconf 82' lang='lat' dir='ltr'>tnmcnimpiotntis</span> <span class='ocrx_word' id='word_1_250' title='bbox 1596 847 1665 887; x_wconf 84' lang='lat' dir='ltr'>eva·</span> 
     </span>
     <span class='ocr_line' id='line_1_40' title="bbox 832 909 1666 987; baseline 0.011 -21"><span class='ocrx_word' id='word_1_251' title='bbox 832 920 927 984; x_wconf 84' lang='lat' dir='ltr'>ouant,</span> <span class='ocrx_word' id='word_1_252' title='bbox 945 918 994 987; x_wconf 90' lang='lat' dir='ltr'>qui</span> <span class='ocrx_word' id='word_1_253' title='bbox 1010 922 1059 970; x_wconf 86' lang='lat' dir='ltr'>ant</span> <span class='ocrx_word' id='word_1_254' title='bbox 1071 918 1173 986; x_wconf 81' lang='lat' dir='ltr'>Etiam,</span> <span class='ocrx_word' id='word_1_255' title='bbox 1184 919 1410 986; x_wconf 85' lang='lat' dir='ltr'>autlercmium,</span> <span class='ocrx_word' id='word_1_256' title='bbox 1427 909 1496 973; x_wconf 82' lang='grc'>711</span> <span class='ocrx_word' id='word_1_257' title='bbox 1516 924 1565 974; x_wconf 88' lang='lat' dir='ltr'>aut</span> <span class='ocrx_word' id='word_1_258' title='bbox 1576 936 1666 976; x_wconf 87' lang='lat' dir='ltr'>unum</span> 
     </span>
     <span class='ocr_line' id='line_1_41' title="bbox 831 1004 1665 1077; baseline 0.01 -22"><span class='ocrx_word' id='word_1_259' title='bbox 831 1019 866 1056; x_wconf 81' lang='lat' dir='ltr'>ex</span> <span class='ocrx_word' id='word_1_260' title='bbox 878 1006 1030 1073; x_wconf 86' lang='lat' dir='ltr'>prophetis</span> <span class='ocrx_word' id='word_1_261' title='bbox 1041 1004 1191 1060; x_wconf 81' lang='lat' dir='ltr'>Christum</span> <span class='ocrx_word' id='word_1_262' title='bbox 1204 1022 1273 1060; x_wconf 87' lang='lat' dir='ltr'>esse</span> <span class='ocrx_word' id='word_1_263' title='bbox 1285 1008 1422 1061; x_wconf 84' lang='lat' dir='ltr'>dixerunt</span> <span class='ocrx_word' id='word_1_264' title='bbox 1432 1006 1549 1077; x_wconf 79' lang='lat' dir='ltr'>(ibid.);</span> <span class='ocrx_word' id='word_1_265' title='bbox 1563 1007 1665 1063; x_wconf 87' lang='lat' dir='ltr'>babuit</span> 
     </span>
     <span class='ocr_line' id='line_1_42' title="bbox 830 1092 1664 1166; baseline 0.011 -24"><span class='ocrx_word' id='word_1_266' title='bbox 830 1092 907 1143; x_wconf 90' lang='lat' dir='ltr'>enim</span> <span class='ocrx_word' id='word_1_267' title='bbox 932 1093 988 1145; x_wconf 84' lang='lat' dir='ltr'>ista</span> <span class='ocrx_word' id='word_1_268' title='bbox 1012 1110 1072 1146; x_wconf 84' lang='lat' dir='ltr'>vox</span> <span class='ocrx_word' id='word_1_269' title='bbox 1097 1110 1221 1158; x_wconf 84' lang='lat' dir='ltr'>eoenum,</span> <span class='ocrx_word' id='word_1_270' title='bbox 1249 1095 1351 1150; x_wconf 84' lang='lat' dir='ltr'>hebuit</span> <span class='ocrx_word' id='word_1_271' title='bbox 1375 1095 1430 1150; x_wconf 87' lang='lat' dir='ltr'>istu</span> <span class='ocrx_word' id='word_1_272' title='bbox 1453 1111 1513 1151; x_wconf 84' lang='lat' dir='ltr'>vox</span> <span class='ocrx_word' id='word_1_273' title='bbox 1538 1097 1664 1166; x_wconf 86' lang='lat' dir='ltr'>spinas:</span> 
     </span>
     <span class='ocr_line' id='line_1_43' title="bbox 829 1179 1667 1254; baseline 0.007 -22"><span class='ocrx_word' id='word_1_274' title='bbox 829 1179 897 1232; x_wconf 90' lang='lat' dir='ltr'>dum</span> <span class='ocrx_word' id='word_1_275' title='bbox 913 1180 972 1247; x_wconf 90' lang='lat' dir='ltr'>ulii,</span> <span class='ocrx_word' id='word_1_276' title='bbox 989 1180 1118 1252; x_wconf 90' lang='lat' dir='ltr'>inqunm,</span> <span class='ocrx_word' id='word_1_277' title='bbox 1135 1183 1191 1237; x_wconf 86' lang='lat' dir='ltr'>lroc</span> <span class='ocrx_word' id='word_1_278' title='bbox 1208 1184 1305 1238; x_wconf 85' lang='lat' dir='ltr'>levant</span> <span class='ocrx_word' id='word_1_279' title='bbox 1322 1200 1438 1238; x_wconf 84' lang='lat' dir='ltr'>caenum</span> <span class='ocrx_word' id='word_1_280' title='bbox 1461 1181 1529 1254; x_wconf 72' lang='lat'>(23),</span> <span class='ocrx_word' id='word_1_281' title='bbox 1552 1185 1620 1238; x_wconf 91' lang='lat' dir='ltr'>dum</span> <span class='ocrx_word' id='word_1_282' title='bbox 1637 1185 1667 1238; x_wconf 94' lang='lat' dir='ltr'>in</span> 
     </span>
     <span class='ocr_line' id='line_1_44' title="bbox 829 1267 1664 1340; baseline 0.008 -22"><span class='ocrx_word' id='word_1_283' title='bbox 829 1267 894 1320; x_wconf 83' lang='lat' dir='ltr'>eliis</span> <span class='ocrx_word' id='word_1_284' title='bbox 911 1270 1075 1323; x_wconf 78' lang='lat' dir='ltr'>eliodantur</span> <span class='ocrx_word' id='word_1_285' title='bbox 1098 1270 1144 1324; x_wconf 79' lang='lat' dir='ltr'>hm</span> <span class='ocrx_word' id='word_1_286' title='bbox 1169 1273 1274 1340; x_wconf 83' lang='lat' dir='ltr'>spinae,</span> <span class='ocrx_word' id='word_1_287' title='bbox 1299 1288 1359 1326; x_wconf 82' lang='lat' dir='ltr'>vox</span> <span class='ocrx_word' id='word_1_288' title='bbox 1374 1275 1475 1327; x_wconf 89' lang='lat' dir='ltr'>nostra</span> <span class='ocrx_word' id='word_1_289' title='bbox 1491 1272 1594 1326; x_wconf 81' lang='lat' dir='ltr'>Filium</span> <span class='ocrx_word' id='word_1_290' title='bbox 1610 1272 1664 1328; x_wconf 85' lang='lat' dir='ltr'>Dei</span> 
     </span>
     <span class='ocr_line' id='line_1_45' title="bbox 829 1355 1665 1430; baseline 0.007 -21"><span class='ocrx_word' id='word_1_291' title='bbox 829 1355 978 1409; x_wconf 77' lang='lat' dir='ltr'>Clu-istum</span> <span class='ocrx_word' id='word_1_292' title='bbox 994 1359 1126 1412; x_wconf 86' lang='lat' dir='ltr'>resultat.</span> <span class='ocrx_word' id='word_1_293' title='bbox 1146 1360 1215 1413; x_wconf 82' lang='lat' dir='ltr'>tlibi</span> <span class='ocrx_word' id='word_1_294' title='bbox 1231 1376 1324 1430; x_wconf 85' lang='lat' dir='ltr'>purus</span> <span class='ocrx_word' id='word_1_295' title='bbox 1342 1364 1387 1414; x_wconf 84' lang='lat' dir='ltr'>cst</span> <span class='ocrx_word' id='word_1_296' title='bbox 1406 1375 1517 1430; x_wconf 86' lang='lat' dir='ltr'>sermo,</span> <span class='ocrx_word' id='word_1_297' title='bbox 1534 1360 1582 1415; x_wconf 86' lang='lat' dir='ltr'>aui</span> <span class='ocrx_word' id='word_1_298' title='bbox 1596 1360 1665 1415; x_wconf 88' lang='lat' dir='ltr'>nul·</span> 
     </span>
     <span class='ocr_line' id='line_1_46' title="bbox 829 1443 1441 1519; baseline 0.013 -25"><span class='ocrx_word' id='word_1_299' title='bbox 829 1443 873 1495; x_wconf 91' lang='lat' dir='ltr'>las</span> <span class='ocrx_word' id='word_1_300' title='bbox 888 1445 990 1512; x_wconf 88' lang='lat' dir='ltr'>spinas</span> <span class='ocrx_word' id='word_1_301' title='bbox 1006 1461 1150 1515; x_wconf 83' lang='lat' dir='ltr'>expressa</span> <span class='ocrx_word' id='word_1_302' title='bbox 1165 1448 1284 1519; x_wconf 87' lang='lat' dir='ltr'>reliquii</span> <span class='ocrx_word' id='word_1_303' title='bbox 1297 1449 1441 1517; x_wconf 85' lang='lat' dir='ltr'>impietus.</span> 
     </span>
    </p>

    <p class='ocr_par' dir='ltr' id='par_1_13' title="bbox 825 1532 1666 2133">
     <span class='ocr_line' id='line_1_47' title="bbox 863 1532 1664 1607; baseline 0.01 -24"><span class='ocrx_word' id='word_1_304' title='bbox 863 1532 906 1584; x_wconf 89' lang='grc'>33.</span> <span class='ocrx_word' id='word_1_305' title='bbox 926 1533 980 1586; x_wconf 87' lang='lat' dir='ltr'>llic</span> <span class='ocrx_word' id='word_1_306' title='bbox 995 1537 1128 1606; x_wconf 82' lang='lat' dir='ltr'>asterga</span> <span class='ocrx_word' id='word_1_307' title='bbox 1146 1537 1250 1591; x_wconf 86' lang='lat' dir='ltr'>l’etrns</span> <span class='ocrx_word' id='word_1_308' title='bbox 1266 1538 1315 1606; x_wconf 88' lang='lat' dir='ltr'>qui</span> <span class='ocrx_word' id='word_1_309' title='bbox 1334 1537 1488 1607; x_wconf 87' lang='lat' dir='ltr'>respondit</span> <span class='ocrx_word' id='word_1_310' title='bbox 1501 1552 1555 1606; x_wconf 92' lang='lat' dir='ltr'>pro</span> <span class='ocrx_word' id='word_1_311' title='bbox 1572 1538 1664 1591; x_wconf 82' lang='lat' dir='ltr'>caete·</span> 
     </span>
     <span class='ocr_line' id='line_1_48' title="bbox 827 1618 1663 1695; baseline 0.012 -25"><span class='ocrx_word' id='word_1_312' title='bbox 827 1618 869 1671; x_wconf 87' lang='lat' dir='ltr'>ris</span> <span class='ocrx_word' id='word_1_313' title='bbox 893 1622 1047 1690; x_wconf 81' lang='lat' dir='ltr'>apostolis,</span> <span class='ocrx_word' id='word_1_314' title='bbox 1072 1624 1131 1676; x_wconf 92' lang='lat' dir='ltr'>ima</span> <span class='ocrx_word' id='word_1_315' title='bbox 1150 1640 1211 1693; x_wconf 82' lang='lat' dir='ltr'>prm</span> <span class='ocrx_word' id='word_1_316' title='bbox 1229 1626 1346 1679; x_wconf 83' lang='lat' dir='ltr'>cmteris</span> <span class='ocrx_word' id='word_1_317' title='bbox 1363 1625 1452 1693; x_wconf 84' lang='lat' dir='ltr'>(Ibid.</span> <span class='ocrx_word' id='word_1_318' title='bbox 1471 1625 1535 1695; x_wconf 76' lang='lat' dir='ltr'>lo),</span> <span class='ocrx_word' id='word_1_319' title='bbox 1552 1628 1580 1679; x_wconf 91' lang='lat' dir='ltr'>et</span> <span class='ocrx_word' id='word_1_320' title='bbox 1596 1625 1663 1680; x_wconf 90' lang='lat' dir='ltr'>ideo</span> 
     </span>
     <span class='ocr_line' id='line_1_49' title="bbox 827 1706 1666 1783; baseline 0.011 -25"><span class='ocrx_word' id='word_1_321' title='bbox 827 1706 1049 1763; x_wconf 80' lang='lat' dir='ltr'>fundumentum</span> <span class='ocrx_word' id='word_1_322' title='bbox 1072 1711 1188 1780; x_wconf 87' lang='lat' dir='ltr'>dicitur,</span> <span class='ocrx_word' id='word_1_323' title='bbox 1213 1714 1281 1783; x_wconf 90' lang='lat' dir='ltr'>quia</span> <span class='ocrx_word' id='word_1_324' title='bbox 1304 1715 1386 1766; x_wconf 89' lang='lat' dir='ltr'>navit</span> <span class='ocrx_word' id='word_1_325' title='bbox 1406 1729 1465 1768; x_wconf 92' lang='lat' dir='ltr'>nan</span> <span class='ocrx_word' id='word_1_326' title='bbox 1481 1713 1578 1767; x_wconf 90' lang='lat' dir='ltr'>solum</span> <span class='ocrx_word' id='word_1_327' title='bbox 1593 1728 1666 1783; x_wconf 92' lang='lat' dir='ltr'>pra·</span> 
     </span>
     <span class='ocr_line' id='line_1_50' title="bbox 826 1798 1662 1871; baseline 0.012 -25"><span class='ocrx_word' id='word_1_328' title='bbox 826 1798 932 1863; x_wconf 90' lang='lat' dir='ltr'>prium,</span> <span class='ocrx_word' id='word_1_329' title='bbox 950 1799 1103 1851; x_wconf 85' lang='lat' dir='ltr'>sedetiam</span> <span class='ocrx_word' id='word_1_330' title='bbox 1121 1816 1276 1854; x_wconf 90' lang='lat' dir='ltr'>commune</span> <span class='ocrx_word' id='word_1_331' title='bbox 1293 1816 1425 1854; x_wconf 83' lang='lat' dir='ltr'>servare.</span> <span class='ocrx_word' id='word_1_332' title='bbox 1451 1801 1526 1856; x_wconf 86' lang='lat' dir='ltr'>Huic</span> <span class='ocrx_word' id='word_1_333' title='bbox 1546 1802 1662 1871; x_wconf 82' lang='lat' dir='ltr'>astipu-</span> 
     </span>
     <span class='ocr_line' id='line_1_51' title="bbox 1079 1886 1664 1960; baseline 0.01 -22"><span class='ocrx_word' id='word_1_334' title='bbox 1079 1886 1227 1955; x_wconf 86' lang='lat' dir='ltr'>Clrrislus,</span> <span class='ocrx_word' id='word_1_335' title='bbox 1248 1889 1391 1943; x_wconf 86' lang='lat' dir='ltr'>revelavit</span> <span class='ocrx_word' id='word_1_336' title='bbox 1409 1890 1505 1944; x_wconf 86' lang='lat' dir='ltr'>Pater.</span> <span class='ocrx_word' id='word_1_337' title='bbox 1524 1889 1664 1960; x_wconf 79' lang='lat' dir='ltr'>Numqui</span> 
     </span>
     <span class='ocr_line' id='line_1_52' title="bbox 825 1976 1664 2048; baseline 0.013 -27"><span class='ocrx_word' id='word_1_338' title='bbox 825 1987 925 2024; x_wconf 84' lang='lat' dir='ltr'>rerum</span> <span class='ocrx_word' id='word_1_339' title='bbox 949 1976 1171 2042; x_wconf 78' lang='lat' dir='ltr'>generationem</span> <span class='ocrx_word' id='word_1_340' title='bbox 1199 1977 1329 2047; x_wconf 89' lang='lat' dir='ltr'>loquitur</span> <span class='ocrx_word' id='word_1_341' title='bbox 1355 1978 1460 2048; x_wconf 88' lang='lat' dir='ltr'>Patris,</span> <span class='ocrx_word' id='word_1_342' title='bbox 1477 1993 1494 2032; x_wconf 83' lang='lat' dir='ltr'>a</span> <span class='ocrx_word' id='word_1_343' title='bbox 1509 1977 1594 2032; x_wconf 82' lang='lat' dir='ltr'>Patro</span> <span class='ocrx_word' id='word_1_344' title='bbox 1612 1993 1664 2032; x_wconf 88' lang='lat' dir='ltr'>as·</span> 
     </span>
     <span class='ocr_line' id='line_1_53' title="bbox 826 2057 1349 2133; baseline 0.015 -22"><span class='ocrx_word' id='word_1_345' title='bbox 826 2057 964 2129; x_wconf 86' lang='lat' dir='ltr'>sumpsit,</span> <span class='ocrx_word' id='word_1_346' title='bbox 981 2076 1040 2116; x_wconf 91' lang='lat' dir='ltr'>non</span> <span class='ocrx_word' id='word_1_347' title='bbox 1056 2064 1184 2133; x_wconf 84' lang='lat' dir='ltr'>sumpsit</span> <span class='ocrx_word' id='word_1_348' title='bbox 1198 2080 1235 2118; x_wconf 85' lang='lat' dir='ltr'>ex</span> <span class='ocrx_word' id='word_1_349' title='bbox 1250 2079 1349 2119; x_wconf 83' lang='lat' dir='ltr'>carne.</span> 
     </span>
    </p>
   </div>
   <div class='ocr_carea' id='block_1_13' title="bbox 1152 2187 1332 2242">
    <p class='ocr_par' dir='ltr' id='par_1_14' title="bbox 1152 2187 1332 2242">
     <span class='ocr_line' id='line_1_54' title="bbox 1152 2187 1332 2242; baseline 0.011 -2"><span class='ocrx_word' id='word_1_350' title='bbox 1152 2187 1278 2242; x_wconf 71' lang='lat' dir='ltr'>CAPUT</span> <span class='ocrx_word' id='word_1_351' title='bbox 1298 2188 1332 2242; x_wconf 91' lang='lat' dir='ltr'>V.</span> 
     </span>
    </p>
   </div>
   <div class='ocr_carea' id='block_1_14' title="bbox 824 2288 1731 2927">
    <p class='ocr_par' dir='ltr' id='par_1_15' title="bbox 824 2288 1731 2927">
     <span class='ocr_line' id='line_1_55' title="bbox 824 2288 1658 2348; baseline 0.008 -7"><span class='ocrx_word' id='word_1_352' title='bbox 824 2288 928 2343; x_wconf 81' lang='lat' dir='ltr'>Fidem</span> <span class='ocrx_word' id='word_1_353' title='bbox 949 2292 1024 2345; x_wconf 79' lang='lat' dir='ltr'>liene</span> <span class='ocrx_word' id='word_1_354' title='bbox 1039 2291 1185 2346; x_wconf 74' lang='lat' dir='ltr'>Ecclesia</span> <span class='ocrx_word' id='word_1_355' title='bbox 1202 2291 1424 2347; x_wconf 72' lang='lat' dir='ltr'>incitamentum</span> <span class='ocrx_word' id='word_1_356' title='bbox 1434 2307 1502 2348; x_wconf 85' lang='lat' dir='ltr'>esse</span> <span class='ocrx_word' id='word_1_357' title='bbox 1512 2308 1547 2348; x_wconf 82' lang='lat' dir='ltr'>uc</span> <span class='ocrx_word' id='word_1_358' title='bbox 1558 2291 1658 2348; x_wconf 83' lang='lat' dir='ltr'>velere</span> 
     </span>
     <span class='ocr_line' id='line_1_56' title="bbox 860 2361 1657 2434; baseline 0.005 -21"><span class='ocrx_word' id='word_1_359' title='bbox 860 2361 897 2414; x_wconf 86' lang='lat' dir='ltr'>ad</span> <span class='ocrx_word' id='word_1_360' title='bbox 902 2377 1007 2415; x_wconf 73' lang='lat' dir='ltr'>versus</span> <span class='ocrx_word' id='word_1_361' title='bbox 1017 2378 1117 2416; x_wconf 87' lang='lat' dir='ltr'>ornnes</span> <span class='ocrx_word' id='word_1_362' title='bbox 1129 2364 1271 2431; x_wconf 75' lang='lat' dir='ltr'>lreerescS,</span> <span class='ocrx_word' id='word_1_363' title='bbox 1291 2365 1357 2434; x_wconf 84' lang='lat' dir='ltr'>quia</span> <span class='ocrx_word' id='word_1_364' title='bbox 1370 2364 1400 2415; x_wconf 90' lang='lat' dir='ltr'>iu</span> <span class='ocrx_word' id='word_1_365' title='bbox 1413 2362 1535 2418; x_wconf 74' lang='lat' dir='ltr'>cbristo</span> <span class='ocrx_word' id='word_1_366' title='bbox 1555 2364 1657 2417; x_wconf 77' lang='lat' dir='ltr'>dirius</span> 
     </span>
     <span class='ocr_line' id='line_1_57' title="bbox 860 2433 1661 2502; baseline 0.005 -18"><span class='ocrx_word' id='word_1_367' title='bbox 860 2433 950 2484; x_wconf 85' lang='lat' dir='ltr'>sr&#39;ruul</span> <span class='ocrx_word' id='word_1_368' title='bbox 964 2439 992 2485; x_wconf 89' lang='lat' dir='ltr'>et</span> <span class='ocrx_word' id='word_1_369' title='bbox 1012 2434 1135 2486; x_wconf 82' lang='lat' dir='ltr'>lrunrnuu</span> <span class='ocrx_word' id='word_1_370' title='bbox 1152 2437 1308 2502; x_wconf 76' lang='lat' dir='ltr'>perrcretia</span> <span class='ocrx_word' id='word_1_371' title='bbox 1327 2435 1472 2487; x_wconf 80' lang='lat' dir='ltr'>creditur.</span> <span class='ocrx_word' id='word_1_372' title='bbox 1495 2435 1576 2488; x_wconf 81' lang='lat' dir='ltr'>Duos</span> <span class='ocrx_word' id='word_1_373' title='bbox 1591 2433 1661 2488; x_wconf 82' lang='lat' dir='ltr'>illos</span> 
     </span>
     <span class='ocr_line' id='line_1_58' title="bbox 858 2503 1731 2576; baseline 0.005 -21"><span class='ocrx_word' id='word_1_374' title='bbox 858 2504 1071 2571; x_wconf 53' lang='lat' dir='ltr'>perorationes</span> <span class='ocrx_word' id='word_1_375' title='bbox 1091 2506 1219 2557; x_wconf 78' lang='lat' dir='ltr'>invicem</span> <span class='ocrx_word' id='word_1_376' title='bbox 1237 2505 1298 2558; x_wconf 85' lang='lat' dir='ltr'>sibi</span> <span class='ocrx_word' id='word_1_377' title='bbox 1310 2518 1365 2557; x_wconf 91' lang='lat' dir='ltr'>non</span> <span class='ocrx_word' id='word_1_378' title='bbox 1377 2503 1499 2558; x_wconf 80' lang='lat' dir='ltr'>oldcere</span> <span class='ocrx_word' id='word_1_379' title='bbox 1511 2525 1519 2559; x_wconf 93' lang='lat'><em>:</em></span> <span class='ocrx_word' id='word_1_380' title='bbox 1530 2505 1585 2559; x_wconf 81' lang='lat' dir='ltr'>sed</span> <span class='ocrx_word' id='word_1_381' title='bbox 1597 2520 1660 2576; x_wconf 80' lang='lat' dir='ltr'>qaae</span> <span class='ocrx_word' id='word_1_382' title='bbox 1726 2515 1731 2525; x_wconf 90' lang='grc'><em>“</em></span> 
     </span>
     <span class='ocr_line' id='line_1_59' title="bbox 859 2573 1658 2644; baseline 0.006 -20"><span class='ocrx_word' id='word_1_383' title='bbox 859 2573 896 2625; x_wconf 73' lang='lat' dir='ltr'>nil</span> <span class='ocrx_word' id='word_1_384' title='bbox 913 2583 1064 2644; x_wconf 75' lang='lat' dir='ltr'>utrumqne</span> <span class='ocrx_word' id='word_1_385' title='bbox 1077 2581 1240 2644; x_wconf 83' lang='lat' dir='ltr'>pertinent,</span> <span class='ocrx_word' id='word_1_386' title='bbox 1263 2573 1346 2628; x_wconf 86' lang='lat' dir='ltr'>snlra</span> <span class='ocrx_word' id='word_1_387' title='bbox 1364 2574 1452 2628; x_wconf 65' lang='lat' dir='ltr'>iratam</span> <span class='ocrx_word' id='word_1_388' title='bbox 1470 2575 1501 2628; x_wconf 89' lang='lat' dir='ltr'>in</span> <span class='ocrx_word' id='word_1_389' title='bbox 1518 2576 1658 2644; x_wconf 72' lang='lat' dir='ltr'>passione</span> 
     </span>
     <span class='ocr_line' id='line_1_60' title="bbox 860 2643 1661 2714; baseline 0.005 -20"><span class='ocrx_word' id='word_1_390' title='bbox 860 2659 892 2694; x_wconf 85' lang='lat' dir='ltr'>ue</span> <span class='ocrx_word' id='word_1_391' title='bbox 904 2643 1054 2714; x_wconf 72' lang='lat' dir='ltr'>sepulture</span> <span class='ocrx_word' id='word_1_392' title='bbox 1068 2646 1223 2698; x_wconf 80' lang='lat' dir='ltr'>rnnusisse.</span> <span class='ocrx_word' id='word_1_393' title='bbox 1235 2645 1303 2698; x_wconf 80' lang='lat' dir='ltr'>Nan</span> <span class='ocrx_word' id='word_1_394' title='bbox 1315 2661 1387 2714; x_wconf 77' lang='lat' dir='ltr'>erpa</span> <span class='ocrx_word' id='word_1_395' title='bbox 1396 2644 1589 2698; x_wconf 70' lang='lat' dir='ltr'>infirmitates</span> <span class='ocrx_word' id='word_1_396' title='bbox 1598 2659 1661 2698; x_wconf 85' lang='lat' dir='ltr'>cor·</span> 
     </span>
     <span class='ocr_line' id='line_1_61' title="bbox 856 2714 1660 2783; baseline 0.004 -18"><span class='ocrx_word' id='word_1_397' title='bbox 856 2717 942 2783; x_wconf 75' lang='lat' dir='ltr'>poris</span> <span class='ocrx_word' id='word_1_398' title='bbox 958 2715 1113 2768; x_wconf 64' lang='lat' dir='ltr'>divinitati</span> <span class='ocrx_word' id='word_1_399' title='bbox 1127 2716 1343 2775; x_wconf 78' lang='lat' dir='ltr'>attribuendus,</span> <span class='ocrx_word' id='word_1_400' title='bbox 1363 2731 1426 2768; x_wconf 87' lang='lat' dir='ltr'>cnm</span> <span class='ocrx_word' id='word_1_401' title='bbox 1443 2716 1505 2769; x_wconf 74' lang='lat' dir='ltr'>lione</span> <span class='ocrx_word' id='word_1_402' title='bbox 1520 2731 1536 2769; x_wconf 82' lang='lat' dir='ltr'>a</span> <span class='ocrx_word' id='word_1_403' title='bbox 1551 2714 1614 2770; x_wconf 86' lang='lat' dir='ltr'>Ioco</span> <span class='ocrx_word' id='word_1_404' title='bbox 1630 2719 1660 2769; x_wconf 82' lang='lat' dir='ltr'>et</span> 
     </span>
     <span class='ocr_line' id='line_1_62' title="bbox 862 2785 1659 2855; baseline 0.005 -20"><span class='ocrx_word' id='word_1_405' title='bbox 862 2792 993 2855; x_wconf 85' lang='lat' dir='ltr'>tempore</span> <span class='ocrx_word' id='word_1_406' title='bbox 1003 2786 1136 2838; x_wconf 77' lang='lat' dir='ltr'>absolute</span> <span class='ocrx_word' id='word_1_407' title='bbox 1147 2788 1187 2838; x_wconf 83' lang='lat' dir='ltr'>sit</span> <span class='ocrx_word' id='word_1_408' title='bbox 1198 2806 1205 2838; x_wconf 90' lang='grc'>,·</span> <span class='ocrx_word' id='word_1_409' title='bbox 1218 2794 1246 2839; x_wconf 88' lang='lat' dir='ltr'>et</span> <span class='ocrx_word' id='word_1_410' title='bbox 1259 2786 1336 2839; x_wconf 80' lang='lat' dir='ltr'>ninil</span> <span class='ocrx_word' id='word_1_411' title='bbox 1346 2787 1405 2839; x_wconf 82' lang='lat' dir='ltr'>nisi</span> <span class='ocrx_word' id='word_1_412' title='bbox 1421 2785 1580 2840; x_wconf 84' lang='lat' dir='ltr'>secundum</span> <span class='ocrx_word' id='word_1_413' title='bbox 1596 2800 1659 2840; x_wconf 83' lang='lat' dir='ltr'>car·</span> 
     </span>
     <span class='ocr_line' id='line_1_63' title="bbox 860 2855 1434 2927; baseline 0.003 -19"><span class='ocrx_word' id='word_1_414' title='bbox 860 2872 925 2909; x_wconf 85' lang='lat' dir='ltr'>neni</span> <span class='ocrx_word' id='word_1_415' title='bbox 934 2857 1134 2927; x_wconf 69' lang='lat' dir='ltr'>perlipotnerit</span> <span class='ocrx_word' id='word_1_416' title='bbox 1155 2855 1279 2910; x_wconf 74' lang='lat' dir='ltr'>Verbum</span> <span class='ocrx_word' id='word_1_417' title='bbox 1291 2857 1322 2910; x_wconf 83' lang='lat' dir='ltr'>di</span> <span class='ocrx_word' id='word_1_418' title='bbox 1328 2857 1434 2910; x_wconf 76' lang='lat' dir='ltr'>virium.</span> 
     </span>
    </p>
   </div>
   <div class='ocr_carea' id='block_1_15' title="bbox 825 2979 1660 3139">
    <p class='ocr_par' dir='ltr' id='par_1_16' title="bbox 825 2979 1660 3139">
     <span class='ocr_line' id='line_1_64' title="bbox 859 2979 1660 3050; baseline 0 -16"><span class='ocrx_word' id='word_1_419' title='bbox 859 2979 903 3034; x_wconf 75' lang='lat' dir='ltr'>nt.</span> <span class='ocrx_word' id='word_1_420' title='bbox 921 2981 1009 3033; x_wconf 82' lang='lat' dir='ltr'>Fides</span> <span class='ocrx_word' id='word_1_421' title='bbox 1024 2996 1097 3050; x_wconf 81' lang='lat' dir='ltr'>ergo</span> <span class='ocrx_word' id='word_1_422' title='bbox 1114 2982 1159 3032; x_wconf 89' lang='lat' dir='ltr'>est</span> <span class='ocrx_word' id='word_1_423' title='bbox 1177 2980 1320 3033; x_wconf 84' lang='lat' dir='ltr'>Ecclesiae</span> <span class='ocrx_word' id='word_1_424' title='bbox 1337 2979 1580 3035; x_wconf 80' lang='lat' dir='ltr'>tundamentum:</span> <span class='ocrx_word' id='word_1_425' title='bbox 1600 2993 1660 3034; x_wconf 89' lang='lat' dir='ltr'>nan</span> 
     </span>
     <span class='ocr_line' id='line_1_65' title="bbox 825 3068 1659 3139; baseline 0.001 -17"><span class='ocrx_word' id='word_1_426' title='bbox 825 3070 900 3122; x_wconf 91' lang='lat' dir='ltr'>enim</span> <span class='ocrx_word' id='word_1_427' title='bbox 924 3071 960 3121; x_wconf 87' lang='lat' dir='ltr'>‹lc</span> <span class='ocrx_word' id='word_1_428' title='bbox 985 3084 1072 3122; x_wconf 90' lang='lat' dir='ltr'>carne</span> <span class='ocrx_word' id='word_1_429' title='bbox 1095 3069 1182 3137; x_wconf 75' lang='lat' dir='ltr'>l’ctri,</span> <span class='ocrx_word' id='word_1_430' title='bbox 1199 3068 1251 3122; x_wconf 88' lang='lat' dir='ltr'>sed</span> <span class='ocrx_word' id='word_1_431' title='bbox 1267 3069 1303 3122; x_wconf 92' lang='lat' dir='ltr'>da</span> <span class='ocrx_word' id='word_1_432' title='bbox 1319 3068 1376 3122; x_wconf 85' lang='lat' dir='ltr'>lide</span> <span class='ocrx_word' id='word_1_433' title='bbox 1392 3069 1501 3122; x_wconf 89' lang='lat' dir='ltr'>dictam</span> <span class='ocrx_word' id='word_1_434' title='bbox 1517 3072 1572 3136; x_wconf 90' lang='lat' dir='ltr'>est,</span> <span class='ocrx_word' id='word_1_435' title='bbox 1589 3069 1659 3139; x_wconf 82' lang='lat' dir='ltr'>quin</span> 
     </span>
    </p>
   </div>
   <div class='ocr_carea' id='block_1_16' title="bbox 100 3155 1660 3285">
    <p class='ocr_par' dir='ltr' id='par_1_17' title="bbox 100 3155 1660 3285">
     <span class='ocr_line' id='line_1_66' title="bbox 179 3155 1660 3226; baseline 0.001 -17"><span class='ocrx_word' id='word_1_436' title='bbox 179 3212 184 3222; x_wconf 63' lang='grc'><em>,</em></span> <span class='ocrx_word' id='word_1_437' title='bbox 397 3214 401 3222; x_wconf 53' lang='grc'>,</span> <span class='ocrx_word' id='word_1_438' title='bbox 682 3215 686 3223; x_wconf 28' lang='lat'><strong><em>⁴</em></strong></span> <span class='ocrx_word' id='word_1_439' title='bbox 759 3167 765 3192; x_wconf 68' lang='lat'><strong>³</strong></span> <span class='ocrx_word' id='word_1_440' title='bbox 824 3162 916 3226; x_wconf 77' lang='lat' dir='ltr'>partes</span> <span class='ocrx_word' id='word_1_441' title='bbox 931 3157 1034 3210; x_wconf 84' lang='lat' dir='ltr'>mortis</span> <span class='ocrx_word' id='word_1_442' title='bbox 1050 3158 1076 3209; x_wconf 91' lang='lat' dir='ltr'>ci</span> <span class='ocrx_word' id='word_1_443' title='bbox 1093 3172 1150 3209; x_wconf 92' lang='lat' dir='ltr'>nou</span> <span class='ocrx_word' id='word_1_444' title='bbox 1166 3156 1370 3225; x_wconf 76' lang='lat' dir='ltr'>praevalebunt</span> <span class='ocrx_word' id='word_1_445' title='bbox 1385 3155 1481 3225; x_wconf 75' lang='lat' dir='ltr'>(leid.</span> <span class='ocrx_word' id='word_1_446' title='bbox 1504 3156 1554 3224; x_wconf 79' lang='lat'>18)</span> <span class='ocrx_word' id='word_1_447' title='bbox 1576 3171 1583 3210; x_wconf 90' lang='lat'>:</span> <span class='ocrx_word' id='word_1_448' title='bbox 1605 3155 1660 3210; x_wconf 85' lang='lat' dir='ltr'>scd</span> 
     </span>
     <span class='ocr_line' id='line_1_67' title="bbox 100 3216 808 3285; baseline 0 -19"><span class='ocrx_word' id='word_1_449' title='bbox 100 3226 161 3266; x_wconf 86' lang='lat' dir='ltr'>non</span> <span class='ocrx_word' id='word_1_450' title='bbox 178 3216 379 3284; x_wconf 76' lang='lat' dir='ltr'>interrogatus</span> <span class='ocrx_word' id='word_1_451' title='bbox 395 3218 582 3285; x_wconf 79' lang='lat' dir='ltr'>interrogas:</span> <span class='ocrx_word' id='word_1_452' title='bbox 600 3230 653 3267; x_wconf 85' lang='lat' dir='ltr'>nce</span> <span class='ocrx_word' id='word_1_453' title='bbox 669 3218 766 3281; x_wconf 87' lang='lat' dir='ltr'>tunes,</span> <span class='ocrx_word' id='word_1_454' title='bbox 782 3217 808 3280; x_wconf 83' lang='lat' dir='ltr'>c</span> 
     </span>
    </p>
   </div>
   <div class='ocr_carea' id='block_1_17' title="bbox 823 3242 1659 3654">
    <p class='ocr_par' dir='ltr' id='par_1_18' title="bbox 823 3242 1659 3654">
     <span class='ocr_line' id='line_1_68' title="bbox 825 3242 1659 3314; baseline -0.001 -15"><span class='ocrx_word' id='word_1_455' title='bbox 825 3247 977 3300; x_wconf 77' lang='lat' dir='ltr'>consessio</span> <span class='ocrx_word' id='word_1_456' title='bbox 1002 3246 1073 3314; x_wconf 72' lang='lat' dir='ltr'>vicit</span> <span class='ocrx_word' id='word_1_457' title='bbox 1099 3245 1257 3298; x_wconf 86' lang='lat' dir='ltr'>internum.</span> <span class='ocrx_word' id='word_1_458' title='bbox 1284 3245 1320 3298; x_wconf 81' lang='lat' dir='ltr'>Et</span> <span class='ocrx_word' id='word_1_459' title='bbox 1341 3244 1406 3297; x_wconf 81' lang='lat' dir='ltr'>lraec</span> <span class='ocrx_word' id='word_1_460' title='bbox 1432 3242 1659 3298; x_wconf 81' lang='lat' dir='ltr'>contessionon</span> 
     </span>
     <span class='ocr_line' id='line_1_69' title="bbox 824 3330 1656 3401; baseline -0.005 -13"><span class='ocrx_word' id='word_1_461' title='bbox 824 3351 910 3388; x_wconf 91' lang='lat' dir='ltr'>unam</span> <span class='ocrx_word' id='word_1_462' title='bbox 927 3335 1065 3389; x_wconf 78' lang='lat' dir='ltr'>haercsiru</span> <span class='ocrx_word' id='word_1_463' title='bbox 1081 3334 1226 3401; x_wconf 77' lang='lat' dir='ltr'>exclusit,</span> <span class='ocrx_word' id='word_1_464' title='bbox 1242 3348 1309 3386; x_wconf 89' lang='lat' dir='ltr'>num</span> <span class='ocrx_word' id='word_1_465' title='bbox 1326 3348 1392 3387; x_wconf 89' lang='lat' dir='ltr'>cum</span> <span class='ocrx_word' id='word_1_466' title='bbox 1409 3331 1545 3386; x_wconf 82' lang='lat' dir='ltr'>Ecclesia</span> <span class='ocrx_word' id='word_1_467' title='bbox 1556 3330 1656 3385; x_wconf 88' lang='lat' dir='ltr'>multis</span> 
     </span>
     <span class='ocr_line' id='line_1_70' title="bbox 823 3418 1658 3496; baseline -0.004 -20"><span class='ocrx_word' id='word_1_468' title='bbox 823 3428 961 3493; x_wconf 83' lang='lat' dir='ltr'>tunquam</span> <span class='ocrx_word' id='word_1_469' title='bbox 977 3423 1054 3496; x_wconf 90' lang='lat' dir='ltr'>bona</span> <span class='ocrx_word' id='word_1_470' title='bbox 1070 3422 1154 3475; x_wconf 84' lang='lat' dir='ltr'>rravis</span> <span class='ocrx_word' id='word_1_471' title='bbox 1171 3421 1311 3476; x_wconf 88' lang='lat' dir='ltr'>lluctibus</span> <span class='ocrx_word' id='word_1_472' title='bbox 1335 3436 1416 3490; x_wconf 84' lang='lat' dir='ltr'>saepe</span> <span class='ocrx_word' id='word_1_473' title='bbox 1442 3421 1590 3488; x_wconf 85' lang='lat' dir='ltr'>tundatur,</span> <span class='ocrx_word' id='word_1_474' title='bbox 1606 3418 1658 3473; x_wconf 83' lang='lat' dir='ltr'>nd-</span> 
     </span>
     <span class='ocr_line' id='line_1_71' title="bbox 823 3507 1657 3565; baseline -0.001 -1"><span class='ocrx_word' id='word_1_475' title='bbox 823 3528 931 3564; x_wconf 83' lang='lat' dir='ltr'>versus</span> <span class='ocrx_word' id='word_1_476' title='bbox 947 3527 1050 3565; x_wconf 88' lang='lat' dir='ltr'>omnes</span> <span class='ocrx_word' id='word_1_477' title='bbox 1065 3511 1198 3565; x_wconf 63' lang='lat' dir='ltr'>haereses</span> <span class='ocrx_word' id='word_1_478' title='bbox 1213 3509 1299 3563; x_wconf 91' lang='lat' dir='ltr'>debet</span> <span class='ocrx_word' id='word_1_479' title='bbox 1316 3508 1414 3563; x_wconf 87' lang='lat' dir='ltr'>valere</span> <span class='ocrx_word' id='word_1_480' title='bbox 1430 3507 1575 3563; x_wconf 80' lang='lat' dir='ltr'>Ecclesiae</span> <span class='ocrx_word' id='word_1_481' title='bbox 1590 3507 1657 3563; x_wconf 84' lang='lat' dir='ltr'>iun·</span> 
     </span>
     <span class='ocr_line' id='line_1_72' title="bbox 824 3600 1001 3654; baseline -0.011 0"><span class='ocrx_word' id='word_1_482' title='bbox 824 3600 1001 3654; x_wconf 83' lang='lat' dir='ltr'>dnurentum.</span> 
     </span>
    </p>
   </div>
   <div class='ocr_carea' id='block_1_18' title="bbox 85 3652 944 3742">
    <p class='ocr_par' dir='ltr' id='par_1_19' title="bbox 85 3652 944 3742">
     <span class='ocr_line' id='line_1_73' title="bbox 85 3652 944 3742; baseline 0.012 -35"><span class='ocrx_word' id='word_1_483' title='bbox 85 3652 153 3709; x_wconf 76' lang='lat' dir='ltr'>&#39;sal</span> <span class='ocrx_word' id='word_1_484' title='bbox 170 3671 233 3723; x_wconf 83' lang='lat' dir='ltr'>xvi,</span> <span class='ocrx_word' id='word_1_485' title='bbox 248 3656 317 3725; x_wconf 62' lang='lat' dir='ltr'>tlt»</span> <span class='ocrx_word' id='word_1_486' title='bbox 336 3672 410 3725; x_wconf 91' lang='lat' dir='ltr'>opus</span> <span class='ocrx_word' id='word_1_487' title='bbox 423 3661 520 3709; x_wconf 83' lang='lat' dir='ltr'>nutem</span> <span class='ocrx_word' id='word_1_488' title='bbox 532 3660 577 3709; x_wconf 90' lang='lat' dir='ltr'>est</span> <span class='ocrx_word' id='word_1_489' title='bbox 588 3657 767 3725; x_wconf 79' lang='lat' dir='ltr'>per-lidorum</span> <span class='ocrx_word' id='word_1_490' title='bbox 857 3691 901 3742; x_wconf 35' lang='lat'>35.</span> <span class='ocrx_word' id='word_1_491' title='bbox 920 3689 944 3740; x_wconf 73' lang='lat' dir='ltr'>D</span> 
     </span>
    </p>
   </div>
   <div class='ocr_carea' id='block_1_19' title="bbox 947 3684 1659 3756">
    <p class='ocr_par' dir='ltr' id='par_1_20' title="bbox 947 3684 1659 3756">
     <span class='ocr_line' id='line_1_74' title="bbox 947 3684 1659 3756; baseline 0.001 -18"><span class='ocrx_word' id='word_1_492' title='bbox 947 3689 991 3741; x_wconf 88' lang='lat' dir='ltr'>ies</span> <span class='ocrx_word' id='word_1_493' title='bbox 1007 3703 1053 3740; x_wconf 92' lang='lat' dir='ltr'>me</span> <span class='ocrx_word' id='word_1_494' title='bbox 1069 3688 1156 3740; x_wconf 90' lang='lat' dir='ltr'>citius</span> <span class='ocrx_word' id='word_1_495' title='bbox 1172 3685 1323 3754; x_wconf 86' lang='lat' dir='ltr'>deiecerit,</span> <span class='ocrx_word' id='word_1_496' title='bbox 1336 3700 1424 3756; x_wconf 86' lang='lat' dir='ltr'>quam</span> <span class='ocrx_word' id='word_1_497' title='bbox 1436 3684 1554 3739; x_wconf 88' lang='lat' dir='ltr'>nomina</span> <span class='ocrx_word' id='word_1_498' title='bbox 1566 3684 1659 3739; x_wconf 80' lang='lat' dir='ltr'>boera·</span> 
     </span>
    </p>
   </div>
   <div class='ocr_carea' id='block_1_20' title="bbox 84 3743 767 4167">
    <p class='ocr_par' dir='ltr' id='par_1_21' title="bbox 84 3743 767 4167">
     <span class='ocr_line' id='line_1_75' title="bbox 84 3743 766 3815; baseline -0.001 -17"><span class='ocrx_word' id='word_1_499' title='bbox 84 3743 252 3814; x_wconf 71' lang='lat' dir='ltr'>praedicare.</span> <span class='ocrx_word' id='word_1_500' title='bbox 263 3744 343 3815; x_wconf 79' lang='lat' dir='ltr'>Ergo</span> <span class='ocrx_word' id='word_1_501' title='bbox 355 3749 437 3798; x_wconf 88' lang='lat' dir='ltr'>tacco</span> <span class='ocrx_word' id='word_1_502' title='bbox 447 3745 553 3812; x_wconf 85' lang='lat' dir='ltr'>adbuc,</span> <span class='ocrx_word' id='word_1_503' title='bbox 562 3746 629 3814; x_wconf 85' lang='lat' dir='ltr'>quin</span> <span class='ocrx_word' id='word_1_504' title='bbox 637 3745 766 3797; x_wconf 84' lang='lat' dir='ltr'>nondum</span> 
     </span>
     <span class='ocr_line' id='line_1_76' title="bbox 89 3831 765 3903; baseline -0.001 -17"><span class='ocrx_word' id='word_1_505' title='bbox 89 3831 187 3886; x_wconf 73' lang='lat' dir='ltr'>santio</span> <span class='ocrx_word' id='word_1_506' title='bbox 212 3831 378 3903; x_wconf 82' lang='lat' dir='ltr'>interrogor</span> <span class='ocrx_word' id='word_1_507' title='bbox 397 3849 403 3887; x_wconf 80' lang='lat' dir='ltr'>z</span> <span class='ocrx_word' id='word_1_508' title='bbox 421 3849 478 3886; x_wconf 93' lang='lat' dir='ltr'>nan</span> <span class='ocrx_word' id='word_1_509' title='bbox 496 3834 643 3902; x_wconf 84' lang='lat' dir='ltr'>proteram</span> <span class='ocrx_word' id='word_1_510' title='bbox 668 3833 765 3901; x_wconf 78' lang='lat' dir='ltr'>lutriiS,</span> 
     </span>
     <span class='ocr_line' id='line_1_77' title="bbox 84 3921 767 3991; baseline -0.001 -16"><span class='ocrx_word' id='word_1_511' title='bbox 84 3934 138 3975; x_wconf 84' lang='lat' dir='ltr'>nus</span> <span class='ocrx_word' id='word_1_512' title='bbox 149 3934 209 3974; x_wconf 92' lang='lat' dir='ltr'>nan</span> <span class='ocrx_word' id='word_1_513' title='bbox 219 3921 364 3990; x_wconf 89' lang='lat' dir='ltr'>probavit.</span> <span class='ocrx_word' id='word_1_514' title='bbox 379 3921 438 3974; x_wconf 83' lang='lat' dir='ltr'>Erit</span> <span class='ocrx_word' id='word_1_515' title='bbox 454 3926 568 3990; x_wconf 86' lang='lat' dir='ltr'>ternpus</span> <span class='ocrx_word' id='word_1_516' title='bbox 580 3922 696 3991; x_wconf 81' lang='lat' dir='ltr'>qrmnrlo</span> <span class='ocrx_word' id='word_1_517' title='bbox 709 3937 767 3974; x_wconf 86' lang='lat' dir='ltr'>res·</span> 
     </span>
     <span class='ocr_line' id='line_1_78' title="bbox 84 4006 767 4079; baseline 0 -19"><span class='ocrx_word' id='word_1_518' title='bbox 84 4049 87 4060; x_wconf 90' lang='lat'><em>.</em></span> <span class='ocrx_word' id='word_1_519' title='bbox 104 4006 316 4079; x_wconf 83' lang='lat' dir='ltr'>Interrognbor</span> <span class='ocrx_word' id='word_1_520' title='bbox 331 4013 359 4062; x_wconf 93' lang='lat' dir='ltr'>ct</span> <span class='ocrx_word' id='word_1_521' title='bbox 375 4010 438 4078; x_wconf 91' lang='lat' dir='ltr'>ipse</span> <span class='ocrx_word' id='word_1_522' title='bbox 455 4009 524 4079; x_wconf 86' lang='lat' dir='ltr'>quid</span> <span class='ocrx_word' id='word_1_523' title='bbox 541 4010 676 4077; x_wconf 89' lang='lat' dir='ltr'>sentium,</span> <span class='ocrx_word' id='word_1_524' title='bbox 699 4014 767 4062; x_wconf 91' lang='lat' dir='ltr'>tuuc</span> 
     </span>
     <span class='ocr_line' id='line_1_79' title="bbox 84 4097 767 4167; baseline 0 -17"><span class='ocrx_word' id='word_1_525' title='bbox 84 4097 247 4166; x_wconf 75' lang='lat' dir='ltr'>repondebo</span> <span class='ocrx_word' id='word_1_526' title='bbox 257 4099 335 4167; x_wconf 91' lang='lat' dir='ltr'>quod</span> <span class='ocrx_word' id='word_1_527' title='bbox 347 4114 444 4151; x_wconf 92' lang='lat' dir='ltr'>meum</span> <span class='ocrx_word' id='word_1_528' title='bbox 456 4101 515 4164; x_wconf 71' lang='lat' dir='ltr'>est,</span> <span class='ocrx_word' id='word_1_529' title='bbox 528 4114 623 4151; x_wconf 90' lang='lat' dir='ltr'>meum</span> <span class='ocrx_word' id='word_1_530' title='bbox 636 4100 681 4150; x_wconf 86' lang='lat' dir='ltr'>cst</span> <span class='ocrx_word' id='word_1_531' title='bbox 690 4097 767 4150; x_wconf 90' lang='lat' dir='ltr'>enim</span> 
     </span>
    </p>
   </div>
   <div class='ocr_carea' id='block_1_21' title="bbox 823 3773 1658 4199">
    <p class='ocr_par' dir='ltr' id='par_1_22' title="bbox 823 3773 1658 4199">
     <span class='ocr_line' id='line_1_80' title="bbox 823 3773 1656 3845; baseline -0.001 -16"><span class='ocrx_word' id='word_1_532' title='bbox 823 3778 948 3830; x_wconf 88' lang='lat' dir='ltr'>tiearum</span> <span class='ocrx_word' id='word_1_533' title='bbox 958 3776 1202 3845; x_wconf 82' lang='lat' dir='ltr'>diversarumque</span> <span class='ocrx_word' id='word_1_534' title='bbox 1213 3778 1361 3829; x_wconf 85' lang='lat' dir='ltr'>sectarum</span> <span class='ocrx_word' id='word_1_535' title='bbox 1375 3773 1540 3842; x_wconf 80' lang='lat' dir='ltr'>3advarsus</span> <span class='ocrx_word' id='word_1_536' title='bbox 1552 3787 1656 3828; x_wconf 86' lang='lat' dir='ltr'>omnes</span> 
     </span>
     <span class='ocr_line' id='line_1_81' title="bbox 823 3861 1658 3935; baseline -0.004 -16"><span class='ocrx_word' id='word_1_537' title='bbox 823 3869 919 3919; x_wconf 80' lang='lat' dir='ltr'>tamen</span> <span class='ocrx_word' id='word_1_538' title='bbox 936 3865 1085 3935; x_wconf 80' lang='lat' dir='ltr'>generalis</span> <span class='ocrx_word' id='word_1_539' title='bbox 1102 3864 1158 3918; x_wconf 92' lang='lat' dir='ltr'>isto</span> <span class='ocrx_word' id='word_1_540' title='bbox 1169 3868 1215 3917; x_wconf 86' lang='lat' dir='ltr'>est</span> <span class='ocrx_word' id='word_1_541' title='bbox 1226 3863 1310 3931; x_wconf 82' lang='lat' dir='ltr'>fides,</span> <span class='ocrx_word' id='word_1_542' title='bbox 1323 3863 1392 3933; x_wconf 88' lang='lat' dir='ltr'>quin</span> <span class='ocrx_word' id='word_1_543' title='bbox 1402 3861 1540 3916; x_wconf 88' lang='lat' dir='ltr'>Christus</span> <span class='ocrx_word' id='word_1_544' title='bbox 1550 3865 1596 3916; x_wconf 87' lang='lat' dir='ltr'>cst</span> <span class='ocrx_word' id='word_1_545' title='bbox 1605 3861 1658 3916; x_wconf 86' lang='lat' dir='ltr'>Dai</span> 
     </span>
     <span class='ocr_line' id='line_1_82' title="bbox 824 3949 1658 4021; baseline -0.005 -14"><span class='ocrx_word' id='word_1_546' title='bbox 824 3954 929 4020; x_wconf 73' lang='lat' dir='ltr'>Filius,</span> <span class='ocrx_word' id='word_1_547' title='bbox 946 3956 975 4006; x_wconf 87' lang='lat' dir='ltr'>et</span> <span class='ocrx_word' id='word_1_548' title='bbox 991 3953 1191 4021; x_wconf 85' lang='lat' dir='ltr'>sempiternus</span> <span class='ocrx_word' id='word_1_549' title='bbox 1208 3967 1244 4005; x_wconf 88' lang='lat' dir='ltr'>ex</span> <span class='ocrx_word' id='word_1_550' title='bbox 1261 3952 1356 4019; x_wconf 88' lang='lat' dir='ltr'>Patre,</span> <span class='ocrx_word' id='word_1_551' title='bbox 1374 3956 1402 4005; x_wconf 90' lang='lat' dir='ltr'>et</span> <span class='ocrx_word' id='word_1_552' title='bbox 1421 3954 1507 4005; x_wconf 88' lang='lat' dir='ltr'>notus</span> <span class='ocrx_word' id='word_1_553' title='bbox 1519 3966 1556 4004; x_wconf 84' lang='lat' dir='ltr'>ex</span> <span class='ocrx_word' id='word_1_554' title='bbox 1567 3949 1658 4004; x_wconf 82' lang='lat' dir='ltr'>bieria</span> 
     </span>
     <span class='ocr_line' id='line_1_83' title="bbox 824 4038 1657 4111; baseline 0 -18"><span class='ocrx_word' id='word_1_555' title='bbox 824 4042 957 4111; x_wconf 76' lang='lat' dir='ltr'>l&#39;irginc.</span> <span class='ocrx_word' id='word_1_556' title='bbox 974 4040 1066 4105; x_wconf 87' lang='lat' dir='ltr'>Quem</span> <span class='ocrx_word' id='word_1_557' title='bbox 1085 4043 1169 4110; x_wconf 87' lang='lat' dir='ltr'>quusi</span> <span class='ocrx_word' id='word_1_558' title='bbox 1187 4043 1337 4111; x_wconf 82' lang='lat' dir='ltr'>gigantam</span> <span class='ocrx_word' id='word_1_559' title='bbox 1348 4041 1470 4093; x_wconf 86' lang='lat' dir='ltr'>sanctus</span> <span class='ocrx_word' id='word_1_560' title='bbox 1483 4038 1575 4092; x_wconf 86' lang='lat' dir='ltr'>David</span> <span class='ocrx_word' id='word_1_561' title='bbox 1586 4052 1657 4109; x_wconf 86' lang='lat' dir='ltr'>pro-</span> 
     </span>
     <span class='ocr_line' id='line_1_84' title="bbox 823 4127 1656 4199; baseline -0.001 -17"><span class='ocrx_word' id='word_1_562' title='bbox 823 4130 909 4198; x_wconf 85' lang='lat' dir='ltr'>phete</span> <span class='ocrx_word' id='word_1_563' title='bbox 927 4129 1078 4196; x_wconf 84' lang='lat' dir='ltr'>describit,</span> <span class='ocrx_word' id='word_1_564' title='bbox 1095 4145 1130 4183; x_wconf 90' lang='lat' dir='ltr'>ea</span> <span class='ocrx_word' id='word_1_565' title='bbox 1146 4129 1225 4199; x_wconf 91' lang='lat' dir='ltr'>quod</span> <span class='ocrx_word' id='word_1_566' title='bbox 1240 4127 1377 4182; x_wconf 79' lang='lat' dir='ltr'>biformis</span> <span class='ocrx_word' id='word_1_567' title='bbox 1393 4128 1580 4199; x_wconf 68' lang='lat' dir='ltr'>geminoque</span> <span class='ocrx_word' id='word_1_568' title='bbox 1601 4141 1656 4181; x_wconf 84' lang='lat' dir='ltr'>na·</span> 
     </span>
    </p>
   </div>
   <div class='ocr_carea' id='block_1_22' title="bbox 84 4187 1658 4643">
    <p class='ocr_par' dir='ltr' id='par_1_23' title="bbox 84 4187 1658 4643">
     <span class='ocr_line' id='line_1_85' title="bbox 85 4187 1658 4287; baseline -0.003 -14"><span class='ocrx_word' id='word_1_569' title='bbox 85 4199 126 4253; x_wconf 77' lang='lat'>¹¹¹⁹</span> <span class='ocrx_word' id='word_1_570' title='bbox 142 4188 279 4254; x_wconf 55' lang='lat' dir='ltr'><strong>pmmem</strong></span> <span class='ocrx_word' id='word_1_571' title='bbox 295 4201 443 4255; x_wconf 67' lang='lat'>⁸⁸⁵⁰¹&#39;⁰¹&#39;⁰’</span> <span class='ocrx_word' id='word_1_572' title='bbox 457 4189 581 4257; x_wconf 54' lang='lat' dir='ltr'>&amp;mam</span> <span class='ocrx_word' id='word_1_573' title='bbox 594 4187 765 4255; x_wconf 55' lang='lat' dir='ltr'>praedwm·</span> <span class='ocrx_word' id='word_1_574' title='bbox 824 4222 896 4271; x_wconf 70' lang='lat' dir='ltr'>turen</span> <span class='ocrx_word' id='word_1_575' title='bbox 912 4234 989 4271; x_wconf 91' lang='lat' dir='ltr'>unus</span> <span class='ocrx_word' id='word_1_576' title='bbox 1005 4219 1044 4271; x_wconf 88' lang='lat' dir='ltr'>sit</span> <span class='ocrx_word' id='word_1_577' title='bbox 1059 4233 1184 4272; x_wconf 88' lang='lat' dir='ltr'>consors</span> <span class='ocrx_word' id='word_1_578' title='bbox 1201 4217 1363 4271; x_wconf 88' lang='lat' dir='ltr'>divinitatis</span> <span class='ocrx_word' id='word_1_579' title='bbox 1384 4220 1412 4271; x_wconf 90' lang='lat' dir='ltr'>et</span> <span class='ocrx_word' id='word_1_580' title='bbox 1431 4216 1565 4286; x_wconf 86' lang='lat' dir='ltr'>carparis</span> <span class='ocrx_word' id='word_1_581' title='bbox 1583 4230 1589 4270; x_wconf 93' lang='lat'><strong>:</strong></span> <span class='ocrx_word' id='word_1_582' title='bbox 1607 4215 1658 4287; x_wconf 85' lang='lat' dir='ltr'>qui</span> 
     </span>
     <span class='ocr_line' id='line_1_86' title="bbox 84 4290 1656 4376; baseline -0.003 -14"><span class='ocrx_word' id='word_1_583' title='bbox 84 4290 302 4362; x_wconf 74' lang='lat' dir='ltr'>rigiturqussi</span> <span class='ocrx_word' id='word_1_584' title='bbox 318 4292 550 4363; x_wconf 66' lang='lat' dir='ltr'>P531&#39;501&#39;Sssss811r</span> <span class='ocrx_word' id='word_1_585' title='bbox 568 4307 641 4345; x_wconf 60' lang='lat'>‘1⁰⁰0</span> <span class='ocrx_word' id='word_1_586' title='bbox 657 4292 768 4344; x_wconf 68' lang='lat' dir='ltr'>‘ffllliffl&#39;</span> <span class='ocrx_word' id='word_1_587' title='bbox 826 4328 837 4352; x_wconf 70' lang='lat' dir='ltr'>a</span> <span class='ocrx_word' id='word_1_588' title='bbox 862 4310 1001 4376; x_wconf 81' lang='lat' dir='ltr'>tunquam</span> <span class='ocrx_word' id='word_1_589' title='bbox 1022 4322 1173 4376; x_wconf 82' lang='lat' dir='ltr'>sponsus,</span> <span class='ocrx_word' id='word_1_590' title='bbox 1194 4306 1361 4375; x_wconf 87' lang='lat' dir='ltr'>procedens</span> <span class='ocrx_word' id='word_1_591' title='bbox 1381 4305 1418 4359; x_wconf 89' lang='lat' dir='ltr'>da</span> <span class='ocrx_word' id='word_1_592' title='bbox 1436 4303 1563 4359; x_wconf 85' lang='lat' dir='ltr'>thelema</span> <span class='ocrx_word' id='word_1_593' title='bbox 1584 4317 1656 4372; x_wconf 91' lang='lat' dir='ltr'>suo,</span> 
     </span>
     <span class='ocr_line' id='line_1_87' title="bbox 93 4378 1657 4465; baseline -0.001 -33"><span class='ocrx_word' id='word_1_594' title='bbox 93 4378 765 4450; x_wconf 74' lang='lat' dir='ltr'>quasifastidiosusdifferivocisobscqurnmz</span> <span class='ocrx_word' id='word_1_595' title='bbox 823 4395 982 4449; x_wconf 58' lang='lat' dir='ltr'>exsultavit</span> <span class='ocrx_word' id='word_1_596' title='bbox 1019 4398 1157 4465; x_wconf 61' lang='lat' dir='ltr'>tanquam</span> <span class='ocrx_word' id='word_1_597' title='bbox 1194 4393 1282 4465; x_wconf 62' lang='lat' dir='ltr'>gigas</span> <span class='ocrx_word' id='word_1_598' title='bbox 1311 4393 1347 4446; x_wconf 67' lang='lat' dir='ltr'>ad</span> <span class='ocrx_word' id='word_1_599' title='bbox 1376 4391 1551 4446; x_wconf 57' lang='lat' dir='ltr'>eufromium</span> <span class='ocrx_word' id='word_1_600' title='bbox 1578 4390 1657 4444; x_wconf 63' lang='lat' dir='ltr'>viam</span> 
     </span>
     <span class='ocr_line' id='line_1_88' title="bbox 84 4465 1656 4552; baseline -0.001 -32"><span class='ocrx_word' id='word_1_601' title='bbox 84 4465 89 4520; x_wconf 91' lang='lat' dir='ltr'>i</span> <span class='ocrx_word' id='word_1_602' title='bbox 105 4470 209 4522; x_wconf 74' lang='lat' dir='ltr'>cautus</span> <span class='ocrx_word' id='word_1_603' title='bbox 225 4469 388 4537; x_wconf 86' lang='lat' dir='ltr'>periculum</span> <span class='ocrx_word' id='word_1_604' title='bbox 400 4468 534 4538; x_wconf 77' lang='lat' dir='ltr'>vulgaris</span> <span class='ocrx_word' id='word_1_605' title='bbox 547 4469 695 4536; x_wconf 77' lang='lat' dir='ltr'>opinionis</span> <span class='ocrx_word' id='word_1_606' title='bbox 707 4467 768 4521; x_wconf 85' lang='lat' dir='ltr'>eri·</span> <span class='ocrx_word' id='word_1_607' title='bbox 823 4483 916 4551; x_wconf 53' lang='grc' dir='ltr'>(μεθ),</span> <span class='ocrx_word' id='word_1_608' title='bbox 930 4500 1012 4538; x_wconf 54' lang='grc' dir='ltr'>ΜΠ,</span> <span class='ocrx_word' id='word_1_609' title='bbox 1029 4484 1066 4549; x_wconf 52' lang='grc'>6),</span> <span class='ocrx_word' id='word_1_610' title='bbox 1082 4506 1093 4530; x_wconf 85' lang='lat'>,.</span> <span class='ocrx_word' id='word_1_611' title='bbox 1115 4483 1251 4552; x_wconf 44' lang='lat' dir='ltr'>Sponsus</span> <span class='ocrx_word' id='word_1_612' title='bbox 1271 4481 1377 4534; x_wconf 66' lang='lat' dir='ltr'>animae</span> <span class='ocrx_word' id='word_1_613' title='bbox 1396 4479 1560 4534; x_wconf 61' lang='lat' dir='ltr'>seeundum</span> <span class='ocrx_word' id='word_1_614' title='bbox 1581 4477 1656 4532; x_wconf 64' lang='lat' dir='ltr'>ver.</span> 
     </span>
     <span class='ocr_line' id='line_1_89' title="bbox 84 4555 1657 4643; baseline -0.005 -16"><span class='ocrx_word' id='word_1_615' title='bbox 84 4555 122 4627; x_wconf 77' lang='lat' dir='ltr'>[¹²i</span> <span class='ocrx_word' id='word_1_616' title='bbox 138 4555 301 4626; x_wconf 65' lang='lat' dir='ltr'>pel&#39;iffllssffl</span> <span class='ocrx_word' id='word_1_617' title='bbox 318 4573 376 4609; x_wconf 74' lang='lat' dir='ltr'>1¹⁰ss</span> <span class='ocrx_word' id='word_1_618' title='bbox 393 4556 521 4610; x_wconf 50' lang='lat' dir='ltr'>efflabit</span> <span class='ocrx_word' id='word_1_619' title='bbox 537 4557 650 4609; x_wconf 54' lang='lat' dir='ltr'>salutis·</span> <span class='ocrx_word' id='word_1_620' title='bbox 679 4558 805 4628; x_wconf 56' lang='grc' dir='ltr'>ΗΘΜ)</span> <span class='ocrx_word' id='word_1_621' title='bbox 824 4571 909 4625; x_wconf 91' lang='lat' dir='ltr'>bum:</span> <span class='ocrx_word' id='word_1_622' title='bbox 932 4572 1018 4643; x_wconf 78' lang='lat' dir='ltr'>giges</span> <span class='ocrx_word' id='word_1_623' title='bbox 1037 4576 1140 4638; x_wconf 75' lang='lat' dir='ltr'>terreo,</span> <span class='ocrx_word' id='word_1_624' title='bbox 1168 4570 1237 4640; x_wconf 91' lang='lat' dir='ltr'>quia</span> <span class='ocrx_word' id='word_1_625' title='bbox 1261 4584 1335 4622; x_wconf 89' lang='lat' dir='ltr'>usus</span> <span class='ocrx_word' id='word_1_626' title='bbox 1355 4567 1451 4621; x_wconf 89' lang='lat' dir='ltr'>nostri</span> <span class='ocrx_word' id='word_1_627' title='bbox 1470 4564 1567 4620; x_wconf 80' lang='lat' dir='ltr'>allicis</span> <span class='ocrx_word' id='word_1_628' title='bbox 1586 4580 1657 4636; x_wconf 86' lang='lat' dir='ltr'>pcr-</span> 
     </span>
    </p>
   </div>
   <div class='ocr_carea' id='block_1_23' title="bbox 84 4644 766 4891">
    <p class='ocr_par' dir='ltr' id='par_1_24' title="bbox 84 4644 766 4891">
     <span class='ocr_line' id='line_1_90' title="bbox 84 4644 765 4715; baseline -0.001 -16"><span class='ocrx_word' id='word_1_629' title='bbox 84 4644 287 4699; x_wconf 73' lang='lat' dir='ltr'>psterior-ibus</span> <span class='ocrx_word' id='word_1_630' title='bbox 312 4645 404 4698; x_wconf 88' lang='lat' dir='ltr'>habes</span> <span class='ocrx_word' id='word_1_631' title='bbox 425 4645 492 4715; x_wconf 85' lang='lat' dir='ltr'>quin</span> <span class='ocrx_word' id='word_1_632' title='bbox 509 4645 638 4697; x_wconf 78' lang='lat' dir='ltr'>exsilivit</span> <span class='ocrx_word' id='word_1_633' title='bbox 655 4661 670 4699; x_wconf 84' lang='lat' dir='ltr'>e</span> <span class='ocrx_word' id='word_1_634' title='bbox 688 4647 765 4714; x_wconf 84' lang='lat' dir='ltr'>unvi,</span> 
     </span>
     <span class='ocr_line' id='line_1_91' title="bbox 84 4732 766 4804; baseline 0 -16"><span class='ocrx_word' id='word_1_635' title='bbox 84 4735 149 4788; x_wconf 66' lang='lat' dir='ltr'>eret</span> <span class='ocrx_word' id='word_1_636' title='bbox 165 4732 288 4786; x_wconf 85' lang='lat' dir='ltr'>[lomina</span> <span class='ocrx_word' id='word_1_637' title='bbox 305 4734 423 4800; x_wconf 84' lang='lat' dir='ltr'>(llatllr.</span> <span class='ocrx_word' id='word_1_638' title='bbox 437 4750 496 4801; x_wconf 78' lang='lat' dir='ltr'>xiv,</span> <span class='ocrx_word' id='word_1_639' title='bbox 514 4734 569 4801; x_wconf 73' lang='lat' dir='ltr'>nti),</span> <span class='ocrx_word' id='word_1_640' title='bbox 588 4749 646 4786; x_wconf 90' lang='lat' dir='ltr'>nou</span> <span class='ocrx_word' id='word_1_641' title='bbox 662 4734 766 4804; x_wconf 68' lang='lat' dir='ltr'>glorios</span> 
     </span>
     <span class='ocr_line' id='line_1_92' title="bbox 86 4820 555 4891; baseline -0.002 -15"><span class='ocrx_word' id='word_1_642' title='bbox 86 4820 141 4876; x_wconf 72' lang='lat' dir='ltr'>aed</span> <span class='ocrx_word' id='word_1_643' title='bbox 157 4820 332 4877; x_wconf 80' lang='lat' dir='ltr'>obedieutiae</span> <span class='ocrx_word' id='word_1_644' title='bbox 347 4825 555 4891; x_wconf 69' lang='lat' dir='ltr'>priematurns.</span> 
     </span>
    </p>
   </div>
   <div class='ocr_carea' id='block_1_24' title="bbox 83 4928 767 5443">
    <p class='ocr_par' dir='ltr' id='par_1_25' title="bbox 83 4928 767 5443">
     <span class='ocr_line' id='line_1_93' title="bbox 84 4928 765 4999; baseline -0.003 -16"><span class='ocrx_word' id='word_1_645' title='bbox 84 4941 95 4983; x_wconf 76' lang='lat' dir='ltr'>a</span> <span class='ocrx_word' id='word_1_646' title='bbox 115 4942 189 4999; x_wconf 77' lang='lat' dir='ltr'>crgo</span> <span class='ocrx_word' id='word_1_647' title='bbox 214 4929 344 4999; x_wconf 84' lang='lat' dir='ltr'>quiante</span> <span class='ocrx_word' id='word_1_648' title='bbox 363 4929 514 4996; x_wconf 86' lang='lat' dir='ltr'>reticebat,</span> <span class='ocrx_word' id='word_1_649' title='bbox 531 4931 561 4982; x_wconf 88' lang='lat' dir='ltr'>ut</span> <span class='ocrx_word' id='word_1_650' title='bbox 577 4928 695 4982; x_wconf 80' lang='lat' dir='ltr'>doceret</span> <span class='ocrx_word' id='word_1_651' title='bbox 710 4943 765 4982; x_wconf 89' lang='lat' dir='ltr'>nos</span> 
     </span>
     <span class='ocr_line' id='line_1_94' title="bbox 84 5013 764 5084; baseline 0.001 -15"><span class='ocrx_word' id='word_1_652' title='bbox 84 5013 181 5072; x_wconf 86' lang='lat' dir='ltr'>iarum</span> <span class='ocrx_word' id='word_1_653' title='bbox 190 5031 246 5071; x_wconf 85' lang='lat' dir='ltr'>nea</span> <span class='ocrx_word' id='word_1_654' title='bbox 257 5017 381 5071; x_wconf 79' lang='lat' dir='ltr'>rer-bum</span> <span class='ocrx_word' id='word_1_655' title='bbox 397 5017 557 5072; x_wconf 84' lang='lat' dir='ltr'>debeamus</span> <span class='ocrx_word' id='word_1_656' title='bbox 573 5018 692 5070; x_wconf 89' lang='lat' dir='ltr'>iterare:</span> <span class='ocrx_word' id='word_1_657' title='bbox 706 5016 764 5084; x_wconf 89' lang='lat' dir='ltr'>hic,</span> 
     </span>
     <span class='ocr_line' id='line_1_95' title="bbox 83 5102 765 5175; baseline 0 -16"><span class='ocrx_word' id='word_1_658' title='bbox 83 5102 131 5159; x_wconf 85' lang='lat' dir='ltr'>nbi</span> <span class='ocrx_word' id='word_1_659' title='bbox 147 5104 259 5158; x_wconf 86' lang='lat' dir='ltr'>audivit</span> <span class='ocrx_word' id='word_1_660' title='bbox 275 5122 280 5160; x_wconf 90' lang='lat'>:</span> <span class='ocrx_word' id='word_1_661' title='bbox 306 5128 316 5152; x_wconf 76' lang='lat' dir='ltr'>u</span> <span class='ocrx_word' id='word_1_662' title='bbox 335 5105 395 5160; x_wconf 80' lang='lat' dir='ltr'>Vas</span> <span class='ocrx_word' id='word_1_663' title='bbox 410 5111 506 5160; x_wconf 87' lang='lat' dir='ltr'>eutem</span> <span class='ocrx_word' id='word_1_664' title='bbox 522 5106 591 5175; x_wconf 88' lang='lat' dir='ltr'>quid</span> <span class='ocrx_word' id='word_1_665' title='bbox 608 5122 652 5158; x_wconf 92' lang='lat' dir='ltr'>mc</span> <span class='ocrx_word' id='word_1_666' title='bbox 668 5106 765 5160; x_wconf 68' lang='lat' dir='ltr'>«licitis</span> 
     </span>
     <span class='ocr_line' id='line_1_96' title="bbox 83 5190 766 5263; baseline 0 -16"><span class='ocrx_word' id='word_1_667' title='bbox 83 5207 121 5259; x_wconf 82' lang='lat' dir='ltr'>vn,</span> <span class='ocrx_word' id='word_1_668' title='bbox 131 5190 213 5263; x_wconf 63' lang='lat' dir='ltr'>istri</span> <span class='ocrx_word' id='word_1_669' title='bbox 228 5193 325 5248; x_wconf 85' lang='lat' dir='ltr'>statim</span> <span class='ocrx_word' id='word_1_670' title='bbox 337 5195 393 5248; x_wconf 90' lang='lat' dir='ltr'>loci</span> <span class='ocrx_word' id='word_1_671' title='bbox 406 5211 464 5248; x_wconf 92' lang='lat' dir='ltr'>non</span> <span class='ocrx_word' id='word_1_672' title='bbox 475 5195 630 5248; x_wconf 88' lang='lat' dir='ltr'>immemor</span> <span class='ocrx_word' id='word_1_673' title='bbox 639 5195 695 5263; x_wconf 85' lang='lat' dir='ltr'>sui,</span> <span class='ocrx_word' id='word_1_674' title='bbox 709 5195 766 5263; x_wconf 92' lang='lat' dir='ltr'>pri-</span> 
     </span>
     <span class='ocr_line' id='line_1_97' title="bbox 83 5280 767 5355; baseline 0.001 -19"><span class='ocrx_word' id='word_1_675' title='bbox 83 5280 124 5355; x_wconf 72' lang='lat' dir='ltr'>git</span> <span class='ocrx_word' id='word_1_676' title='bbox 144 5301 153 5335; x_wconf 94' lang='lat'><em>:</em></span> <span class='ocrx_word' id='word_1_677' title='bbox 176 5283 333 5352; x_wconf 89' lang='lat' dir='ltr'>primatum</span> <span class='ocrx_word' id='word_1_678' title='bbox 354 5283 555 5337; x_wconf 85' lang='lat' dir='ltr'>consessionis</span> <span class='ocrx_word' id='word_1_679' title='bbox 575 5284 686 5353; x_wconf 77' lang='lat' dir='ltr'>utirpre,</span> <span class='ocrx_word' id='word_1_680' title='bbox 708 5299 767 5337; x_wconf 89' lang='lat' dir='ltr'>nnn</span> 
     </span>
     <span class='ocr_line' id='line_1_98' title="bbox 98 5370 766 5443; baseline -0.001 -17"><span class='ocrx_word' id='word_1_681' title='bbox 98 5370 257 5443; x_wconf 82' lang='lat' dir='ltr'>primatum</span> <span class='ocrx_word' id='word_1_682' title='bbox 273 5372 350 5441; x_wconf 84' lang='lat' dir='ltr'>fidei,</span> <span class='ocrx_word' id='word_1_683' title='bbox 368 5388 426 5426; x_wconf 93' lang='lat' dir='ltr'>non</span> <span class='ocrx_word' id='word_1_684' title='bbox 443 5373 566 5426; x_wconf 80' lang='lat' dir='ltr'>ordinis.</span> <span class='ocrx_word' id='word_1_685' title='bbox 585 5373 646 5425; x_wconf 87' lang='lat' dir='ltr'>tlac</span> <span class='ocrx_word' id='word_1_686' title='bbox 663 5376 707 5425; x_wconf 81' lang='lat' dir='ltr'>est</span> <span class='ocrx_word' id='word_1_687' title='bbox 724 5373 766 5425; x_wconf 85' lang='lat' dir='ltr'>‹ti-</span> 
     </span>
    </p>
   </div>
   <div class='ocr_carea' id='block_1_25' title="bbox 83 5512 764 5801">
    <p class='ocr_par' dir='ltr' id='par_1_26' title="bbox 83 5512 764 5712">
     <span class='ocr_line' id='line_1_99' title="bbox 83 5512 764 5585; baseline -0.003 -16"><span class='ocrx_word' id='word_1_688' title='bbox 83 5526 113 5569; x_wconf 70' lang='lat' dir='ltr'>t.</span> <span class='ocrx_word' id='word_1_689' title='bbox 128 5512 251 5585; x_wconf 77' lang='lat' dir='ltr'>aliquoi,</span> <span class='ocrx_word' id='word_1_690' title='bbox 270 5539 281 5560; x_wconf 71' lang='lat' dir='ltr'>a</span> <span class='ocrx_word' id='word_1_691' title='bbox 300 5520 403 5569; x_wconf 85' lang='lat' dir='ltr'>conius</span> <span class='ocrx_word' id='word_1_692' title='bbox 427 5515 599 5584; x_wconf 80' lang='lat' dir='ltr'>periculum.</span> <span class='ocrx_word' id='word_1_693' title='bbox 620 5515 764 5585; x_wconf 67' lang='lat' dir='ltr'>iulg-tres</span> 
     </span>
     <span class='ocr_line' id='line_1_100' title="bbox 83 5585 763 5655; baseline -0.001 -16"><span class='ocrx_word' id='word_1_694' title='bbox 83 5585 212 5640; x_wconf 79' lang='lat' dir='ltr'>tavitat.</span> <span class='ocrx_word' id='word_1_695' title='bbox 240 5610 250 5632; x_wconf 80' lang='lat' dir='ltr'>r</span> <span class='ocrx_word' id='word_1_696' title='bbox 279 5586 355 5640; x_wconf 87' lang='lat' dir='ltr'>lnlra</span> <span class='ocrx_word' id='word_1_697' title='bbox 378 5602 447 5641; x_wconf 81' lang='lat' dir='ltr'>vcro</span> <span class='ocrx_word' id='word_1_698' title='bbox 472 5586 540 5639; x_wconf 85' lang='lat' dir='ltr'>odit.</span> <span class='ocrx_word' id='word_1_699' title='bbox 568 5586 652 5640; x_wconf 84' lang='lat' dir='ltr'>llam.</span> <span class='ocrx_word' id='word_1_700' title='bbox 681 5586 763 5655; x_wconf 79' lang='lat' dir='ltr'>solu,</span> 
     </span>
     <span class='ocr_line' id='line_1_101' title="bbox 83 5653 372 5712; baseline 0.014 -4"><span class='ocrx_word' id='word_1_701' title='bbox 83 5653 222 5712; x_wconf 72' lang='lat' dir='ltr'>trionibus</span> <span class='ocrx_word' id='word_1_702' title='bbox 239 5657 342 5712; x_wconf 83' lang='lat' dir='ltr'>babes.</span> <span class='ocrx_word' id='word_1_703' title='bbox 363 5684 372 5703; x_wconf 73' lang='grc' dir='ltr'>ιι</span> 
     </span>
    </p>

    <p class='ocr_par' dir='ltr' id='par_1_27' title="bbox 83 5726 764 5801">
     <span class='ocr_line' id='line_1_102' title="bbox 83 5726 764 5801; baseline -0.009 -14"><span class='ocrx_word' id='word_1_704' title='bbox 83 5726 161 5787; x_wconf 70' lang='lat' dir='ltr'>terh.</span> <span class='ocrx_word' id='word_1_705' title='bbox 176 5731 205 5785; x_wconf 83' lang='lat' dir='ltr'>at</span> <span class='ocrx_word' id='word_1_706' title='bbox 220 5727 305 5787; x_wconf 79' lang='lat' dir='ltr'>Eros.</span> <span class='ocrx_word' id='word_1_707' title='bbox 327 5733 355 5786; x_wconf 88' lang='lat' dir='ltr'>et</span> <span class='ocrx_word' id='word_1_708' title='bbox 376 5746 450 5786; x_wconf 84' lang='lat' dir='ltr'>mss.</span> <span class='ocrx_word' id='word_1_709' title='bbox 472 5727 614 5801; x_wconf 87' lang='lat' dir='ltr'>nonnulli,</span> <span class='ocrx_word' id='word_1_710' title='bbox 635 5753 645 5775; x_wconf 77' lang='lat' dir='ltr'>r</span> <span class='ocrx_word' id='word_1_711' title='bbox 663 5728 693 5783; x_wconf 88' lang='lat' dir='ltr'>iu</span> <span class='ocrx_word' id='word_1_712' title='bbox 709 5729 764 5782; x_wconf 83' lang='lat' dir='ltr'>troc</span> 
     </span>
    </p>
   </div>
   <div class='ocr_carea' id='block_1_26' title="bbox 822 4654 1659 5438">
    <p class='ocr_par' dir='ltr' id='par_1_28' title="bbox 823 4654 1658 5171">
     <span class='ocr_line' id='line_1_103' title="bbox 824 4654 1658 4728; baseline -0.005 -17"><span class='ocrx_word' id='word_1_713' title='bbox 824 4675 958 4728; x_wconf 74' lang='lat' dir='ltr'>currenS,</span> <span class='ocrx_word' id='word_1_714' title='bbox 980 4675 1046 4714; x_wconf 90' lang='lat' dir='ltr'>aum</span> <span class='ocrx_word' id='word_1_715' title='bbox 1067 4660 1147 4712; x_wconf 75' lang='lat' dir='ltr'>lieus</span> <span class='ocrx_word' id='word_1_716' title='bbox 1167 4672 1287 4725; x_wconf 91' lang='lat' dir='ltr'>sempor</span> <span class='ocrx_word' id='word_1_717' title='bbox 1301 4658 1382 4710; x_wconf 88' lang='lat' dir='ltr'>esset</span> <span class='ocrx_word' id='word_1_718' title='bbox 1401 4657 1543 4722; x_wconf 80' lang='lat' dir='ltr'>aeteruus,</span> <span class='ocrx_word' id='word_1_719' title='bbox 1564 4654 1658 4708; x_wconf 89' lang='lat' dir='ltr'>incar·</span> 
     </span>
     <span class='ocr_line' id='line_1_104' title="bbox 823 4742 1656 4813; baseline -0.002 -13"><span class='ocrx_word' id='word_1_720' title='bbox 823 4749 950 4801; x_wconf 82' lang='lat' dir='ltr'>nationis</span> <span class='ocrx_word' id='word_1_721' title='bbox 971 4751 1155 4802; x_wconf 86' lang='lat' dir='ltr'>sacrmucuto</span> <span class='ocrx_word' id='word_1_722' title='bbox 1175 4745 1324 4813; x_wconf 87' lang='lat' dir='ltr'>suscepit,</span> <span class='ocrx_word' id='word_1_723' title='bbox 1356 4758 1416 4798; x_wconf 92' lang='lat' dir='ltr'>uon</span> <span class='ocrx_word' id='word_1_724' title='bbox 1435 4742 1571 4813; x_wconf 89' lang='lat' dir='ltr'>divisus,</span> <span class='ocrx_word' id='word_1_725' title='bbox 1602 4742 1656 4798; x_wconf 85' lang='lat' dir='ltr'>sad</span> 
     </span>
     <span class='ocr_line' id='line_1_105' title="bbox 823 4831 1655 4907; baseline -0.005 -17"><span class='ocrx_word' id='word_1_726' title='bbox 823 4852 911 4903; x_wconf 76' lang='lat' dir='ltr'>unce,</span> <span class='ocrx_word' id='word_1_727' title='bbox 933 4838 1003 4907; x_wconf 83' lang='lat' dir='ltr'>quin</span> <span class='ocrx_word' id='word_1_728' title='bbox 1022 4841 1177 4904; x_wconf 89' lang='lat' dir='ltr'>utrumque</span> <span class='ocrx_word' id='word_1_729' title='bbox 1197 4847 1296 4901; x_wconf 88' lang='lat' dir='ltr'>unus,</span> <span class='ocrx_word' id='word_1_730' title='bbox 1317 4833 1346 4886; x_wconf 89' lang='lat' dir='ltr'>ct</span> <span class='ocrx_word' id='word_1_731' title='bbox 1364 4847 1442 4886; x_wconf 88' lang='lat' dir='ltr'>unus</span> <span class='ocrx_word' id='word_1_732' title='bbox 1461 4831 1492 4885; x_wconf 92' lang='lat' dir='ltr'>iu</span> <span class='ocrx_word' id='word_1_733' title='bbox 1512 4833 1655 4903; x_wconf 84' lang='lat' dir='ltr'>utroque,</span> 
     </span>
     <span class='ocr_line' id='line_1_106' title="bbox 824 4921 1658 4993; baseline -0.001 -16"><span class='ocrx_word' id='word_1_734' title='bbox 824 4924 880 4977; x_wconf 92' lang='lat' dir='ltr'>hac</span> <span class='ocrx_word' id='word_1_735' title='bbox 909 4927 974 4993; x_wconf 91' lang='lat' dir='ltr'>est,</span> <span class='ocrx_word' id='word_1_736' title='bbox 1004 4923 1051 4977; x_wconf 92' lang='lat' dir='ltr'>vcl</span> <span class='ocrx_word' id='word_1_737' title='bbox 1079 4923 1230 4976; x_wconf 85' lang='lat' dir='ltr'>divinitate</span> <span class='ocrx_word' id='word_1_738' title='bbox 1255 4921 1303 4975; x_wconf 83' lang='lat' dir='ltr'>rel</span> <span class='ocrx_word' id='word_1_739' title='bbox 1332 4934 1480 4990; x_wconf 84' lang='lat' dir='ltr'>corpore:</span> <span class='ocrx_word' id='word_1_740' title='bbox 1501 4921 1658 4976; x_wconf 88' lang='lat' dir='ltr'>nonenim</span> 
     </span>
     <span class='ocr_line' id='line_1_107' title="bbox 823 5007 1658 5081; baseline -0.001 -16"><span class='ocrx_word' id='word_1_741' title='bbox 823 5014 896 5066; x_wconf 84' lang='lat' dir='ltr'>ulter</span> <span class='ocrx_word' id='word_1_742' title='bbox 916 5028 953 5066; x_wconf 83' lang='lat' dir='ltr'>ex</span> <span class='ocrx_word' id='word_1_743' title='bbox 973 5011 1072 5078; x_wconf 83' lang='lat' dir='ltr'>Petne,</span> <span class='ocrx_word' id='word_1_744' title='bbox 1093 5011 1168 5064; x_wconf 85' lang='lat' dir='ltr'>alter</span> <span class='ocrx_word' id='word_1_745' title='bbox 1186 5024 1224 5064; x_wconf 88' lang='lat' dir='ltr'>ax</span> <span class='ocrx_word' id='word_1_746' title='bbox 1243 5008 1381 5081; x_wconf 74' lang='lat' dir='ltr'>Virgine,</span> <span class='ocrx_word' id='word_1_747' title='bbox 1403 5008 1456 5064; x_wconf 91' lang='lat' dir='ltr'>sed</span> <span class='ocrx_word' id='word_1_748' title='bbox 1476 5007 1553 5063; x_wconf 91' lang='lat' dir='ltr'>idem</span> <span class='ocrx_word' id='word_1_749' title='bbox 1572 5008 1658 5065; x_wconf 82' lang='lat' dir='ltr'>ulitar</span> 
     </span>
     <span class='ocr_line' id='line_1_108' title="bbox 824 5097 1284 5171; baseline -0.007 -16"><span class='ocrx_word' id='word_1_750' title='bbox 824 5119 859 5155; x_wconf 85' lang='lat' dir='ltr'>cx</span> <span class='ocrx_word' id='word_1_751' title='bbox 880 5103 977 5169; x_wconf 86' lang='lat' dir='ltr'>Patre,</span> <span class='ocrx_word' id='word_1_752' title='bbox 998 5100 1082 5153; x_wconf 88' lang='lat' dir='ltr'>aliter</span> <span class='ocrx_word' id='word_1_753' title='bbox 1102 5115 1138 5152; x_wconf 80' lang='lat' dir='ltr'>ex</span> <span class='ocrx_word' id='word_1_754' title='bbox 1158 5097 1284 5171; x_wconf 82' lang='lat' dir='ltr'>virgine.</span> 
     </span>
    </p>

    <p class='ocr_par' dir='ltr' id='par_1_29' title="bbox 822 5184 1659 5438">
     <span class='ocr_line' id='line_1_109' title="bbox 858 5184 1657 5259; baseline -0.003 -15"><span class='ocrx_word' id='word_1_755' title='bbox 858 5190 901 5244; x_wconf 82' lang='grc'>33.</span> <span class='ocrx_word' id='word_1_756' title='bbox 920 5189 1075 5243; x_wconf 80' lang='lat' dir='ltr'>Generalis</span> <span class='ocrx_word' id='word_1_757' title='bbox 1097 5187 1279 5259; x_wconf 78' lang='lat' dir='ltr'>generationi</span> <span class='ocrx_word' id='word_1_758' title='bbox 1305 5202 1365 5243; x_wconf 91' lang='lat' dir='ltr'>non</span> <span class='ocrx_word' id='word_1_759' title='bbox 1389 5184 1583 5259; x_wconf 69' lang='lat' dir='ltr'>praejudicat,</span> <span class='ocrx_word' id='word_1_760' title='bbox 1602 5201 1657 5242; x_wconf 86' lang='lat' dir='ltr'>nac</span> 
     </span>
     <span class='ocr_line' id='line_1_110' title="bbox 824 5276 1657 5348; baseline -0.006 -15"><span class='ocrx_word' id='word_1_761' title='bbox 824 5295 892 5334; x_wconf 87' lang='lat' dir='ltr'>earo</span> <span class='ocrx_word' id='word_1_762' title='bbox 904 5277 1064 5346; x_wconf 75' lang='lat' dir='ltr'>divinitati,</span> <span class='ocrx_word' id='word_1_763' title='bbox 1082 5278 1149 5348; x_wconf 91' lang='lat' dir='ltr'>quin</span> <span class='ocrx_word' id='word_1_764' title='bbox 1166 5292 1220 5331; x_wconf 87' lang='lat' dir='ltr'>nec</span> <span class='ocrx_word' id='word_1_765' title='bbox 1232 5277 1343 5348; x_wconf 82' lang='lat' dir='ltr'>pignus</span> <span class='ocrx_word' id='word_1_766' title='bbox 1356 5277 1446 5346; x_wconf 85' lang='lat' dir='ltr'>Patri,</span> <span class='ocrx_word' id='word_1_767' title='bbox 1456 5292 1511 5331; x_wconf 89' lang='lat' dir='ltr'>uec</span> <span class='ocrx_word' id='word_1_768' title='bbox 1521 5276 1657 5330; x_wconf 74' lang='lat' dir='ltr'>voluntas</span> 
     </span>
     <span class='ocr_line' id='line_1_111' title="bbox 822 5361 1659 5438; baseline -0.006 -17"><span class='ocrx_word' id='word_1_769' title='bbox 822 5368 966 5438; x_wconf 80' lang='lat' dir='ltr'>passiani,</span> <span class='ocrx_word' id='word_1_770' title='bbox 984 5382 1038 5421; x_wconf 88' lang='lat' dir='ltr'>nae</span> <span class='ocrx_word' id='word_1_771' title='bbox 1054 5367 1158 5436; x_wconf 82' lang='lat' dir='ltr'>passio</span> <span class='ocrx_word' id='word_1_772' title='bbox 1176 5365 1328 5420; x_wconf 85' lang='lat' dir='ltr'>voluntati.</span> <span class='ocrx_word' id='word_1_773' title='bbox 1345 5365 1425 5420; x_wconf 87' lang='lat' dir='ltr'>ldem</span> <span class='ocrx_word' id='word_1_774' title='bbox 1440 5364 1518 5419; x_wconf 89' lang='lat' dir='ltr'>enim</span> <span class='ocrx_word' id='word_1_775' title='bbox 1533 5361 1659 5434; x_wconf 84' lang='lat' dir='ltr'>patiebu-</span> 
     </span>
    </p>
   </div>
   <div class='ocr_carea' id='block_1_27' title="bbox 822 5504 1656 5576">
    <p class='ocr_par' dir='ltr' id='par_1_30' title="bbox 822 5504 1656 5576">
     <span class='ocr_line' id='line_1_112' title="bbox 822 5504 1656 5576; baseline -0.01 -13"><span class='ocrx_word' id='word_1_776' title='bbox 822 5511 921 5565; x_wconf 83' lang='lat' dir='ltr'>lubunt</span> <span class='ocrx_word' id='word_1_777' title='bbox 935 5525 1070 5566; x_wconf 89' lang='lat' dir='ltr'>caenum:</span> <span class='ocrx_word' id='word_1_778' title='bbox 1090 5532 1100 5555; x_wconf 79' lang='lat' dir='ltr'>r</span> <span class='ocrx_word' id='word_1_779' title='bbox 1114 5508 1180 5564; x_wconf 88' lang='lat' dir='ltr'>Gill.</span> <span class='ocrx_word' id='word_1_780' title='bbox 1197 5511 1225 5563; x_wconf 89' lang='lat' dir='ltr'>et</span> <span class='ocrx_word' id='word_1_781' title='bbox 1237 5509 1334 5576; x_wconf 87' lang='lat' dir='ltr'>llam,</span> <span class='ocrx_word' id='word_1_782' title='bbox 1353 5529 1363 5552; x_wconf 73' lang='lat' dir='ltr'>u</span> <span class='ocrx_word' id='word_1_783' title='bbox 1373 5505 1402 5560; x_wconf 91' lang='lat' dir='ltr'>iu</span> <span class='ocrx_word' id='word_1_784' title='bbox 1417 5505 1473 5559; x_wconf 92' lang='lat' dir='ltr'>bac</span> <span class='ocrx_word' id='word_1_785' title='bbox 1484 5504 1583 5560; x_wconf 71' lang='lat' dir='ltr'>lavant</span> <span class='ocrx_word' id='word_1_786' title='bbox 1594 5515 1656 5556; x_wconf 80' lang='lat' dir='ltr'>con·</span> 
     </span>
    </p>
   </div>
   <div class='ocr_carea' id='block_1_28' title="bbox 822 5573 1585 5725">
    <p class='ocr_par' dir='ltr' id='par_1_31' title="bbox 822 5573 1585 5725">
     <span class='ocr_line' id='line_1_113' title="bbox 822 5573 1585 5650; baseline -0.014 -13"><span class='ocrx_word' id='word_1_787' title='bbox 822 5600 901 5648; x_wconf 89' lang='lat' dir='ltr'>uum,</span> <span class='ocrx_word' id='word_1_788' title='bbox 917 5607 927 5629; x_wconf 84' lang='lat' dir='ltr'>r</span> <span class='ocrx_word' id='word_1_789' title='bbox 939 5582 993 5637; x_wconf 88' lang='lat' dir='ltr'>sed</span> <span class='ocrx_word' id='word_1_790' title='bbox 1004 5582 1110 5636; x_wconf 86' lang='lat' dir='ltr'>melius</span> <span class='ocrx_word' id='word_1_791' title='bbox 1123 5583 1151 5635; x_wconf 94' lang='lat' dir='ltr'>in</span> <span class='ocrx_word' id='word_1_792' title='bbox 1164 5597 1236 5634; x_wconf 87' lang='lat' dir='ltr'>mss.</span> <span class='ocrx_word' id='word_1_793' title='bbox 1247 5579 1382 5650; x_wconf 88' lang='lat' dir='ltr'>pluribus</span> <span class='ocrx_word' id='word_1_794' title='bbox 1393 5577 1424 5630; x_wconf 92' lang='lat' dir='ltr'>in</span> <span class='ocrx_word' id='word_1_795' title='bbox 1435 5573 1585 5629; x_wconf 87' lang='lat' dir='ltr'>omittitur.</span> 
     </span>
     <span class='ocr_line' id='line_1_114' title="bbox 856 5646 1579 5725; baseline -0.022 -15"><span class='ocrx_word' id='word_1_796' title='bbox 856 5655 912 5725; x_wconf 71' lang='lat' dir='ltr'>(it)</span> <span class='ocrx_word' id='word_1_797' title='bbox 929 5653 1069 5709; x_wconf 87' lang='lat' dir='ltr'>Nonnulli</span> <span class='ocrx_word' id='word_1_798' title='bbox 1084 5669 1168 5721; x_wconf 80' lang='lat' dir='ltr'>mss,</span> <span class='ocrx_word' id='word_1_799' title='bbox 1187 5675 1197 5697; x_wconf 77' lang='lat' dir='ltr'>r</span> <span class='ocrx_word' id='word_1_800' title='bbox 1214 5651 1290 5706; x_wconf 88' lang='lat' dir='ltr'>Huic</span> <span class='ocrx_word' id='word_1_801' title='bbox 1305 5646 1478 5703; x_wconf 85' lang='lat' dir='ltr'>allnbulatus</span> <span class='ocrx_word' id='word_1_802' title='bbox 1494 5648 1548 5699; x_wconf 89' lang='lat' dir='ltr'>est.</span> <span class='ocrx_word' id='word_1_803' title='bbox 1568 5664 1579 5691; x_wconf 73' lang='lat' dir='ltr'>r</span> 
     </span>
    </p>
   </div>
   <div class='ocr_carea' id='block_1_29' title="bbox 0 0 1954 6128">
    <p class='ocr_par' dir='ltr' id='par_1_32' title="bbox 0 0 1954 6128">
     <span class='ocr_line' id='line_1_115' title="bbox 0 0 1954 6128; baseline 0 1"><span class='ocrx_word' id='word_1_804' title='bbox 0 0 1954 6128; x_wconf 95' lang='lat' dir='ltr'> </span> 
     </span>
    </p>
   </div>
  </div>
 </body>
</html>
