3900 6128
865 260 897 327 S.
920 255 1141 328 AMBROSll.

384 599 440 676 lu
480 595 678 678 LIBROS
719 599 790 676 1111
832 598 1232 678 8111111111111118
1277 601 1596 711 ruAErlrtu,

444 717 516 779 uer
539 718 595 778 nn
617 718 809 780 srusnnu
832 717 986 779 ornms
1005 718 1209 782 nucronn
1228 719 1526 784 orscnrrarua
1616 794 1617 798 ,

959 853 1008 863 ι--η

156 906 235 959 lrlcm
249 905 335 975 plano
350 904 441 977 hujus
458 907 557 976 operis
572 908 778 978 argumentum
792 909 838 961 est
852 922 886 960 ac
901 906 1066 978 superioris
1075 907 1143 961 libri
1154 907 1376 979 chtysteriis.
1389 909 1445 964 ilie
1459 909 1536 964 enirn
1548 908 1620 964 nihil
1631 908 1688 963 nisi
1699 924 1857 964 sermones

121 996 308 1049 eontinentur
322 994 431 1064 quibus
447 994 612 1065 neophytos
627 997 877 1050 sacramentorum
898 1012 964 1066 qum
982 995 1077 1066 pridie
1095 995 1250 1050 Paschatis
1268 1002 1453 1069 acceperant,
1465 999 1494 1053 id
1507 1001 1562 1069 ost,
1583 998 1732 1068 baptismi,
1746 998 1858 1069 contir-

119 1083 266 1151 mationiS,
285 1086 311 1136 et
327 1083 514 1137 eucharistiae
530 1084 661 1137 doctrina
685 1083 824 1139 informat
845 1084 1015 1154 episcopus.
1036 1083 1104 1137 Tria
1126 1086 1237 1138 tantum
1253 1087 1442 1142 consideratu
1458 1087 1547 1159 digna
1563 1086 1611 1141 hie
1628 1087 1770 1156 reperias,
1789 1102 1858 1157 quae

118 1189 177 1226 nou
195 1172 338 1225 habentur
353 1171 382 1224 in
398 1174 640 1227 commentatione
656 1173 699 1233 Dc
714 1173 746 1226 M
747 1173 890 1244 ystoriis:
907 1173 1045 1226 nimirum
1059 1172 1135 1226 libro
1152 1189 1183 1227 ιιι
1197 1173 1273 1243 (cap.
1291 1173 1318 1234 1)
1328 1174 1467 1230 lotionem
1483 1174 1665 1246 pedumquae
1679 1174 1709 1228 in
1720 1172 1859 1230 Ecclesia

119 1277 171 1315 sua
188 1261 318 1313 instituta
334 1263 405 1326 erat,
422 1260 451 1313 in
468 1261 598 1314 Romana
614 1261 700 1314 tradit
715 1260 809 1314 tuisse
831 1260 1019 1331 inusitatam3
1044 1261 1120 1316 libro
1137 1265 1165 1314 rv
1184 1263 1260 1333 (cap.
1276 1264 1378 1332 51111)
1403 1266 1434 1319 ut
1453 1264 1563 1335 qubus
1586 1263 1688 1318 verbis
1709 1262 1857 1318 mirabilis

117 1349 166 1404 illa
182 1349 267 1419 panis
283 1349 312 1402 in
329 1364 437 1418 corpus
453 1349 568 1402 Domini
584 1349 729 1403 efficiatur
744 1349 911 1419 conversio,
928 1348 1045 1420 planius
1062 1350 1236 1420 innotescat,
1253 1366 1316 1407 earn
1331 1353 1460 1424 liturgiae
1472 1355 1595 1424 partem,
1608 1368 1696 1425 quam
1711 1366 1857 1407 canonem

117 1437 254 1506 dicimus,
267 1436 405 1506 exponit:
422 1437 548 1507 denique
564 1437 640 1491 libro
656 1454 673 1490 v
689 1437 763 1508 (cap.
780 1438 817 1506 1).
836 1437 996 1493 Dominieae
1011 1439 1153 1493 orationis
1169 1455 1257 1510 quam
1281 1441 1325 1495 eis
1344 1456 1412 1496 sese
1432 1440 1645 1512 explicaturum
1660 1440 1756 1496 fuerat
1771 1440 1857 1511 polli-

117 1527 203 1595 citus,
225 1525 458 1581 enucleationem
473 1526 672 1597 prosequitur.
688 1526 751 1591 Quo
767 1526 885 1598 quidem
900 1529 1074 1598 argumento
1099 1527 1205 1581 iterum
1231 1528 1287 1582 sub
1309 1528 1376 1583 libri
1390 1546 1420 1582 vr
1445 1531 1521 1600 (cap.
1538 1531 1566 1599 5)
1591 1529 1702 1584 exitum
1719 1528 1856 1599 repetito,

115 1614 256 1686 precandi
272 1613 408 1681 sormam,
424 1614 527 1668 cadem
540 1614 677 1670 Oratione
693 1615 845 1669 [lominica
860 1618 889 1669 et
902 1615 1017 1685 psalmo
1032 1632 1083 1669 ιιιιι
1099 1615 1385 1686 perfectissimorum
1400 1617 1612 1688 exemplarium
1626 1619 1721 1672 instar
1743 1632 1856 1688 propo-

116 1705 192 1772 sitis,
205 1703 307 1773 aperit,
316 1703 784 1775 singillatimquomodoincipere,
793 1704 959 1775 quoordine
970 1703 1168 1775 distinguere,
1183 1704 1254 1777 quid
1261 1704 1856 1779 subtexere,quidallepare,quemadmo·

115 1793 182 1847 rium
198 1792 347 1860 cleudcrc,
356 1808 411 1863 pro
424 1807 576 1864 quaerere
588 1791 880 1847 debeasedissarens
899 1791 1022 1862 (capii).
1036 1792 1142 1847 Ultima
1153 1792 1219 1848 haec
1235 1810 1316 1864 pars,
1333 1794 1384 1849 ubi
1403 1795 1439 1849 de
1460 1794 1590 1850 oratione
1610 1794 1774 1867 generatim
1793 1794 1855 1867 agi·

113 1884 170 1951 tur,
186 1882 273 1952 potita
286 1882 339 1935 suit
358 1896 397 1935 ex
415 1881 565 1936 Ambrosii
589 1880 700 1950 scripto
720 1880 764 1935 lle
779 1881 969 1935 institutione
990 1882 1121 1953 virginis
1137 1882 1213 1953 (cap.
1232 1884 1256 1952 l,
1269 1884 1385 1953 numi,
1398 1887 1426 1938 et
1435 1899 1498 1955 cap.
1511 1885 1537 1953 t,
1547 1900 1576 1938 n.
1587 1884 1604 1937 8
1617 1886 1647 1938 et
1662 1883 1758 1955 seq.):
1776 1883 1853 1939 unde

112 1986 185 2024 vero
202 1986 268 2041 quoe
284 1969 359 2023 libro
374 1986 392 2021 ιι
408 1972 482 2038 (cap.
499 1969 527 2040 1)
542 1971 572 2024 in
587 1969 785 2039 precationem
801 1969 888 2024 nobis
910 1985 926 2022 a
950 1968 1069 2024 Christo
1085 1971 1318 2024 commendatam
1342 1971 1488 2042 dicuntur,
1505 1974 1654 2026 mutuatus
1676 1972 1717 2026 sit
1732 1973 1853 2042 Auctor,

113 2076 170 2114 nos
185 2075 310 2129 prorsus
322 2058 407 2130 sugit.
419 2059 503 2126 Nom,
516 2057 584 2113 licct
600 2059 677 2112 illam
695 2058 772 2113 haud
787 2059 879 2113 semel
894 2075 910 2112 a
926 2058 1046 2113 doctore
1062 2062 1164 2113 nostro
1179 2059 1354 2129 explicatam
1369 2063 1494 2128 constet,
1510 2059 1578 2131 ejus
1599 2063 1696 2115 tamen
1713 2060 1743 2114 in
1758 2060 1853 2132 legiti-

112 2151 170 2202 mis
186 2164 252 2219 quee
267 2151 384 2201 exstant
398 2148 551 2217 operibus,
567 2148 623 2201 ista
638 2163 697 2202 non
712 2148 858 2218 reperitur
873 2146 1029 2218 expositio.
1048 2147 1079 2200 ln
1096 2147 1219 2218 reliquis
1248 2150 1345 2202 autern
1368 2148 1406 2202 ita
1421 2147 1548 2202 imitatur
1562 2147 1791 2218 disputationem
1810 2148 1854 2202 De

112 2238 148 2292 111
147 2237 285 2309 ystoriis,
299 2239 331 2290 ut
346 2241 454 2306 praeter
469 2252 579 2306 paucas
593 2237 787 2291 caeremonias
802 2252 876 2307 quas
894 2239 943 2290 aut
953 2236 1051 2290 fusius
1066 2236 1103 2289 ab
1118 2236 1277 2292 ambrosio
1292 2237 1433 2291 enodatas
1448 2236 1603 2305 contrahit,
1620 2239 1669 2291 aut
1683 2237 1804 2291 discutit
1818 2236 1854 2291 ab

112 2342 147 2381 eo
164 2325 394 2396 praetermissas,
406 2325 466 2379 tere
478 2329 589 2379 tantum
599 2325 737 2396 ejusdem
747 2325 839 2380 libelli
849 2325 1000 2380 ratiocinia
1016 2324 1238 2395 sententiasque
1249 2325 1415 2395 amplificet.
1429 2325 1538 2380 Verum
1547 2328 1579 2379 ut
1590 2324 1638 2379 ille
1649 2324 1852 2394 Ambrosium,

111 2416 150 2468 ita
167 2415 253 2468 ctiam
270 2414 351 2467 illum
366 2413 415 2467 alii
431 2415 654 2483 expresserunt.
671 2412 824 2485 Siquidem
839 2415 868 2467 in
885 2413 1055 2484 Appendice
1064 2413 1240 2469 Sermonum
1252 2416 1379 2486 hugust.
1397 2430 1482 2469 novae
1493 2414 1561 2470 edit.
1580 2414 1629 2485 qui
1640 2416 1812 2468 numeratur
1820 2412 1854 2469 81

39 2567 41 2570 ¹
112 2506 192 2558 totus
207 2518 244 2556 ex
259 2502 315 2556 hoc
331 2518 419 2572 opere
436 2501 541 2556 iisdem
557 2518 632 2571 pena
648 2502 749 2556 verbis
766 2502 923 2573 decerptus
935 2502 1000 2558 suit.

147 2591 190 2645 De
206 2593 325 2645 auctore
337 2590 429 2659 hujus
445 2592 544 2660 operis
559 2592 660 2644 nostra
675 2594 703 2645 et
717 2591 864 2660 superiori
881 2593 965 2646 atate
980 2591 1106 2663 quaestio
1120 2592 1174 2646 luit
1189 2593 1346 2647 admodum
1361 2595 1563 2647 controversa.
1576 2590 1648 2646 Cum
1659 2605 1749 2661 porro
1765 2592 1852 2647 nobis

111 2696 166 2752 per
180 2683 314 2734 nostrum
329 2679 495 2732 institutum
509 2696 567 2734 non
584 2680 671 2734 liceat
685 2695 750 2734 eam
764 2680 960 2750 quaestionem
985 2681 1084 2735 sinere
1105 2681 1315 2751 indiscussam,
1332 2698 1395 2736 rem
1411 2681 1652 2756 examinabimus
1661 2696 1696 2735 eo
1712 2681 1851 2751 candore,

112 2770 144 2821 ut
159 2767 289 2821 studium
301 2767 425 2837 partium
442 2782 527 2821 omno
544 2767 662 2821 omnino
677 2771 847 2837 seponatur.
863 2768 1015 2824 Habemus
1030 2773 1127 2824 autem
1142 2770 1212 2825 illud
1228 2787 1416 2841 persuasum,
1432 2771 1569 2842 quisquis
1589 2770 1694 2825 horum
1708 2770 1854 2825 librorum

112 2860 215 2911 auctor
239 2856 361 2925 dicatur,
381 2856 453 2909 nibil
473 2856 541 2910 hinc
559 2857 711 2910 veritatem
732 2856 906 2912 catholicam
921 2857 1019 2913 damni
1039 2874 1212 2928 passuram3
1236 2860 1308 2914 certi
1324 2859 1471 2930 videlicet,
1487 2859 1513 2914 si
1529 2859 1658 2929 scriptor
1672 2858 1723 2913 ille
1739 2859 1777 2913 ad
1792 2875 1853 2914 saa-

113 2947 211 3001 culum
234 2961 283 3013 vu,
309 2948 339 2998 nt
362 2945 424 2998 vult
447 2945 619 2999 albertinus
642 2945 704 3014 (tib.
731 2963 750 2999 ιι
776 2945 820 3000 De
843 2946 928 3001 Sacr.
952 2946 1046 3001 Eucti.
1073 2963 1140 3020 pag.
1163 2949 1236 3018 509),
1261 2948 1470 3020 retraheretur,
1496 2948 1653 3002 autetiam
1677 2948 1708 3001 in
1739 2964 1801 3018 vui,
1824 2951 1862 3003 ut.

112 3033 549 3097 11111111311111.1111111111Ιί1.
568 3050 593 3087 c.
610 3035 648 3102 8),
665 3050 697 3088 ca
714 3034 825 3088 ratione
841 3035 927 3090 nobis
951 3036 1067 3090 tuturos
1084 3039 1177 3092 testes
1194 3037 1360 3092 traditionis
1381 3038 1457 3091 duos
1473 3036 1642 3107 episcopos,
1659 3051 1768 3106 nempe
1784 3038 1857 3091 hm·

111 3125 246 3179 brasium
263 3123 306 3176 lle
319 3122 354 3177 bl
353 3125 489 3194 ι13111113,
508 3125 535 3176 et
550 3122 673 3176 alterum
689 3123 733 3177 Dc
744 3123 950 3178 sacramentis
965 3127 1205 3180 concionantem:
1223 3127 1351 3197 quicum
1367 3126 1462 3181 tribus
1478 3127 1527 3180 aut
1541 3128 1667 3197 quatuor
1681 3125 1807 3180 saeculis
1818 3125 1860 3181 ab

110 3215 239 3269 invicem
254 3216 356 3266 essent
373 3211 511 3282 sejuncti,
529 3215 735 3282 argumentum
751 3211 890 3266 omnibus
915 3211 1164 3268 heterodoxorum
1177 3215 1292 3268 cavillis
1308 3213 1435 3270 validius
1461 3214 1637 3285 praeberent.
1655 3215 1731 3269 Rem
1746 3215 1857 3287 itaque,

111 3303 246 3372 deposito
262 3301 393 3372 quolibet
409 3300 594 3371 prrnjudiciO,
612 3301 733 3370 perinde
750 3301 996 3372 examinabimus,
1012 3305 1087 3357 acsi
1103 3320 1180 3358 nunc
1195 3305 1322 3374 primum
1337 3304 1499 3376 agitaretur
1513 3319 1547 3357 ea
1566 3302 1703 3374 quaestio.
1722 3302 1809 3369 Quod
1825 3308 1855 3361 ut

112 3391 230 3446 clariori
246 3391 385 3460 procedat
401 3390 514 3458 ordine,
531 3390 714 3461 argumentis
730 3393 817 3462 atque
832 3390 987 3459 responsis
998 3391 1090 3460 partis
1102 3392 1256 3463 utriusque
1268 3393 1344 3446 inter
1354 3407 1388 3446 se
1403 3392 1586 3462 compositis,
1598 3390 1779 3462 adjiciemus
1787 3409 1851 3465 qne

111 3481 200 3539 nobis
216 3479 263 3534 vcl
280 3479 546 3533 ,imbrosianarum
562 3481 839 3534 commentationum
856 3477 942 3534 lectio
958 3480 1190 3552 suppeditaverit
1206 3480 1348 3535 ueletiam
1359 3479 1849 3552 aliundecontigeritsupereadem

115 3572 171 3626 hac
188 3570 308 3624 materia
323 3584 504 3639 comparare.

111 3691 113 3695 .
149 3659 267 3713 Luridis
282 3662 368 3728 atque
386 3657 499 3712 odiosis
516 3657 672 3711 admodum
689 3657 840 3712 coloribus
857 3660 916 3712 tum
934 3674 1008 3728 opus
1022 3658 1130 3729 ipsum,
1142 3661 1203 3713 tum
1218 3661 1369 3714 auctorem
1379 3657 1446 3730 ejus
1464 3658 1626 3730 depingunt
1643 3658 1847 3716 haercticorum

112 3748 257 3806 nonnulli.
285 3746 475 3816 Bnltingerns
500 3746 608 3817 (Epist.
635 3746 672 3800 ad
694 3745 794 3801 doceb.
824 3747 955 3814 Varlian.)
978 3747 1032 3802 hos
1053 3747 1146 3802 libros
1171 3749 1307 3818 stupidos
1327 3752 1423 3814 vocat,
1446 3763 1542 3819 neque
1561 3748 1674 3802 dubitat
1696 3749 1847 3805 Erasmum

113 3841 260 3904 sensisse,
277 3837 431 3907 rnanponis
443 3836 604 3908 crpuspiarn
620 3836 673 3890 boc
691 3852 758 3891 csse
773 3853 852 3910 opus.
871 3835 973 3890 Editor
982 3835 1118 3892 Cocianae
1134 3853 1269 3892 censurae
1281 3837 1402 3892 eosdem
1414 3839 1500 3892 etiam
1511 3837 1705 3893 describens:
1730 3839 1808 3894 Nam
1822 3840 1849 3894 in

112 3931 162 3984 bis
177 3926 276 3994 libris,
290 3925 392 3996 inquit,
406 3924 553 3978 habentur
563 3924 653 3978 inulta
667 3925 753 3995 talsa,
767 3925 897 3996 qrraedam
906 3926 1043 3995 ridicula,
1059 3944 1143 3980 unum
1156 3926 1309 3981 indubium
1327 3926 1510 3996 hoereticum,
1523 3925 1648 3981 alterum
1668 3928 1747 3999 quod
1761 3945 1845 4000 rcpu·

111 4023 184 4091 gnat
199 4014 329 4086 cloprnati
342 4013 705 4079 Αιιιὺιυειιιιιο(1111111131.
721 4030 789 4067 ann.
808 4014 896 4081 11155).
919 4014 982 4070 Nee
1005 4031 1076 4070 vcro
1099 4017 1233 4070 eumdem
1258 4018 1406 4071 auctorem
1433 4016 1614 4070 clementiori
1637 4032 1727 4072 manu
1748 4020 1848 4073 tractat

112 4105 305 4168 hibertinus3
323 4103 351 4155 in
367 4103 418 4156 illo
434 4102 511 4155 enim
527 4102 637 4172 ingenti
655 4117 743 4172 opere
759 4103 836 4173 quod
854 4105 1072 4158 consarcinavit
1087 4105 1129 4159 De
1146 4104 1339 4160 Sucrarncuto
1354 4105 1565 4174 Eucharistiae,
1582 4105 1620 4158 ita
1639 4105 1773 4176 loquitur
1788 4106 1845 4176 (lib.

111 4213 141 4264 rr,
154 4212 183 4265 p.
196 4194 256 4262 t,e.
274 4190 351 4260 5111)
370 4191 526 4244 Ambrosii
536 4191 622 4244 simia
634 4195 688 4261 est,
710 4191 911 4245 barbarismis
931 4199 1034 4256 scatet,
1048 4194 1137 4248 multa
1147 4194 1236 4249 bubct
1248 4211 1367 4266 quorum
1379 4193 1515 4248 norrnulla
1527 4199 1557 4248 ct
1572 4194 1709 4260 ridicula,
1723 4195 1848 4251 Ambro-

110 4286 252 4355 sianaque
267 4283 419 4354 pravitate
432 4296 558 4351 prorsus
578 4281 710 4351 indigna,
736 4280 872 4335 rronnnlla
891 4283 1087 4353 repugnantia
1103 4289 1132 4336 et
1146 4283 1388 4351 contradictoria,
1407 4281 1543 4337 nonnulla
1560 4282 1648 4337 etiam
1660 4283 1848 4355 simpliciter·

110 4372 186 4428 [alsa
198 4391 208 4436 ,·
224 4373 323 4442 inepte
339 4368 496 4434 concludit,
510 4385 642 4422 erassum
653 4368 749 4422 effutit
762 4369 944 4423 merulacium
957 4391 965 4423 :
982 4370 1227 4442 sicncdcsiporot
1237 4371 1436 4426 Ambrosius?
1451 4371 1520 4425 Haec
1535 4374 1604 4426 sunt
1614 4372 1747 4427 auctoris
1759 4374 1850 4429 nostri

110 4463 186 4532 apud
202 4460 355 4514 ministros
372 4459 439 4512 illos
456 4457 563 4530 elogia,
580 4475 645 4528 (pure
662 4458 692 4511 in
709 4474 799 4512 unum
816 4459 937 4512 collecta
952 4459 1094 4513 lectorum
1114 4459 1208 4513 oculis
1226 4463 1486 4528 repraesentamus
1502 4457 1736 4530 Quantacunque
1753 4464 1848 4515 autem

109 4551 254 4606 Albertini
265 4549 392 4621 ejusque
409 4548 507 4617 operis
519 4547 710 4601 admiratione
722 4549 877 4602 tencantur
891 4546 1063 4612 Calviniani,
1075 4547 1244 4617 neutiquam
1254 4551 1350 4602 tamen
1363 4547 1427 4604 fore
1438 4547 1597 4617 credimus,
1608 4550 1639 4602 ut
1649 4563 1755 4603 eorum
1763 4548 1848 4619 paulo

101 4640 306 4696 modestiores
317 4637 407 4708 hujus
419 4654 453 4690 ac
462 4638 602 4691 similium
615 4637 792 4706 scriptorum
805 4636 993 4706 intemperies
1004 4636 1156 4705 probaturi
1166 4636 1234 4690 sint.
1247 4636 1321 4689 Nam
1332 4636 1401 4690 licet
1412 4636 1547 4690 minister
1557 4636 1605 4690 ille
1614 4636 1699 4690 unico
1711 4639 1849 4692 veritatis

110 4744 209 4784 amore
227 4729 259 4781 in
274 4744 308 4781 eo
325 4727 463 4779 imluctus
482 4726 567 4794 1111111.
586 4726 641 4779 col.
665 4726 692 4794 1)
710 4726 779 4779 velit
794 4725 899 4793 videri,
924 4724 1022 4778 nullus
1048 4725 1097 4795 qui
1122 4725 1186 4778 hoec
1203 4725 1319 4796 legerit,
1341 4740 1408 4779 eum
1426 4724 1516 4778 multo
1529 4724 1745 4779 vehementiori
1760 4730 1848 4781 sectae

109 4835 172 4874 sune
190 4832 308 4887 quoquo
326 4815 412 4868 ruodo
424 4814 583 4884 opitulandi
596 4814 753 4884 cupiditate
771 4817 935 4883 permotum
954 4829 1013 4867 non
1033 4813 1243 4883 deprehendet.
1263 4814 1294 4868 Si
1311 4815 1389 4868 enim
1408 4813 1503 4884 qualis
1523 4814 1552 4866 in
1568 4814 1624 4866 ista
1640 4812 1749 4868 tabella
1764 4815 1849 4869 exhi-

101 4907 194 4968 ¹betur
209 4906 256 4959 hic
272 4907 382 4971 auctor,
401 4903 467 4956 talis
483 4918 585 4957 revera
598 4903 772 4971 exstitisset,
791 4901 819 4955 id
835 4905 889 4972 est,
908 4903 1041 4973 ignarus,
1058 4903 1212 4973 impostor,
1224 4903 1343 4974 ingenio
1358 4901 1488 4957 absurdo
1505 4901 1685 4970 etridiculo;
1703 4903 1776 4974 quid
1790 4908 1848 4959 stn-

107 4995 248 5050 tuendum
264 4993 299 5045 de
315 4995 355 5045 tot
371 4993 518 5061 tantisque
533 4992 616 5061 viriS,
634 4992 681 5062 qui
699 4992 820 5046 easdem
836 4991 1097 5046 commentationes
1113 5008 1166 5061 per
1193 4994 1234 5045 tot
1256 4991 1366 5045 saecula
1391 4990 1504 5045 doctori
1521 4995 1624 5046 nostro
1643 4991 1847 5062 attribuerint,

108 5101 174 5138 cum
191 5082 306 5136 iuterim
323 5096 424 5134 eornm
441 5081 550 5133 nemini
567 5097 668 5134 crassa
685 5082 732 5134 illa
758 5081 920 5149 mendacia,
939 5097 1048 5152 graves
1073 5079 1333 5148 contradictiones
1350 5079 1513 5133 deridicula
1537 5081 1713 5150 commenta,
1731 5082 1847 5151 penitus

106 5171 305 5228 Amor-ostano
321 5169 458 5238 candore,
475 5169 619 5236 acumine,
636 5184 669 5221 ac
683 5168 795 5239 pitisio
815 5169 935 5241 indigna
947 5184 1016 5223 esse
1027 5169 1232 5222 subolevcrit‘?
1248 5168 1352 5222 Nonne
1364 5183 1435 5222 vero
1447 5168 1532 5222 etiam
1540 5166 1727 5222 elibertinum
1737 5168 1847 5239 pudere

107 5261 258 5327 debuerat,
277 5258 354 5329 quod
370 5260 519 5311 auctorem
536 5273 593 5311 nou
611 5257 697 5311 modo
715 5257 913 5326 proletarium,
931 5258 1085 5313 sedetiam
1110 5261 1230 5328 propter
1254 5258 1295 5311 tot
1311 5257 1430 5328 flagitia,
1452 5256 1478 5310 si
1495 5272 1551 5326 qua
1575 5255 1634 5326 ipsi
1648 5254 1735 5326 tides,
1755 5257 1847 5328 capite

106 5350 292 5417 diminutum,
310 5348 339 5400 in
354 5346 530 5400 sententiam
546 5362 630 5400 suam
647 5346 769 5400 invitum
785 5348 956 5416 pertrahere
970 5351 1050 5402 tanto
1067 5351 1172 5401 conatu
1190 5346 1308 5400 molitus
1325 5345 1437 5400 tuerit?
1452 5344 1536 5400 lllum
1550 5344 1586 5399 ab
1607 5360 1643 5400 eo
1656 5343 1746 5415 plane
1760 5361 1845 5418 aper-

105 5443 193 5510 teque
208 5437 353 5508 rejectum
369 5436 538 5506 oportebat3
556 5450 705 5507 nunquam
721 5436 798 5490 cnim
815 5437 972 5507 quisquam
987 5436 1105 5491 inducet
1121 5436 1151 5489 in
1166 5436 1294 5489 animum
1310 5434 1421 5505 aliquid
1436 5432 1569 5489 utilitatis
1584 5448 1623 5489 ex
1641 5433 1693 5489 illo
1708 5437 1784 5491 teste
1802 5450 1846 5491 re·

105 5529 234 5585 diturum
248 5527 284 5580 ad
299 5525 486 5589 CalvinistaS,
505 5540 592 5596 quem
603 5540 669 5580 cum
686 5524 715 5578 in
731 5524 831 5578 verbis
849 5524 1037 5598 Evangelicis
1055 5526 1206 5579 mentitum
1221 5524 1321 5592 velint,
1339 5539 1424 5596 aeque
1448 5520 1563 5579 mentiri
1586 5523 1724 5594 potuisse
1746 5523 1777 5579 in
1791 5522 1847 5580 Eu·

106 5618 246 5674 charistia
260 5616 381 5673 dubium
396 5632 456 5670 nou
472 5615 520 5670 sit.
538 5614 681 5680 Quoniam
695 5618 792 5669 autern
806 5630 910 5670 eorum
925 5615 1011 5671 etiam
1026 5629 1079 5671 ore
1094 5614 1144 5687 qui
1155 5612 1311 5670 affectibus
1327 5611 1538 5685 impensissine
1549 5610 1758 5688 obsequuntur
1769 5614 1844 5687 suis,

106 5708 281 5791 quandoque
296 5706 407 5765 veritas
422 5703 589 5784 profertum
604 5702 749 5764 albedini
766 5702 962 5784 objectiones,
978 5703 1009 5763 in
1024 5704 1133 5786 quibus
1148 5704 1197 5763 ille
1221 5703 1342 5766 caetani
1362 5701 1484 5765 editoris
1509 5701 1622 5784 (supra.
1648 5701 1724 5782 eit),
1748 5703 1846 5773 atriu
