<?xml version="1.0" encoding="UTF-8"?>
<!DOCTYPE html PUBLIC "-//W3C//DTD XHTML 1.0 Transitional//EN"
    "http://www.w3.org/TR/xhtml1/DTD/xhtml1-transitional.dtd">
<html xmlns="http://www.w3.org/1999/xhtml" xml:lang="en" lang="en">
 <head>
  <title>
</title>
<meta http-equiv="Content-Type" content="text/html;charset=utf-8" />
  <meta name='ocr-system' content='tesseract 3.04.00' />
  <meta name='ocr-capabilities' content='ocr_page ocr_carea ocr_par ocr_line ocrx_word'/>
</head>
<body>
  <div class='ocr_page' id='page_1' title='image "./patrologiaecurs70unkngoog_0012.png"; bbox 0 0 3900 6128; ppageno 0'>
   <div class='ocr_carea' id='block_1_1' title="bbox 157 249 1900 324">
    <p class='ocr_par' dir='ltr' id='par_1_1' title="bbox 157 249 1900 324">
     <span class='ocr_line' id='line_1_1' title="bbox 157 249 1900 324; baseline -0.005 0"><span class='ocrx_word' id='word_1_1' title='bbox 157 256 201 324; x_wconf 83' lang='lat'><strong><em>15</em></strong></span> <span class='ocrx_word' id='word_1_2' title='bbox 915 249 1143 320; x_wconf 67' lang='lat' dir='ltr'><strong><em>PRAEFATIO.</em></strong></span> <span class='ocrx_word' id='word_1_3' title='bbox 1863 254 1900 317; x_wconf 84' lang='lat' dir='ltr'><strong><em>lo</em></strong></span> 
     </span>
    </p>
   </div>
   <div class='ocr_carea' id='block_1_2' title="bbox 0 467 1898 3196">
    <p class='ocr_par' dir='ltr' id='par_1_2' title="bbox 148 467 1898 1331">
     <span class='ocr_line' id='line_1_2' title="bbox 157 467 1898 552; baseline -0.002 -15"><span class='ocrx_word' id='word_1_4' title='bbox 157 471 402 552; x_wconf 80' lang='lat' dir='ltr'><strong><em>runtascriptae</em></strong></span> <span class='ocrx_word' id='word_1_5' title='bbox 424 468 614 547; x_wconf 82' lang='lat' dir='ltr'><strong><em>Ambrosi03</em></strong></span> <span class='ocrx_word' id='word_1_6' title='bbox 631 468 703 531; x_wconf 75' lang='lat' dir='ltr'><strong><em>istae</em></strong></span> <span class='ocrx_word' id='word_1_7' title='bbox 721 468 856 548; x_wconf 89' lang='lat' dir='ltr'><strong><em>mirum,</em></strong></span> <span class='ocrx_word' id='word_1_8' title='bbox 882 467 934 530; x_wconf 88' lang='lat' dir='ltr'><strong><em>De</em></strong></span> <span class='ocrx_word' id='word_1_9' title='bbox 961 468 1053 530; x_wconf 89' lang='lat' dir='ltr'><strong><em>beato</em></strong></span> <span class='ocrx_word' id='word_1_10' title='bbox 1076 467 1178 529; x_wconf 89' lang='lat' dir='ltr'><strong><em>Petro</em></strong></span> <span class='ocrx_word' id='word_1_11' title='bbox 1202 471 1233 529; x_wconf 88' lang='lat' dir='ltr'><strong><em>et</em></strong></span> <span class='ocrx_word' id='word_1_12' title='bbox 1258 467 1391 530; x_wconf 83' lang='lat' dir='ltr'><strong><em>Simone</em></strong></span> <span class='ocrx_word' id='word_1_13' title='bbox 1411 467 1526 549; x_wconf 62' lang='lat' dir='ltr'><strong><em>Mopso,</em></strong></span> <span class='ocrx_word' id='word_1_14' title='bbox 1556 469 1642 550; x_wconf 89' lang='lat' dir='ltr'><strong><em>quod</em></strong></span> <span class='ocrx_word' id='word_1_15' title='bbox 1668 468 1898 550; x_wconf 77' lang='lat' dir='ltr'><strong>fragmentum</strong></span> 
     </span>
     <span class='ocr_line' id='line_1_3' title="bbox 155 564 1894 648; baseline -0.005 -10"><span class='ocrx_word' id='word_1_16' title='bbox 155 575 206 638; x_wconf 85' lang='lat' dir='ltr'><strong><em>est</em></strong></span> <span class='ocrx_word' id='word_1_17' title='bbox 223 571 300 635; x_wconf 84' lang='lat' dir='ltr'>libri</span> <span class='ocrx_word' id='word_1_18' title='bbox 319 588 345 633; x_wconf 94' lang='lat'><strong><em>11</em></strong></span> <span class='ocrx_word' id='word_1_19' title='bbox 364 568 530 629; x_wconf 77' lang='lat' dir='ltr'><strong><em>Historia</em></strong></span> <span class='ocrx_word' id='word_1_20' title='bbox 544 566 792 629; x_wconf 68' lang='lat' dir='ltr'><strong><em>Ecclesiasticus</em></strong></span> <span class='ocrx_word' id='word_1_21' title='bbox 805 564 940 630; x_wconf 84' lang='lat' dir='ltr'><strong><em>Eusebii</em></strong></span> <span class='ocrx_word' id='word_1_22' title='bbox 954 566 1121 646; x_wconf 81' lang='lat' dir='ltr'><strong>Pamphili</strong></span> <span class='ocrx_word' id='word_1_23' title='bbox 1136 567 1254 629; x_wconf 82' lang='lat' dir='ltr'><strong>Latine</strong></span> <span class='ocrx_word' id='word_1_24' title='bbox 1269 584 1416 631; x_wconf 87' lang='lat' dir='ltr'><strong><em>versum.</em></strong></span> <span class='ocrx_word' id='word_1_25' title='bbox 1433 569 1527 647; x_wconf 86' lang='lat' dir='ltr'><strong>Item,</strong></span> <span class='ocrx_word' id='word_1_26' title='bbox 1549 566 1601 627; x_wconf 92' lang='lat' dir='ltr'><strong><em>De</em></strong></span> <span class='ocrx_word' id='word_1_27' title='bbox 1613 571 1811 648; x_wconf 78' lang='lat' dir='ltr'><strong><em>poenitentia</em></strong></span> <span class='ocrx_word' id='word_1_28' title='bbox 1826 569 1894 630; x_wconf 89' lang='lat' dir='ltr'><strong><em>Pe-</em></strong></span> 
     </span>
     <span class='ocr_line' id='line_1_4' title="bbox 155 662 1897 747; baseline -0.002 -16"><span class='ocrx_word' id='word_1_29' title='bbox 155 674 213 747; x_wconf 88' lang='lat' dir='ltr'><strong><em>tri,</em></strong></span> <span class='ocrx_word' id='word_1_30' title='bbox 239 668 291 729; x_wconf 90' lang='lat' dir='ltr'><strong><em>De</em></strong></span> <span class='ocrx_word' id='word_1_31' title='bbox 304 668 536 746; x_wconf 77' lang='lat' dir='ltr'><strong><em>intersectione</em></strong></span> <span class='ocrx_word' id='word_1_32' title='bbox 549 667 578 727; x_wconf 84' lang='lat' dir='ltr'><strong><em>A</em></strong></span> <span class='ocrx_word' id='word_1_33' title='bbox 583 684 659 747; x_wconf 78' lang='lat' dir='ltr'><strong><em>pap,</em></strong></span> <span class='ocrx_word' id='word_1_34' title='bbox 677 663 729 725; x_wconf 89' lang='lat' dir='ltr'><strong><em>De</em></strong></span> <span class='ocrx_word' id='word_1_35' title='bbox 745 664 827 726; x_wconf 81' lang='lat' dir='ltr'><strong><em>Fide</em></strong></span> <span class='ocrx_word' id='word_1_36' title='bbox 842 663 887 725; x_wconf 93' lang='lat' dir='ltr'><strong><em>ad</em></strong></span> <span class='ocrx_word' id='word_1_37' title='bbox 899 664 1025 726; x_wconf 87' lang='lat' dir='ltr'><strong><em>beatum</em></strong></span> <span class='ocrx_word' id='word_1_38' title='bbox 1039 663 1285 746; x_wconf 76' lang='lat' dir='ltr'><strong><em>Hieronymum,</em></strong></span> <span class='ocrx_word' id='word_1_39' title='bbox 1306 668 1339 727; x_wconf 93' lang='lat' dir='ltr'><strong><em>et</em></strong></span> <span class='ocrx_word' id='word_1_40' title='bbox 1360 662 1532 726; x_wconf 71' lang='lat' dir='ltr'><strong><em>Sententia</em></strong></span> <span class='ocrx_word' id='word_1_41' title='bbox 1556 667 1591 725; x_wconf 89' lang='lat' dir='ltr'><strong><em>in</em></strong></span> <span class='ocrx_word' id='word_1_42' title='bbox 1612 666 1771 727; x_wconf 84' lang='lat' dir='ltr'><strong><em>bominem</em></strong></span> <span class='ocrx_word' id='word_1_43' title='bbox 1784 669 1897 747; x_wconf 87' lang='lat' dir='ltr'><strong><em>poeni-</em></strong></span> 
     </span>
     <span class='ocr_line' id='line_1_5' title="bbox 154 760 1893 844; baseline -0.003 -16"><span class='ocrx_word' id='word_1_44' title='bbox 154 769 284 835; x_wconf 88' lang='lat' dir='ltr'><strong><em>tentem.</em></strong></span> <span class='ocrx_word' id='word_1_45' title='bbox 299 766 379 840; x_wconf 78' lang='lat' dir='ltr'><strong><em>Qum</em></strong></span> <span class='ocrx_word' id='word_1_46' title='bbox 393 761 528 844; x_wconf 89' lang='lat' dir='ltr'><strong><em>quidem</em></strong></span> <span class='ocrx_word' id='word_1_47' title='bbox 542 760 714 825; x_wconf 79' lang='lat' dir='ltr'><strong><em>Sententia</em></strong></span> <span class='ocrx_word' id='word_1_48' title='bbox 726 761 890 842; x_wconf 89' lang='lat' dir='ltr'><strong><em>reperitur</em></strong></span> <span class='ocrx_word' id='word_1_49' title='bbox 915 760 1016 823; x_wconf 87' lang='lat' dir='ltr'><strong><em>etism</em></strong></span> <span class='ocrx_word' id='word_1_50' title='bbox 1035 761 1072 825; x_wconf 91' lang='lat' dir='ltr'><strong><em>in</em></strong></span> <span class='ocrx_word' id='word_1_51' title='bbox 1091 763 1317 841; x_wconf 90' lang='lat' dir='ltr'><strong><em>manuscripto</em></strong></span> <span class='ocrx_word' id='word_1_52' title='bbox 1333 761 1542 826; x_wconf 75' lang='lat' dir='ltr'><strong><em>cisterciensi</em></strong></span> <span class='ocrx_word' id='word_1_53' title='bbox 1558 762 1620 826; x_wconf 91' lang='lat' dir='ltr'><strong><em>sub</em></strong></span> <span class='ocrx_word' id='word_1_54' title='bbox 1635 763 1697 826; x_wconf 91' lang='lat' dir='ltr'><strong><em>hoc</em></strong></span> <span class='ocrx_word' id='word_1_55' title='bbox 1710 764 1869 829; x_wconf 88' lang='lat' dir='ltr'><strong><em>lemmate</em></strong></span> <span class='ocrx_word' id='word_1_56' title='bbox 1886 783 1893 823; x_wconf 77' lang='grc' dir='ltr'><strong>ε</strong></span> 
     </span>
     <span class='ocr_line' id='line_1_6' title="bbox 159 857 1896 942; baseline -0.001 -17"><span class='ocrx_word' id='word_1_57' title='bbox 159 864 336 925; x_wconf 84' lang='lat' dir='ltr'><strong><em>Tractatus</em></strong></span> <span class='ocrx_word' id='word_1_58' title='bbox 360 862 468 922; x_wconf 82' lang='lat' dir='ltr'><strong><em>saneti</em></strong></span> <span class='ocrx_word' id='word_1_59' title='bbox 491 859 664 921; x_wconf 80' lang='lat' dir='ltr'><strong><em>Ambrosii</em></strong></span> <span class='ocrx_word' id='word_1_60' title='bbox 681 859 881 940; x_wconf 85' lang='lat' dir='ltr'><strong><em>episcopide</em></strong></span> <span class='ocrx_word' id='word_1_61' title='bbox 896 858 1095 920; x_wconf 77' lang='lat' dir='ltr'><strong><em>Paenitentia</em></strong></span> <span class='ocrx_word' id='word_1_62' title='bbox 1103 876 1116 932; x_wconf 91' lang='lat'><em>;</em></span> <span class='ocrx_word' id='word_1_63' title='bbox 1129 860 1163 921; x_wconf 90' lang='lat' dir='ltr'><strong><em>et</em></strong></span> <span class='ocrx_word' id='word_1_64' title='bbox 1177 857 1213 920; x_wconf 92' lang='lat' dir='ltr'><strong><em>in</em></strong></span> <span class='ocrx_word' id='word_1_65' title='bbox 1227 858 1415 939; x_wconf 89' lang='lat' dir='ltr'><strong><em>Appendice</em></strong></span> <span class='ocrx_word' id='word_1_66' title='bbox 1430 876 1565 941; x_wconf 91' lang='lat' dir='ltr'><strong><em>operum</em></strong></span> <span class='ocrx_word' id='word_1_67' title='bbox 1586 859 1674 922; x_wconf 84' lang='lat' dir='ltr'><strong><em>beati</em></strong></span> <span class='ocrx_word' id='word_1_68' title='bbox 1700 860 1896 942; x_wconf 86' lang='lat' dir='ltr'><strong><em>Hieronymi</em></strong></span> 
     </span>
     <span class='ocr_line' id='line_1_7' title="bbox 151 954 1896 1042; baseline -0.001 -18"><span class='ocrx_word' id='word_1_69' title='bbox 151 962 200 1025; x_wconf 87' lang='lat' dir='ltr'><strong><em>sic</em></strong></span> <span class='ocrx_word' id='word_1_70' title='bbox 223 959 451 1042; x_wconf 71' lang='lat' dir='ltr'><strong><em>praenotetur:</em></strong></span> <span class='ocrx_word' id='word_1_71' title='bbox 476 954 630 1036; x_wconf 75' lang='lat' dir='ltr'><strong><em>Epistola</em></strong></span> <span class='ocrx_word' id='word_1_72' title='bbox 646 960 754 1018; x_wconf 86' lang='lat' dir='ltr'><strong><em>sancti</em></strong></span> <span class='ocrx_word' id='word_1_73' title='bbox 768 957 964 1039; x_wconf 72' lang='lat' dir='ltr'><strong><em>Hieronymi</em></strong></span> <span class='ocrx_word' id='word_1_74' title='bbox 978 955 1023 1017; x_wconf 91' lang='lat' dir='ltr'><strong><em>ad</em></strong></span> <span class='ocrx_word' id='word_1_75' title='bbox 1041 955 1225 1038; x_wconf 83' lang='lat' dir='ltr'><strong><em>quemdam,</em></strong></span> <span class='ocrx_word' id='word_1_76' title='bbox 1251 958 1359 1037; x_wconf 84' lang='lat' dir='ltr'><strong><em>quiin</em></strong></span> <span class='ocrx_word' id='word_1_77' title='bbox 1380 957 1509 1017; x_wconf 85' lang='lat' dir='ltr'><strong><em>sacerdo</em></strong></span> <span class='ocrx_word' id='word_1_78' title='bbox 1528 957 1718 1038; x_wconf 88' lang='lat' dir='ltr'><strong><em>poenitebat.</em></strong></span> <span class='ocrx_word' id='word_1_79' title='bbox 1740 959 1896 1040; x_wconf 85' lang='lat' dir='ltr'><strong><em>Reliquos</em></strong></span> 
     </span>
     <span class='ocr_line' id='line_1_8' title="bbox 150 1052 1896 1137; baseline -0.001 -14"><span class='ocrx_word' id='word_1_80' title='bbox 150 1075 228 1123; x_wconf 88' lang='lat' dir='ltr'><strong><em>vero</em></strong></span> <span class='ocrx_word' id='word_1_81' title='bbox 240 1057 439 1119; x_wconf 88' lang='lat' dir='ltr'><strong><em>memoratos</em></strong></span> <span class='ocrx_word' id='word_1_82' title='bbox 453 1055 616 1117; x_wconf 87' lang='lat' dir='ltr'><strong><em>tractatus</em></strong></span> <span class='ocrx_word' id='word_1_83' title='bbox 630 1054 713 1119; x_wconf 89' lang='lat' dir='ltr'><strong><em>farte</em></strong></span> <span class='ocrx_word' id='word_1_84' title='bbox 728 1055 816 1137; x_wconf 89' lang='lat' dir='ltr'><strong><em>apud</em></strong></span> <span class='ocrx_word' id='word_1_85' title='bbox 836 1054 919 1118; x_wconf 89' lang='lat' dir='ltr'><strong><em>alios</em></strong></span> <span class='ocrx_word' id='word_1_86' title='bbox 934 1057 1083 1118; x_wconf 88' lang='lat' dir='ltr'><strong><em>auctores</em></strong></span> <span class='ocrx_word' id='word_1_87' title='bbox 1094 1053 1258 1132; x_wconf 90' lang='lat' dir='ltr'><strong><em>reperient</em></strong></span> <span class='ocrx_word' id='word_1_88' title='bbox 1273 1052 1307 1132; x_wconf 92' lang='lat' dir='ltr'><strong><em>ii,</em></strong></span> <span class='ocrx_word' id='word_1_89' title='bbox 1327 1053 1449 1134; x_wconf 89' lang='lat' dir='ltr'><strong><em>quibus</em></strong></span> <span class='ocrx_word' id='word_1_90' title='bbox 1463 1053 1521 1116; x_wconf 90' lang='lat' dir='ltr'><strong><em>otii</em></strong></span> <span class='ocrx_word' id='word_1_91' title='bbox 1539 1054 1621 1117; x_wconf 87' lang='lat' dir='ltr'><strong><em>satis</em></strong></span> <span class='ocrx_word' id='word_1_92' title='bbox 1635 1058 1789 1135; x_wconf 86' lang='lat' dir='ltr'><strong><em>suppetet</em></strong></span> <span class='ocrx_word' id='word_1_93' title='bbox 1805 1080 1812 1120; x_wconf 92' lang='lat'>:</span> <span class='ocrx_word' id='word_1_94' title='bbox 1830 1076 1896 1120; x_wconf 91' lang='lat' dir='ltr'><strong><em>no-</em></strong></span> 
     </span>
     <span class='ocr_line' id='line_1_9' title="bbox 149 1150 1893 1234; baseline 0 -15"><span class='ocrx_word' id='word_1_95' title='bbox 149 1155 203 1219; x_wconf 87' lang='lat' dir='ltr'><strong><em>bis</em></strong></span> <span class='ocrx_word' id='word_1_96' title='bbox 217 1158 329 1216; x_wconf 88' lang='lat' dir='ltr'><strong><em>autem</em></strong></span> <span class='ocrx_word' id='word_1_97' title='bbox 342 1152 425 1215; x_wconf 92' lang='lat' dir='ltr'><strong><em>illud</em></strong></span> <span class='ocrx_word' id='word_1_98' title='bbox 441 1152 574 1232; x_wconf 87' lang='lat' dir='ltr'><strong><em>sufficit,</em></strong></span> <span class='ocrx_word' id='word_1_99' title='bbox 593 1151 680 1233; x_wconf 91' lang='lat' dir='ltr'><strong><em>quod</em></strong></span> <span class='ocrx_word' id='word_1_100' title='bbox 697 1169 740 1217; x_wconf 88' lang='lat' dir='ltr'><strong><em>ex</em></strong></span> <span class='ocrx_word' id='word_1_101' title='bbox 752 1151 893 1216; x_wconf 88' lang='lat' dir='ltr'><strong><em>lectione</em></strong></span> <span class='ocrx_word' id='word_1_102' title='bbox 907 1150 1176 1234; x_wconf 81' lang='lat' dir='ltr'><strong><em>apographorum</em></strong></span> <span class='ocrx_word' id='word_1_103' title='bbox 1192 1168 1274 1233; x_wconf 89' lang='lat' dir='ltr'><strong><em>quos</em></strong></span> <span class='ocrx_word' id='word_1_104' title='bbox 1293 1150 1349 1214; x_wconf 92' lang='lat' dir='ltr'><strong><em>hic</em></strong></span> <span class='ocrx_word' id='word_1_105' title='bbox 1368 1151 1539 1232; x_wconf 87' lang='lat' dir='ltr'><strong><em>habemus,</em></strong></span> <span class='ocrx_word' id='word_1_106' title='bbox 1556 1151 1719 1216; x_wconf 83' lang='lat' dir='ltr'><strong><em>Ambrosii</em></strong></span> <span class='ocrx_word' id='word_1_107' title='bbox 1740 1172 1806 1218; x_wconf 91' lang='lat' dir='ltr'><strong><em>non</em></strong></span> <span class='ocrx_word' id='word_1_108' title='bbox 1821 1171 1893 1220; x_wconf 90' lang='lat' dir='ltr'><strong><em>esse</em></strong></span> 
     </span>
     <span class='ocr_line' id='line_1_10' title="bbox 148 1249 479 1331; baseline -0.012 -14"><span class='ocrx_word' id='word_1_109' title='bbox 148 1254 237 1317; x_wconf 87' lang='lat' dir='ltr'><strong><em>certo</em></strong></span> <span class='ocrx_word' id='word_1_110' title='bbox 250 1249 479 1331; x_wconf 73' lang='lat' dir='ltr'><strong><em>cognovimus.</em></strong></span> 
     </span>
    </p>

    <p class='ocr_par' dir='ltr' id='par_1_3' title="bbox 142 1346 1893 1824">
     <span class='ocr_line' id='line_1_11' title="bbox 186 1346 1893 1431; baseline 0.001 -16"><span class='ocrx_word' id='word_1_111' title='bbox 186 1349 370 1415; x_wconf 69' lang='lat' dir='ltr'><strong><em>Gallicanae</em></strong></span> <span class='ocrx_word' id='word_1_112' title='bbox 383 1346 592 1411; x_wconf 75' lang='lat' dir='ltr'><strong><em>bibliothecas</em></strong></span> <span class='ocrx_word' id='word_1_113' title='bbox 606 1348 769 1428; x_wconf 89' lang='lat' dir='ltr'><strong><em>quasdam</em></strong></span> <span class='ocrx_word' id='word_1_114' title='bbox 784 1348 939 1412; x_wconf 89' lang='lat' dir='ltr'><strong><em>similiter</em></strong></span> <span class='ocrx_word' id='word_1_115' title='bbox 953 1346 1212 1429; x_wconf 70' lang='lat' dir='ltr'><strong><em>scriptiunculis</em></strong></span> <span class='ocrx_word' id='word_1_116' title='bbox 1221 1347 1353 1426; x_wconf 89' lang='lat' dir='ltr'><strong><em>jactant</em></strong></span> <span class='ocrx_word' id='word_1_117' title='bbox 1373 1347 1408 1412; x_wconf 91' lang='lat' dir='ltr'><strong><em>in</em></strong></span> <span class='ocrx_word' id='word_1_118' title='bbox 1430 1348 1596 1412; x_wconf 83' lang='lat' dir='ltr'><strong><em>Ambrosii</em></strong></span> <span class='ocrx_word' id='word_1_119' title='bbox 1622 1348 1776 1431; x_wconf 88' lang='lat' dir='ltr'><strong><em>operibus</em></strong></span> <span class='ocrx_word' id='word_1_120' title='bbox 1799 1370 1893 1416; x_wconf 90' lang='lat' dir='ltr'><strong><em>nun-</em></strong></span> 
     </span>
     <span class='ocr_line' id='line_1_12' title="bbox 147 1443 1890 1532; baseline -0.001 -20"><span class='ocrx_word' id='word_1_121' title='bbox 147 1466 250 1532; x_wconf 88' lang='lat' dir='ltr'><strong><em>quam</em></strong></span> <span class='ocrx_word' id='word_1_122' title='bbox 264 1446 382 1527; x_wconf 89' lang='lat' dir='ltr'><strong><em>editas,</em></strong></span> <span class='ocrx_word' id='word_1_123' title='bbox 398 1446 457 1509; x_wconf 88' lang='lat' dir='ltr'><strong><em>sed</em></strong></span> <span class='ocrx_word' id='word_1_124' title='bbox 471 1443 726 1510; x_wconf 79' lang='lat' dir='ltr'><strong><em>Ambrosianum</em></strong></span> <span class='ocrx_word' id='word_1_125' title='bbox 744 1447 945 1510; x_wconf 87' lang='lat' dir='ltr'><strong><em>mentientes</em></strong></span> <span class='ocrx_word' id='word_1_126' title='bbox 963 1444 1259 1528; x_wconf 88' lang='lat' dir='ltr'><strong><em>nuncupationem.</em></strong></span> <span class='ocrx_word' id='word_1_127' title='bbox 1285 1444 1485 1525; x_wconf 90' lang='lat' dir='ltr'><strong><em>Hujusmodi</em></strong></span> <span class='ocrx_word' id='word_1_128' title='bbox 1500 1447 1623 1528; x_wconf 89' lang='lat' dir='ltr'><strong><em>quippe</em></strong></span> <span class='ocrx_word' id='word_1_129' title='bbox 1637 1449 1717 1510; x_wconf 93' lang='lat' dir='ltr'><strong><em>sunt</em></strong></span> <span class='ocrx_word' id='word_1_130' title='bbox 1733 1447 1768 1511; x_wconf 90' lang='lat' dir='ltr'><strong><em>iu</em></strong></span> <span class='ocrx_word' id='word_1_131' title='bbox 1783 1449 1890 1527; x_wconf 81' lang='lat' dir='ltr'><strong><em>Regia</em></strong></span> 
     </span>
     <span class='ocr_line' id='line_1_13' title="bbox 145 1541 1891 1628; baseline -0.003 -16"><span class='ocrx_word' id='word_1_132' title='bbox 145 1562 312 1612; x_wconf 82' lang='lat' dir='ltr'><strong><em>sermones</em></strong></span> <span class='ocrx_word' id='word_1_133' title='bbox 327 1545 379 1606; x_wconf 91' lang='lat' dir='ltr'><strong><em>De</em></strong></span> <span class='ocrx_word' id='word_1_134' title='bbox 393 1543 621 1620; x_wconf 77' lang='lat' dir='ltr'><strong><em>Eucharistiae,</em></strong></span> <span class='ocrx_word' id='word_1_135' title='bbox 638 1543 689 1605; x_wconf 90' lang='lat' dir='ltr'><strong><em>De</em></strong></span> <span class='ocrx_word' id='word_1_136' title='bbox 708 1544 810 1606; x_wconf 85' lang='lat' dir='ltr'><strong><em>Caeco</em></strong></span> <span class='ocrx_word' id='word_1_137' title='bbox 830 1552 919 1620; x_wconf 90' lang='lat' dir='ltr'><strong><em>nato,</em></strong></span> <span class='ocrx_word' id='word_1_138' title='bbox 942 1543 993 1606; x_wconf 90' lang='lat' dir='ltr'><strong><em>De</em></strong></span> <span class='ocrx_word' id='word_1_139' title='bbox 1016 1543 1116 1623; x_wconf 89' lang='lat' dir='ltr'><strong><em>Pace,</em></strong></span> <span class='ocrx_word' id='word_1_140' title='bbox 1135 1541 1185 1603; x_wconf 90' lang='lat' dir='ltr'><strong><em>De</em></strong></span> <span class='ocrx_word' id='word_1_141' title='bbox 1194 1543 1292 1625; x_wconf 82' lang='lat' dir='ltr'><strong><em>salso</em></strong></span> <span class='ocrx_word' id='word_1_142' title='bbox 1312 1542 1442 1618; x_wconf 84' lang='lat' dir='ltr'><strong><em>Amico,</em></strong></span> <span class='ocrx_word' id='word_1_143' title='bbox 1467 1548 1500 1607; x_wconf 90' lang='lat' dir='ltr'><strong><em>et</em></strong></span> <span class='ocrx_word' id='word_1_144' title='bbox 1521 1543 1644 1606; x_wconf 80' lang='lat' dir='ltr'><strong><em>Contra</em></strong></span> <span class='ocrx_word' id='word_1_145' title='bbox 1665 1565 1718 1607; x_wconf 83' lang='lat' dir='ltr'><strong><em>eos</em></strong></span> <span class='ocrx_word' id='word_1_146' title='bbox 1740 1546 1796 1628; x_wconf 83' lang='lat' dir='ltr'><strong><em>qui</em></strong></span> <span class='ocrx_word' id='word_1_147' title='bbox 1816 1550 1891 1607; x_wconf 86' lang='lat' dir='ltr'><strong><em>ani·</em></strong></span> 
     </span>
     <span class='ocr_line' id='line_1_14' title="bbox 148 1640 1892 1728; baseline -0.001 -20"><span class='ocrx_word' id='word_1_148' title='bbox 148 1664 236 1709; x_wconf 87' lang='lat' dir='ltr'><strong><em>mam</em></strong></span> <span class='ocrx_word' id='word_1_149' title='bbox 254 1664 318 1706; x_wconf 86' lang='lat' dir='ltr'><strong><em>aaa</em></strong></span> <span class='ocrx_word' id='word_1_150' title='bbox 332 1643 527 1724; x_wconf 80' lang='lat' dir='ltr'><strong><em>confitentur</em></strong></span> <span class='ocrx_word' id='word_1_151' title='bbox 543 1660 614 1703; x_wconf 88' lang='lat' dir='ltr'><strong><em>esse</em></strong></span> <span class='ocrx_word' id='word_1_152' title='bbox 623 1645 808 1728; x_wconf 82' lang='lat' dir='ltr'><strong><em>facturam,</em></strong></span> <span class='ocrx_word' id='word_1_153' title='bbox 828 1646 886 1705; x_wconf 81' lang='lat' dir='ltr'><strong><em>out</em></strong></span> <span class='ocrx_word' id='word_1_154' title='bbox 905 1662 976 1704; x_wconf 90' lang='lat' dir='ltr'><strong><em>eam</em></strong></span> <span class='ocrx_word' id='word_1_155' title='bbox 995 1661 1035 1703; x_wconf 82' lang='lat' dir='ltr'><strong><em>ee</em></strong></span> <span class='ocrx_word' id='word_1_156' title='bbox 1056 1642 1192 1703; x_wconf 82' lang='lat' dir='ltr'><strong><em>traduce</em></strong></span> <span class='ocrx_word' id='word_1_157' title='bbox 1209 1661 1281 1703; x_wconf 86' lang='lat' dir='ltr'><strong><em>esse</em></strong></span> <span class='ocrx_word' id='word_1_158' title='bbox 1303 1640 1433 1716; x_wconf 85' lang='lat' dir='ltr'><strong><em>dicunt;</em></strong></span> <span class='ocrx_word' id='word_1_159' title='bbox 1452 1643 1488 1705; x_wconf 92' lang='lat' dir='ltr'><strong><em>in</em></strong></span> <span class='ocrx_word' id='word_1_160' title='bbox 1512 1642 1700 1707; x_wconf 73' lang='lat' dir='ltr'><strong><em>colbertina</em></strong></span> <span class='ocrx_word' id='word_1_161' title='bbox 1724 1660 1892 1708; x_wconf 85' lang='lat' dir='ltr'><strong><em>sermones</em></strong></span> 
     </span>
     <span class='ocr_line' id='line_1_15' title="bbox 142 1737 1890 1824; baseline 0 -19"><span class='ocrx_word' id='word_1_162' title='bbox 142 1742 185 1805; x_wconf 90' lang='lat' dir='ltr'><strong><em>In</em></strong></span> <span class='ocrx_word' id='word_1_163' title='bbox 201 1740 387 1804; x_wconf 80' lang='lat' dir='ltr'><strong><em>Natiuitate</em></strong></span> <span class='ocrx_word' id='word_1_164' title='bbox 398 1739 440 1801; x_wconf 88' lang='grc' dir='ltr'><strong><em>Β.</em></strong></span> <span class='ocrx_word' id='word_1_165' title='bbox 459 1737 604 1815; x_wconf 84' lang='lat' dir='ltr'><strong><em>Mariae,</em></strong></span> <span class='ocrx_word' id='word_1_166' title='bbox 621 1739 680 1800; x_wconf 91' lang='lat' dir='ltr'><strong><em>Ad</em></strong></span> <span class='ocrx_word' id='word_1_167' title='bbox 698 1740 883 1801; x_wconf 79' lang='lat' dir='ltr'><strong><em>habitantes</em></strong></span> <span class='ocrx_word' id='word_1_168' title='bbox 895 1742 930 1800; x_wconf 89' lang='lat' dir='ltr'><strong><em>in</em></strong></span> <span class='ocrx_word' id='word_1_169' title='bbox 945 1740 1122 1813; x_wconf 85' lang='lat' dir='ltr'><strong><em>caenobiis,</em></strong></span> <span class='ocrx_word' id='word_1_170' title='bbox 1137 1750 1169 1803; x_wconf 85' lang='lat' dir='ltr'><strong><em>et</em></strong></span> <span class='ocrx_word' id='word_1_171' title='bbox 1186 1739 1235 1800; x_wconf 89' lang='lat' dir='ltr'><strong><em>De</em></strong></span> <span class='ocrx_word' id='word_1_172' title='bbox 1248 1737 1384 1801; x_wconf 86' lang='lat' dir='ltr'><strong><em>Malitia</em></strong></span> <span class='ocrx_word' id='word_1_173' title='bbox 1399 1740 1510 1801; x_wconf 88' lang='lat' dir='ltr'><strong><em>carnis</em></strong></span> <span class='ocrx_word' id='word_1_174' title='bbox 1524 1761 1534 1801; x_wconf 92' lang='lat'><em>:</em></span> <span class='ocrx_word' id='word_1_175' title='bbox 1551 1741 1587 1803; x_wconf 92' lang='lat' dir='ltr'><strong><em>in</em></strong></span> <span class='ocrx_word' id='word_1_176' title='bbox 1602 1741 1773 1824; x_wconf 89' lang='lat' dir='ltr'><strong><em>aliquibus</em></strong></span> <span class='ocrx_word' id='word_1_177' title='bbox 1787 1742 1890 1806; x_wconf 87' lang='lat' dir='ltr'><strong><em>etiam</em></strong></span> 
     </span>
    </p>

    <p class='ocr_par' dir='ltr' id='par_1_4' title="bbox 0 1836 1888 2982">
     <span class='ocr_line' id='line_1_16' title="bbox 123 1836 1888 1927; baseline -0.002 -23"><span class='ocrx_word' id='word_1_178' title='bbox 123 1840 391 1927; x_wconf 77' lang='lat' dir='ltr'><strong><em>¹prouinciarum</em></strong></span> <span class='ocrx_word' id='word_1_179' title='bbox 405 1836 614 1901; x_wconf 85' lang='lat' dir='ltr'><strong><em>bibliothecis</em></strong></span> <span class='ocrx_word' id='word_1_180' title='bbox 629 1837 713 1901; x_wconf 91' lang='lat' dir='ltr'><strong><em>talia</em></strong></span> <span class='ocrx_word' id='word_1_181' title='bbox 725 1837 848 1918; x_wconf 88' lang='lat' dir='ltr'><strong><em>scripta</em></strong></span> <span class='ocrx_word' id='word_1_182' title='bbox 863 1838 1091 1921; x_wconf 91' lang='lat' dir='ltr'><strong><em>pseudonyma</em></strong></span> <span class='ocrx_word' id='word_1_183' title='bbox 1105 1838 1325 1919; x_wconf 89' lang='lat' dir='ltr'><strong><em>reperiuntur,</em></strong></span> <span class='ocrx_word' id='word_1_184' title='bbox 1344 1838 1529 1919; x_wconf 89' lang='lat' dir='ltr'><strong><em>cujusmodi</em></strong></span> <span class='ocrx_word' id='word_1_185' title='bbox 1543 1843 1593 1902; x_wconf 90' lang='lat' dir='ltr'><strong><em>est</em></strong></span> <span class='ocrx_word' id='word_1_186' title='bbox 1608 1840 1761 1921; x_wconf 77' lang='lat' dir='ltr'><strong><em>Epistola</em></strong></span> <span class='ocrx_word' id='word_1_187' title='bbox 1776 1844 1888 1902; x_wconf 88' lang='lat' dir='ltr'><strong><em>saneti</em></strong></span> 
     </span>
     <span class='ocr_line' id='line_1_17' title="bbox 141 1935 1888 2019; baseline 0.001 -18"><span class='ocrx_word' id='word_1_188' title='bbox 141 1939 314 2001; x_wconf 85' lang='lat' dir='ltr'><strong><em>Ambrosii</em></strong></span> <span class='ocrx_word' id='word_1_189' title='bbox 335 1936 379 1998; x_wconf 89' lang='lat' dir='ltr'><strong><em>ad</em></strong></span> <span class='ocrx_word' id='word_1_190' title='bbox 406 1935 586 1997; x_wconf 82' lang='lat' dir='ltr'><strong><em>Hilarium.</em></strong></span> <span class='ocrx_word' id='word_1_191' title='bbox 613 1935 675 1999; x_wconf 86' lang='lat' dir='ltr'><strong><em>Sed</em></strong></span> <span class='ocrx_word' id='word_1_192' title='bbox 697 1952 774 1998; x_wconf 94' lang='lat' dir='ltr'><strong><em>cum</em></strong></span> <span class='ocrx_word' id='word_1_193' title='bbox 793 1936 914 1998; x_wconf 92' lang='lat' dir='ltr'><strong><em>horum</em></strong></span> <span class='ocrx_word' id='word_1_194' title='bbox 938 1936 1089 1999; x_wconf 90' lang='lat' dir='ltr'><strong><em>omnium</em></strong></span> <span class='ocrx_word' id='word_1_195' title='bbox 1104 1954 1143 1999; x_wconf 87' lang='lat' dir='ltr'><strong><em>ac</em></strong></span> <span class='ocrx_word' id='word_1_196' title='bbox 1156 1936 1329 2015; x_wconf 89' lang='lat' dir='ltr'><strong><em>similium,</em></strong></span> <span class='ocrx_word' id='word_1_197' title='bbox 1347 1937 1486 2000; x_wconf 90' lang='lat' dir='ltr'><strong><em>eruditis</em></strong></span> <span class='ocrx_word' id='word_1_198' title='bbox 1501 1938 1559 2019; x_wconf 90' lang='lat' dir='ltr'><strong><em>qui</em></strong></span> <span class='ocrx_word' id='word_1_199' title='bbox 1574 1938 1656 2001; x_wconf 88' lang='lat' dir='ltr'><strong><em>sorte</em></strong></span> <span class='ocrx_word' id='word_1_200' title='bbox 1671 1939 1706 2001; x_wconf 91' lang='lat' dir='ltr'><strong><em>in</em></strong></span> <span class='ocrx_word' id='word_1_201' title='bbox 1723 1938 1781 2001; x_wconf 92' lang='lat' dir='ltr'><strong><em>illa</em></strong></span> <span class='ocrx_word' id='word_1_202' title='bbox 1797 1939 1888 2002; x_wconf 92' lang='lat' dir='ltr'><strong><em>inci-</em></strong></span> 
     </span>
     <span class='ocr_line' id='line_1_18' title="bbox 141 2034 1888 2116; baseline -0.002 -14"><span class='ocrx_word' id='word_1_203' title='bbox 141 2038 262 2116; x_wconf 83' lang='lat' dir='ltr'><strong><em>derint,</em></strong></span> <span class='ocrx_word' id='word_1_204' title='bbox 278 2036 336 2098; x_wconf 79' lang='lat' dir='ltr'><strong><em>vir</em></strong></span> <span class='ocrx_word' id='word_1_205' title='bbox 350 2034 459 2098; x_wconf 92' lang='lat' dir='ltr'><strong><em>ullum</em></strong></span> <span class='ocrx_word' id='word_1_206' title='bbox 474 2034 577 2116; x_wconf 87' lang='lat' dir='ltr'><strong><em>possit</em></strong></span> <span class='ocrx_word' id='word_1_207' title='bbox 591 2034 771 2113; x_wconf 87' lang='lat' dir='ltr'><strong><em>imponere,</em></strong></span> <span class='ocrx_word' id='word_1_208' title='bbox 788 2034 969 2115; x_wconf 87' lang='lat' dir='ltr'><strong><em>statimque</em></strong></span> <span class='ocrx_word' id='word_1_209' title='bbox 985 2037 1188 2112; x_wconf 78' lang='lat' dir='ltr'><strong><em>agnoscatur</em></strong></span> <span class='ocrx_word' id='word_1_210' title='bbox 1201 2035 1403 2116; x_wconf 84' lang='lat' dir='ltr'><strong><em>suppositi03</em></strong></span> <span class='ocrx_word' id='word_1_211' title='bbox 1422 2035 1507 2098; x_wconf 92' lang='lat' dir='ltr'><strong><em>nihil</em></strong></span> <span class='ocrx_word' id='word_1_212' title='bbox 1530 2035 1586 2098; x_wconf 90' lang='lat' dir='ltr'><strong><em>hic</em></strong></span> <span class='ocrx_word' id='word_1_213' title='bbox 1609 2035 1800 2100; x_wconf 88' lang='lat' dir='ltr'><strong><em>addendum</em></strong></span> <span class='ocrx_word' id='word_1_214' title='bbox 1815 2051 1888 2099; x_wconf 89' lang='lat' dir='ltr'><strong><em>esse</em></strong></span> 
     </span>
     <span class='ocr_line' id='line_1_19' title="bbox 117 2134 356 2199; baseline -0.013 0"><span class='ocrx_word' id='word_1_215' title='bbox 117 2140 126 2151; x_wconf 85' lang='lat'>&#39;</span> <span class='ocrx_word' id='word_1_216' title='bbox 143 2134 356 2199; x_wconf 85' lang='lat' dir='ltr'><strong><em>arbitramur.</em></strong></span> 
     </span>
     <span class='ocr_line' id='line_1_20' title="bbox 181 2228 1888 2312; baseline -0.002 -15"><span class='ocrx_word' id='word_1_217' title='bbox 181 2235 421 2298; x_wconf 86' lang='lat' dir='ltr'><strong><em>Verumtamen</em></strong></span> <span class='ocrx_word' id='word_1_218' title='bbox 433 2229 566 2293; x_wconf 90' lang='lat' dir='ltr'><strong><em>silentio</em></strong></span> <span class='ocrx_word' id='word_1_219' title='bbox 580 2229 817 2308; x_wconf 75' lang='lat' dir='ltr'><strong><em>praetereundis</em></strong></span> <span class='ocrx_word' id='word_1_220' title='bbox 832 2248 899 2293; x_wconf 92' lang='lat' dir='ltr'><strong><em>non</em></strong></span> <span class='ocrx_word' id='word_1_221' title='bbox 914 2232 994 2293; x_wconf 91' lang='lat' dir='ltr'><strong><em>sunt</em></strong></span> <span class='ocrx_word' id='word_1_222' title='bbox 1008 2228 1305 2293; x_wconf 87' lang='lat' dir='ltr'><strong><em>commentationes</em></strong></span> <span class='ocrx_word' id='word_1_223' title='bbox 1325 2229 1412 2310; x_wconf 78' lang='lat' dir='ltr'><strong><em>dure,</em></strong></span> <span class='ocrx_word' id='word_1_224' title='bbox 1435 2230 1471 2294; x_wconf 93' lang='lat' dir='ltr'><strong><em>in</em></strong></span> <span class='ocrx_word' id='word_1_225' title='bbox 1491 2230 1787 2294; x_wconf 89' lang='lat' dir='ltr'><strong><em>Ambmsianarum</em></strong></span> <span class='ocrx_word' id='word_1_226' title='bbox 1807 2232 1888 2312; x_wconf 91' lang='lat' dir='ltr'><strong><em>qui—</em></strong></span> 
     </span>
     <span class='ocr_line' id='line_1_21' title="bbox 141 2325 1888 2411; baseline -0.002 -16"><span class='ocrx_word' id='word_1_227' title='bbox 141 2330 218 2396; x_wconf 90' lang='lat' dir='ltr'><strong><em>dem</em></strong></span> <span class='ocrx_word' id='word_1_228' title='bbox 232 2345 365 2411; x_wconf 89' lang='lat' dir='ltr'><strong><em>corpore</em></strong></span> <span class='ocrx_word' id='word_1_229' title='bbox 379 2344 566 2409; x_wconf 88' lang='lat' dir='ltr'><strong><em>nunquam,</em></strong></span> <span class='ocrx_word' id='word_1_230' title='bbox 582 2325 645 2389; x_wconf 90' lang='lat' dir='ltr'><strong><em>sub</em></strong></span> <span class='ocrx_word' id='word_1_231' title='bbox 660 2325 824 2389; x_wconf 87' lang='lat' dir='ltr'><strong><em>Ambrosii</em></strong></span> <span class='ocrx_word' id='word_1_232' title='bbox 839 2329 953 2389; x_wconf 79' lang='lat' dir='ltr'><strong><em>tarmen</em></strong></span> <span class='ocrx_word' id='word_1_233' title='bbox 966 2327 1066 2389; x_wconf 91' lang='lat' dir='ltr'><strong><em>titulo</em></strong></span> <span class='ocrx_word' id='word_1_234' title='bbox 1079 2326 1158 2389; x_wconf 91' lang='lat' dir='ltr'><strong><em>alibi</em></strong></span> <span class='ocrx_word' id='word_1_235' title='bbox 1173 2327 1282 2390; x_wconf 77' lang='lat' dir='ltr'><strong><em>editu.</em></strong></span> <span class='ocrx_word' id='word_1_236' title='bbox 1299 2327 1411 2389; x_wconf 88' lang='lat' dir='ltr'><strong><em>Altera</em></strong></span> <span class='ocrx_word' id='word_1_237' title='bbox 1422 2327 1566 2391; x_wconf 87' lang='lat' dir='ltr'><strong><em>habetur</em></strong></span> <span class='ocrx_word' id='word_1_238' title='bbox 1585 2330 1672 2408; x_wconf 89' lang='lat' dir='ltr'><strong><em>apud</em></strong></span> <span class='ocrx_word' id='word_1_239' title='bbox 1688 2331 1888 2392; x_wconf 88' lang='lat' dir='ltr'><strong><em>Bollandum</em></strong></span> 
     </span>
     <span class='ocr_line' id='line_1_22' title="bbox 140 2423 1888 2508; baseline -0.005 -13"><span class='ocrx_word' id='word_1_240' title='bbox 140 2446 204 2495; x_wconf 83' lang='lat' dir='ltr'><strong><em>xm</em></strong></span> <span class='ocrx_word' id='word_1_241' title='bbox 217 2429 287 2493; x_wconf 85' lang='lat' dir='ltr'><strong><em>kal.</em></strong></span> <span class='ocrx_word' id='word_1_242' title='bbox 302 2427 397 2491; x_wconf 85' lang='lat' dir='ltr'><strong><em>Febr.</em></strong></span> <span class='ocrx_word' id='word_1_243' title='bbox 414 2425 478 2488; x_wconf 90' lang='lat' dir='ltr'><strong><em>sub</em></strong></span> <span class='ocrx_word' id='word_1_244' title='bbox 491 2425 556 2487; x_wconf 86' lang='lat' dir='ltr'><strong><em>hac</em></strong></span> <span class='ocrx_word' id='word_1_245' title='bbox 569 2424 774 2506; x_wconf 81' lang='lat' dir='ltr'><strong><em>epigraphe:</em></strong></span> <span class='ocrx_word' id='word_1_246' title='bbox 794 2423 830 2487; x_wconf 88' lang='lat' dir='ltr'><strong><em>S.</em></strong></span> <span class='ocrx_word' id='word_1_247' title='bbox 848 2424 1040 2486; x_wconf 86' lang='lat' dir='ltr'><strong><em>Sebastiaai</em></strong></span> <span class='ocrx_word' id='word_1_248' title='bbox 1060 2424 1167 2486; x_wconf 86' lang='lat' dir='ltr'><strong><em>Mart.</em></strong></span> <span class='ocrx_word' id='word_1_249' title='bbox 1190 2425 1290 2504; x_wconf 88' lang='lat' dir='ltr'><strong><em>Acta,</em></strong></span> <span class='ocrx_word' id='word_1_250' title='bbox 1312 2428 1445 2485; x_wconf 82' lang='lat' dir='ltr'><strong><em>arictore</em></strong></span> <span class='ocrx_word' id='word_1_251' title='bbox 1464 2429 1578 2485; x_wconf 85' lang='lat' dir='ltr'><strong><em>sancto</em></strong></span> <span class='ocrx_word' id='word_1_252' title='bbox 1598 2425 1774 2487; x_wconf 87' lang='lat' dir='ltr'><strong><em>Ambrosio</em></strong></span> <span class='ocrx_word' id='word_1_253' title='bbox 1797 2431 1888 2508; x_wconf 86' lang='lat' dir='ltr'><strong><em>epis-</em></strong></span> 
     </span>
     <span class='ocr_line' id='line_1_23' title="bbox 0 2520 1887 2623; baseline -0.001 -34"><span class='ocrx_word' id='word_1_254' title='bbox 0 2572 7 2623; x_wconf 37' lang='lat'><strong>}</strong></span> <span class='ocrx_word' id='word_1_255' title='bbox 141 2546 232 2608; x_wconf 83' lang='lat' dir='ltr'><strong><em>copo.</em></strong></span> <span class='ocrx_word' id='word_1_256' title='bbox 248 2525 309 2589; x_wconf 81' lang='lat' dir='ltr'><strong><em>Sed</em></strong></span> <span class='ocrx_word' id='word_1_257' title='bbox 329 2522 434 2587; x_wconf 85' lang='lat' dir='ltr'><strong><em>critici</em></strong></span> <span class='ocrx_word' id='word_1_258' title='bbox 454 2538 569 2584; x_wconf 90' lang='lat' dir='ltr'><strong><em>omnes</em></strong></span> <span class='ocrx_word' id='word_1_259' title='bbox 588 2520 710 2600; x_wconf 89' lang='lat' dir='ltr'><strong><em>judicii</em></strong></span> <span class='ocrx_word' id='word_1_260' title='bbox 729 2520 908 2584; x_wconf 89' lang='lat' dir='ltr'><strong><em>limatioris</em></strong></span> <span class='ocrx_word' id='word_1_261' title='bbox 930 2521 1124 2585; x_wconf 88' lang='lat' dir='ltr'><strong><em>mendacem</em></strong></span> <span class='ocrx_word' id='word_1_262' title='bbox 1148 2522 1237 2585; x_wconf 91' lang='lat' dir='ltr'><strong><em>hanc</em></strong></span> <span class='ocrx_word' id='word_1_263' title='bbox 1258 2539 1328 2586; x_wconf 84' lang='lat' dir='ltr'><strong><em>esse</em></strong></span> <span class='ocrx_word' id='word_1_264' title='bbox 1353 2522 1603 2604; x_wconf 89' lang='lat' dir='ltr'><strong><em>inscriptionem</em></strong></span> <span class='ocrx_word' id='word_1_265' title='bbox 1632 2523 1726 2585; x_wconf 91' lang='lat' dir='ltr'><strong><em>nullo</em></strong></span> <span class='ocrx_word' id='word_1_266' title='bbox 1752 2525 1887 2603; x_wconf 81' lang='lat' dir='ltr'><strong><em>negotio</em></strong></span> 
     </span>
     <span class='ocr_line' id='line_1_24' title="bbox 0 2618 1887 2707; baseline -0.002 -19"><span class='ocrx_word' id='word_1_267' title='bbox 0 2638 13 2707; x_wconf 71' lang='lat'><strong><em>,‘</em></strong></span> <span class='ocrx_word' id='word_1_268' title='bbox 30 2652 33 2657; x_wconf 94' lang='lat'>·</span> <span class='ocrx_word' id='word_1_269' title='bbox 140 2621 441 2704; x_wconf 87' lang='lat' dir='ltr'><strong><em>deprehenderunt.</em></strong></span> <span class='ocrx_word' id='word_1_270' title='bbox 458 2622 593 2683; x_wconf 86' lang='lat' dir='ltr'><strong><em>Etsaue</em></strong></span> <span class='ocrx_word' id='word_1_271' title='bbox 609 2618 842 2682; x_wconf 90' lang='lat' dir='ltr'><strong><em>multominus</em></strong></span> <span class='ocrx_word' id='word_1_272' title='bbox 857 2618 986 2697; x_wconf 80' lang='lat' dir='ltr'><strong><em>ingenii</em></strong></span> <span class='ocrx_word' id='word_1_273' title='bbox 1002 2619 1417 2701; x_wconf 82' lang='lat' dir='ltr'><strong><em>praeseruntAmbrosiaui,</em></strong></span> <span class='ocrx_word' id='word_1_274' title='bbox 1436 2638 1537 2703; x_wconf 90' lang='lat' dir='ltr'><strong><em>quam</em></strong></span> <span class='ocrx_word' id='word_1_275' title='bbox 1558 2624 1649 2701; x_wconf 86' lang='lat' dir='ltr'><strong><em>Acta,</em></strong></span> <span class='ocrx_word' id='word_1_276' title='bbox 1675 2621 1728 2683; x_wconf 88' lang='lat' dir='ltr'><strong><em>vel</em></strong></span> <span class='ocrx_word' id='word_1_277' title='bbox 1750 2627 1887 2686; x_wconf 88' lang='lat' dir='ltr'><strong><em>sancto-</em></strong></span> 
     </span>
     <span class='ocr_line' id='line_1_25' title="bbox 139 2717 1886 2799; baseline -0.001 -13"><span class='ocrx_word' id='word_1_278' title='bbox 139 2720 281 2787; x_wconf 84' lang='lat' dir='ltr'><strong><em>Protesii</em></strong></span> <span class='ocrx_word' id='word_1_279' title='bbox 296 2737 335 2783; x_wconf 88' lang='lat' dir='ltr'><strong><em>ac</em></strong></span> <span class='ocrx_word' id='word_1_280' title='bbox 349 2718 511 2797; x_wconf 73' lang='lat' dir='ltr'><strong><em>Gemasii,</em></strong></span> <span class='ocrx_word' id='word_1_281' title='bbox 528 2718 582 2779; x_wconf 80' lang='lat' dir='ltr'><strong><em>rel</em></strong></span> <span class='ocrx_word' id='word_1_282' title='bbox 596 2720 790 2780; x_wconf 89' lang='lat' dir='ltr'><strong><em>sanctorum</em></strong></span> <span class='ocrx_word' id='word_1_283' title='bbox 804 2734 879 2779; x_wconf 92' lang='lat' dir='ltr'><strong><em>rum</em></strong></span> <span class='ocrx_word' id='word_1_284' title='bbox 893 2717 1016 2780; x_wconf 87' lang='lat' dir='ltr'><strong><em>Vitalis</em></strong></span> <span class='ocrx_word' id='word_1_285' title='bbox 1030 2720 1130 2799; x_wconf 89' lang='lat' dir='ltr'><strong><em>atque</em></strong></span> <span class='ocrx_word' id='word_1_286' title='bbox 1144 2718 1307 2795; x_wconf 78' lang='lat' dir='ltr'><strong><em>Agricola</em></strong></span> <span class='ocrx_word' id='word_1_287' title='bbox 1323 2739 1329 2779; x_wconf 91' lang='lat'>:</span> <span class='ocrx_word' id='word_1_288' title='bbox 1359 2736 1433 2798; x_wconf 75' lang='lat' dir='ltr'><strong><em>quse</em></strong></span> <span class='ocrx_word' id='word_1_289' title='bbox 1451 2721 1565 2781; x_wconf 86' lang='lat' dir='ltr'><strong><em>tamen</em></strong></span> <span class='ocrx_word' id='word_1_290' title='bbox 1582 2737 1648 2781; x_wconf 90' lang='lat' dir='ltr'><strong><em>non</em></strong></span> <span class='ocrx_word' id='word_1_291' title='bbox 1670 2719 1833 2783; x_wconf 92' lang='lat' dir='ltr'><strong><em>immerito</em></strong></span> <span class='ocrx_word' id='word_1_292' title='bbox 1848 2721 1886 2785; x_wconf 93' lang='lat' dir='ltr'><strong><em>in</em></strong></span> 
     </span>
     <span class='ocr_line' id='line_1_26' title="bbox 138 2814 1886 2905; baseline -0.002 -21"><span class='ocrx_word' id='word_1_293' title='bbox 138 2819 363 2905; x_wconf 89' lang='lat' dir='ltr'><strong><em>Appendicem</em></strong></span> <span class='ocrx_word' id='word_1_294' title='bbox 378 2836 399 2880; x_wconf 88' lang='lat' dir='ltr'><strong><em>a</em></strong></span> <span class='ocrx_word' id='word_1_295' title='bbox 413 2815 508 2879; x_wconf 90' lang='lat' dir='ltr'><strong><em>nobis</em></strong></span> <span class='ocrx_word' id='word_1_296' title='bbox 523 2814 624 2896; x_wconf 88' lang='lat' dir='ltr'><strong><em>rejici,</em></strong></span> <span class='ocrx_word' id='word_1_297' title='bbox 643 2815 713 2878; x_wconf 91' lang='lat' dir='ltr'><strong><em>loco</em></strong></span> <span class='ocrx_word' id='word_1_298' title='bbox 727 2832 788 2878; x_wconf 91' lang='lat' dir='ltr'><strong><em>suo</em></strong></span> <span class='ocrx_word' id='word_1_299' title='bbox 802 2815 889 2879; x_wconf 90' lang='lat' dir='ltr'><strong><em>clare</em></strong></span> <span class='ocrx_word' id='word_1_300' title='bbox 902 2814 1104 2879; x_wconf 88' lang='lat' dir='ltr'><strong><em>ostendetur.</em></strong></span> <span class='ocrx_word' id='word_1_301' title='bbox 1117 2814 1212 2879; x_wconf 87' lang='lat' dir='ltr'><strong><em>Unde</em></strong></span> <span class='ocrx_word' id='word_1_302' title='bbox 1223 2815 1345 2878; x_wconf 90' lang='lat' dir='ltr'><strong><em>mirum</em></strong></span> <span class='ocrx_word' id='word_1_303' title='bbox 1356 2815 1394 2878; x_wconf 89' lang='lat' dir='ltr'><strong><em>fit</em></strong></span> <span class='ocrx_word' id='word_1_304' title='bbox 1408 2816 1570 2898; x_wconf 89' lang='lat' dir='ltr'><strong><em>quomodo</em></strong></span> <span class='ocrx_word' id='word_1_305' title='bbox 1580 2832 1689 2880; x_wconf 88' lang='lat' dir='ltr'><strong><em>errare</em></strong></span> <span class='ocrx_word' id='word_1_306' title='bbox 1704 2816 1740 2879; x_wconf 90' lang='lat' dir='ltr'><strong><em>in</em></strong></span> <span class='ocrx_word' id='word_1_307' title='bbox 1754 2816 1816 2881; x_wconf 92' lang='lat' dir='ltr'><strong><em>hoc</em></strong></span> <span class='ocrx_word' id='word_1_308' title='bbox 1831 2836 1886 2900; x_wconf 92' lang='lat' dir='ltr'><strong><em>po·</em></strong></span> 
     </span>
     <span class='ocr_line' id='line_1_27' title="bbox 137 2915 547 2982; baseline -0.017 0"><span class='ocrx_word' id='word_1_309' title='bbox 137 2918 241 2982; x_wconf 88' lang='lat' dir='ltr'><strong><em>tuerit</em></strong></span> <span class='ocrx_word' id='word_1_310' title='bbox 259 2916 311 2978; x_wconf 88' lang='lat' dir='ltr'><strong><em>vir</em></strong></span> <span class='ocrx_word' id='word_1_311' title='bbox 325 2915 547 2978; x_wconf 90' lang='lat' dir='ltr'><strong><em>doctissimus.</em></strong></span> 
     </span>
    </p>

    <p class='ocr_par' dir='ltr' id='par_1_5' title="bbox 137 3010 1881 3196">
     <span class='ocr_line' id='line_1_28' title="bbox 177 3010 1881 3096; baseline -0.002 -16"><span class='ocrx_word' id='word_1_312' title='bbox 177 3019 328 3081; x_wconf 90' lang='lat' dir='ltr'><strong><em>Duorum</em></strong></span> <span class='ocrx_word' id='word_1_313' title='bbox 347 3016 461 3077; x_wconf 89' lang='lat' dir='ltr'><strong><em>autem</em></strong></span> <span class='ocrx_word' id='word_1_314' title='bbox 474 3012 617 3093; x_wconf 88' lang='lat' dir='ltr'><strong><em>Operum</em></strong></span> <span class='ocrx_word' id='word_1_315' title='bbox 634 3028 708 3093; x_wconf 78' lang='lat' dir='ltr'><strong><em>quse</em></strong></span> <span class='ocrx_word' id='word_1_316' title='bbox 723 3010 966 3092; x_wconf 86' lang='lat' dir='ltr'><strong><em>iudicabamus,</em></strong></span> <span class='ocrx_word' id='word_1_317' title='bbox 984 3012 1126 3076; x_wconf 85' lang='lat' dir='ltr'><strong><em>alterum</em></strong></span> <span class='ocrx_word' id='word_1_318' title='bbox 1140 3016 1190 3074; x_wconf 89' lang='lat' dir='ltr'><strong><em>est</em></strong></span> <span class='ocrx_word' id='word_1_319' title='bbox 1205 3011 1361 3073; x_wconf 87' lang='lat' dir='ltr'><strong><em>Historia</em></strong></span> <span class='ocrx_word' id='word_1_320' title='bbox 1377 3011 1561 3096; x_wconf 76' lang='lat' dir='ltr'><strong><em>Hepesippi</em></strong></span> <span class='ocrx_word' id='word_1_321' title='bbox 1582 3013 1622 3075; x_wconf 88' lang='lat' dir='ltr'><strong><em>de</em></strong></span> <span class='ocrx_word' id='word_1_322' title='bbox 1644 3014 1724 3075; x_wconf 84' lang='lat' dir='ltr'><strong><em>bello</em></strong></span> <span class='ocrx_word' id='word_1_323' title='bbox 1739 3014 1881 3077; x_wconf 75' lang='lat' dir='ltr'><strong><em>ludaico</em></strong></span> 
     </span>
     <span class='ocr_line' id='line_1_29' title="bbox 137 3108 1878 3196; baseline -0.001 -19"><span class='ocrx_word' id='word_1_324' title='bbox 137 3118 170 3177; x_wconf 84' lang='lat' dir='ltr'><strong><em>et</em></strong></span> <span class='ocrx_word' id='word_1_325' title='bbox 185 3112 313 3176; x_wconf 75' lang='lat' dir='ltr'><strong><em>excidio</em></strong></span> <span class='ocrx_word' id='word_1_326' title='bbox 333 3108 649 3191; x_wconf 81' lang='lat' dir='ltr'><strong><em>Hierosolpmdano.</em></strong></span> <span class='ocrx_word' id='word_1_327' title='bbox 666 3111 750 3171; x_wconf 85' lang='lat' dir='ltr'><strong><em>Eam</em></strong></span> <span class='ocrx_word' id='word_1_328' title='bbox 763 3109 940 3171; x_wconf 88' lang='lat' dir='ltr'><strong><em>historiam</em></strong></span> <span class='ocrx_word' id='word_1_329' title='bbox 955 3127 1022 3172; x_wconf 90' lang='lat' dir='ltr'><strong><em>non</em></strong></span> <span class='ocrx_word' id='word_1_330' title='bbox 1035 3114 1170 3173; x_wconf 91' lang='lat' dir='ltr'><strong><em>tantum</em></strong></span> <span class='ocrx_word' id='word_1_331' title='bbox 1185 3110 1346 3174; x_wconf 88' lang='lat' dir='ltr'><strong><em>editiones</em></strong></span> <span class='ocrx_word' id='word_1_332' title='bbox 1361 3111 1514 3193; x_wconf 76' lang='lat' dir='ltr'><strong><em>quiedam</em></strong></span> <span class='ocrx_word' id='word_1_333' title='bbox 1528 3112 1700 3175; x_wconf 90' lang='lat' dir='ltr'><strong><em>Ambrosio</em></strong></span> <span class='ocrx_word' id='word_1_334' title='bbox 1714 3114 1878 3196; x_wconf 89' lang='lat' dir='ltr'><strong><em>tribuunt,</em></strong></span> 
     </span>
    </p>
   </div>
   <div class='ocr_carea' id='block_1_3' title="bbox 1 3206 1885 3589">
    <p class='ocr_par' dir='ltr' id='par_1_6' title="bbox 1 3206 1885 3589">
     <span class='ocr_line' id='line_1_30' title="bbox 1 3206 1885 3291; baseline -0.002 -13"><span class='ocrx_word' id='word_1_335' title='bbox 1 3206 10 3268; x_wconf 77' lang='lat' dir='ltr'><strong><em>l&#39;</em></strong></span> <span class='ocrx_word' id='word_1_336' title='bbox 136 3211 310 3279; x_wconf 87' lang='lat' dir='ltr'><strong><em>sedetiam</em></strong></span> <span class='ocrx_word' id='word_1_337' title='bbox 326 3207 480 3273; x_wconf 90' lang='lat' dir='ltr'><strong><em>nonnulli</em></strong></span> <span class='ocrx_word' id='word_1_338' title='bbox 492 3207 722 3288; x_wconf 87' lang='lat' dir='ltr'><strong><em>manuscripti.</em></strong></span> <span class='ocrx_word' id='word_1_339' title='bbox 740 3206 892 3288; x_wconf 85' lang='lat' dir='ltr'><strong><em>Exempli</em></strong></span> <span class='ocrx_word' id='word_1_340' title='bbox 906 3224 1019 3288; x_wconf 89' lang='lat' dir='ltr'><strong><em>causa,</em></strong></span> <span class='ocrx_word' id='word_1_341' title='bbox 1037 3212 1177 3290; x_wconf 88' lang='lat' dir='ltr'><strong><em>quartus</em></strong></span> <span class='ocrx_word' id='word_1_342' title='bbox 1189 3227 1230 3273; x_wconf 84' lang='lat' dir='ltr'><strong><em>ex</em></strong></span> <span class='ocrx_word' id='word_1_343' title='bbox 1245 3210 1395 3291; x_wconf 89' lang='lat' dir='ltr'><strong><em>quinque</em></strong></span> <span class='ocrx_word' id='word_1_344' title='bbox 1410 3209 1504 3273; x_wconf 86' lang='lat' dir='ltr'><strong><em>libris</em></strong></span> <span class='ocrx_word' id='word_1_345' title='bbox 1518 3210 1668 3290; x_wconf 83' lang='lat' dir='ltr'><strong><em>ejusdem</em></strong></span> <span class='ocrx_word' id='word_1_346' title='bbox 1691 3212 1738 3274; x_wconf 91' lang='lat' dir='ltr'><strong><em>sic</em></strong></span> <span class='ocrx_word' id='word_1_347' title='bbox 1761 3212 1885 3275; x_wconf 91' lang='lat' dir='ltr'><strong><em>inscri-</em></strong></span> 
     </span>
     <span class='ocr_line' id='line_1_31' title="bbox 5 3306 1881 3390; baseline -0.003 -14"><span class='ocrx_word' id='word_1_348' title='bbox 5 3312 10 3375; x_wconf 77' lang='grc' dir='ltr'><strong>ἕ</strong></span> <span class='ocrx_word' id='word_1_349' title='bbox 135 3309 228 3375; x_wconf 89' lang='lat' dir='ltr'><strong><em>bitur</em></strong></span> <span class='ocrx_word' id='word_1_350' title='bbox 242 3309 278 3372; x_wconf 93' lang='lat' dir='ltr'><strong><em>in</em></strong></span> <span class='ocrx_word' id='word_1_351' title='bbox 292 3307 402 3370; x_wconf 84' lang='lat' dir='ltr'><strong><em>radice</em></strong></span> <span class='ocrx_word' id='word_1_352' title='bbox 416 3306 670 3369; x_wconf 82' lang='lat' dir='ltr'><strong><em>Carinelitarum</em></strong></span> <span class='ocrx_word' id='word_1_353' title='bbox 681 3306 1030 3369; x_wconf 83' lang='lat' dir='ltr'><strong><em>Olaromontanorum:</em></strong></span> <span class='ocrx_word' id='word_1_354' title='bbox 1048 3307 1166 3369; x_wconf 82' lang='lat' dir='ltr'><strong><em>Sancti</em></strong></span> <span class='ocrx_word' id='word_1_355' title='bbox 1180 3306 1351 3368; x_wconf 85' lang='lat' dir='ltr'><strong><em>Ambrosii</em></strong></span> <span class='ocrx_word' id='word_1_356' title='bbox 1365 3311 1512 3390; x_wconf 83' lang='lat' dir='ltr'><strong><em>episcopi</em></strong></span> <span class='ocrx_word' id='word_1_357' title='bbox 1525 3307 1743 3390; x_wconf 79' lang='lat' dir='ltr'><strong><em>dispersionis</em></strong></span> <span class='ocrx_word' id='word_1_358' title='bbox 1757 3309 1881 3372; x_wconf 80' lang='lat' dir='ltr'><strong><em>ludae-</em></strong></span> 
     </span>
     <span class='ocr_line' id='line_1_32' title="bbox 5 3386 1881 3487; baseline 0.001 -16"><span class='ocrx_word' id='word_1_359' title='bbox 5 3386 11 3477; x_wconf 66' lang='grc' dir='ltr'>ἶ</span> <span class='ocrx_word' id='word_1_360' title='bbox 135 3426 230 3472; x_wconf 82' lang='lat' dir='ltr'><strong><em>orum</em></strong></span> <span class='ocrx_word' id='word_1_361' title='bbox 245 3407 354 3467; x_wconf 84' lang='lat' dir='ltr'><strong><em>Flavii</em></strong></span> <span class='ocrx_word' id='word_1_362' title='bbox 367 3404 503 3487; x_wconf 85' lang='lat' dir='ltr'><strong><em>Joseplri</em></strong></span> <span class='ocrx_word' id='word_1_363' title='bbox 517 3405 776 3486; x_wconf 75' lang='lat' dir='ltr'><strong><em>historioprupbi</em></strong></span> <span class='ocrx_word' id='word_1_364' title='bbox 790 3403 970 3486; x_wconf 85' lang='lat' dir='ltr'><strong><em>capitulum</em></strong></span> <span class='ocrx_word' id='word_1_365' title='bbox 984 3416 1146 3487; x_wconf 83' lang='lat' dir='ltr'><strong><em>quartum.</em></strong></span> <span class='ocrx_word' id='word_1_366' title='bbox 1166 3406 1239 3469; x_wconf 89' lang='lat' dir='ltr'><strong><em>Huc</em></strong></span> <span class='ocrx_word' id='word_1_367' title='bbox 1252 3405 1356 3468; x_wconf 80' lang='lat' dir='ltr'><strong><em>etiam</em></strong></span> <span class='ocrx_word' id='word_1_368' title='bbox 1375 3406 1500 3470; x_wconf 85' lang='lat' dir='ltr'><strong><em>accedit</em></strong></span> <span class='ocrx_word' id='word_1_369' title='bbox 1525 3406 1709 3471; x_wconf 78' lang='lat' dir='ltr'><strong><em>cassiodori</em></strong></span> <span class='ocrx_word' id='word_1_370' title='bbox 1723 3406 1881 3472; x_wconf 86' lang='lat' dir='ltr'><strong><em>testimo-</em></strong></span> 
     </span>
     <span class='ocr_line' id='line_1_33' title="bbox 5 3494 1882 3589; baseline -0.002 -18"><span class='ocrx_word' id='word_1_371' title='bbox 5 3494 9 3517; x_wconf 86' lang='lat'><strong>¹</strong></span> <span class='ocrx_word' id='word_1_372' title='bbox 135 3505 243 3586; x_wconf 83' lang='lat' dir='ltr'><strong><em>nium,</em></strong></span> <span class='ocrx_word' id='word_1_373' title='bbox 259 3503 458 3566; x_wconf 83' lang='lat' dir='ltr'><strong><em>affirmantis</em></strong></span> <span class='ocrx_word' id='word_1_374' title='bbox 473 3504 572 3565; x_wconf 86' lang='lat' dir='ltr'><strong><em>aetate</em></strong></span> <span class='ocrx_word' id='word_1_375' title='bbox 585 3519 649 3564; x_wconf 91' lang='lat' dir='ltr'><strong><em>sua</em></strong></span> <span class='ocrx_word' id='word_1_376' title='bbox 660 3500 794 3581; x_wconf 91' lang='lat' dir='ltr'><strong><em>Josephi</em></strong></span> <span class='ocrx_word' id='word_1_377' title='bbox 809 3501 996 3565; x_wconf 86' lang='lat' dir='ltr'><strong><em>versionem</em></strong></span> <span class='ocrx_word' id='word_1_378' title='bbox 1008 3503 1176 3566; x_wconf 87' lang='lat' dir='ltr'><strong><em>exstitisse</em></strong></span> <span class='ocrx_word' id='word_1_379' title='bbox 1196 3503 1234 3565; x_wconf 90' lang='lat' dir='ltr'><strong><em>nb</em></strong></span> <span class='ocrx_word' id='word_1_380' title='bbox 1250 3503 1328 3565; x_wconf 84' lang='lat' dir='ltr'><strong><em>aliis</em></strong></span> <span class='ocrx_word' id='word_1_381' title='bbox 1344 3504 1474 3586; x_wconf 85' lang='lat' dir='ltr'><strong><em>quidem</em></strong></span> <span class='ocrx_word' id='word_1_382' title='bbox 1487 3510 1600 3566; x_wconf 84' lang='lat' dir='ltr'><strong><em>saneto</em></strong></span> <span class='ocrx_word' id='word_1_383' title='bbox 1614 3503 1824 3589; x_wconf 71' lang='lat' dir='ltr'><strong><em>Hieronymo,</em></strong></span> <span class='ocrx_word' id='word_1_384' title='bbox 1842 3505 1882 3568; x_wconf 88' lang='lat' dir='ltr'><strong><em>ab</em></strong></span> 
     </span>
    </p>
   </div>
   <div class='ocr_carea' id='block_1_4' title="bbox 135 3598 1881 3975">
    <p class='ocr_par' dir='ltr' id='par_1_7' title="bbox 135 3598 1881 3975">
     <span class='ocr_line' id='line_1_34' title="bbox 136 3598 1880 3684; baseline 0.001 -18"><span class='ocrx_word' id='word_1_385' title='bbox 136 3604 215 3666; x_wconf 85' lang='lat' dir='ltr'><strong><em>aliis</em></strong></span> <span class='ocrx_word' id='word_1_386' title='bbox 229 3602 356 3683; x_wconf 72' lang='lat' dir='ltr'><strong><em>Rufino,</em></strong></span> <span class='ocrx_word' id='word_1_387' title='bbox 373 3600 412 3662; x_wconf 89' lang='lat' dir='ltr'><strong><em>ab</em></strong></span> <span class='ocrx_word' id='word_1_388' title='bbox 426 3598 505 3661; x_wconf 85' lang='lat' dir='ltr'><strong><em>aliis</em></strong></span> <span class='ocrx_word' id='word_1_389' title='bbox 518 3619 593 3661; x_wconf 84' lang='lat' dir='ltr'><strong><em>ocra</em></strong></span> <span class='ocrx_word' id='word_1_390' title='bbox 609 3599 797 3680; x_wconf 82' lang='lat' dir='ltr'><strong><em>deputatam</em></strong></span> <span class='ocrx_word' id='word_1_391' title='bbox 823 3599 1001 3661; x_wconf 85' lang='lat' dir='ltr'><strong><em>Ambrosio</em></strong></span> <span class='ocrx_word' id='word_1_392' title='bbox 1022 3600 1089 3679; x_wconf 91' lang='lat' dir='ltr'><strong><em>(De</em></strong></span> <span class='ocrx_word' id='word_1_393' title='bbox 1112 3600 1224 3664; x_wconf 81' lang='lat' dir='ltr'><strong><em>Instit.</em></strong></span> <span class='ocrx_word' id='word_1_394' title='bbox 1252 3600 1327 3662; x_wconf 90' lang='lat' dir='ltr'><strong><em>Dio.</em></strong></span> <span class='ocrx_word' id='word_1_395' title='bbox 1356 3601 1474 3663; x_wconf 86' lang='lat' dir='ltr'><strong><em>Litter.</em></strong></span> <span class='ocrx_word' id='word_1_396' title='bbox 1499 3620 1570 3684; x_wconf 90' lang='lat' dir='ltr'><strong><em>cap.</em></strong></span> <span class='ocrx_word' id='word_1_397' title='bbox 1598 3604 1659 3680; x_wconf 82' lang='lat'><strong><em>17).</em></strong></span> <span class='ocrx_word' id='word_1_398' title='bbox 1686 3604 1788 3684; x_wconf 85' lang='lat' dir='ltr'><strong><em>Atqui</em></strong></span> <span class='ocrx_word' id='word_1_399' title='bbox 1806 3621 1880 3668; x_wconf 84' lang='lat' dir='ltr'><strong><em>eam</em></strong></span> 
     </span>
     <span class='ocr_line' id='line_1_35' title="bbox 135 3697 1880 3782; baseline 0 -17"><span class='ocrx_word' id='word_1_400' title='bbox 135 3720 205 3765; x_wconf 91' lang='lat' dir='ltr'><strong><em>non</em></strong></span> <span class='ocrx_word' id='word_1_401' title='bbox 223 3716 295 3764; x_wconf 88' lang='lat' dir='ltr'><strong><em>esse</em></strong></span> <span class='ocrx_word' id='word_1_402' title='bbox 308 3698 501 3780; x_wconf 81' lang='lat' dir='ltr'><strong><em>Hieronymi</em></strong></span> <span class='ocrx_word' id='word_1_403' title='bbox 516 3697 678 3760; x_wconf 88' lang='lat' dir='ltr'><strong><em>discimus</em></strong></span> <span class='ocrx_word' id='word_1_404' title='bbox 697 3714 738 3759; x_wconf 83' lang='lat' dir='ltr'><strong><em>ex</em></strong></span> <span class='ocrx_word' id='word_1_405' title='bbox 762 3697 938 3777; x_wconf 87' lang='lat' dir='ltr'><strong><em>ipsiusmet</em></strong></span> <span class='ocrx_word' id='word_1_406' title='bbox 960 3699 1100 3779; x_wconf 87' lang='lat' dir='ltr'><strong><em>epistola</em></strong></span> <span class='ocrx_word' id='word_1_407' title='bbox 1124 3699 1165 3762; x_wconf 88' lang='lat' dir='ltr'><strong><em>ad</em></strong></span> <span class='ocrx_word' id='word_1_408' title='bbox 1189 3699 1367 3762; x_wconf 85' lang='lat' dir='ltr'><strong><em>Lacinium</em></strong></span> <span class='ocrx_word' id='word_1_409' title='bbox 1394 3699 1564 3779; x_wconf 87' lang='lat' dir='ltr'><strong><em>Boeticum,</em></strong></span> <span class='ocrx_word' id='word_1_410' title='bbox 1581 3700 1639 3762; x_wconf 90' lang='lat' dir='ltr'><strong><em>ubi</em></strong></span> <span class='ocrx_word' id='word_1_411' title='bbox 1654 3701 1826 3782; x_wconf 90' lang='lat' dir='ltr'><strong><em>profitetur</em></strong></span> <span class='ocrx_word' id='word_1_412' title='bbox 1840 3720 1880 3766; x_wconf 83' lang='lat' dir='ltr'><strong><em>ex</em></strong></span> 
     </span>
     <span class='ocr_line' id='line_1_36' title="bbox 135 3794 1881 3880; baseline 0 -17"><span class='ocrx_word' id='word_1_413' title='bbox 135 3798 284 3863; x_wconf 84' lang='lat' dir='ltr'><strong><em>Historia</em></strong></span> <span class='ocrx_word' id='word_1_414' title='bbox 295 3797 443 3878; x_wconf 88' lang='lat' dir='ltr'><strong><em>ejusdem</em></strong></span> <span class='ocrx_word' id='word_1_415' title='bbox 458 3795 592 3874; x_wconf 86' lang='lat' dir='ltr'><strong><em>losephi</em></strong></span> <span class='ocrx_word' id='word_1_416' title='bbox 611 3794 698 3857; x_wconf 91' lang='lat' dir='ltr'><strong><em>nihil</em></strong></span> <span class='ocrx_word' id='word_1_417' title='bbox 720 3812 741 3856; x_wconf 91' lang='lat' dir='ltr'><strong><em>a</em></strong></span> <span class='ocrx_word' id='word_1_418' title='bbox 761 3811 796 3858; x_wconf 87' lang='lat' dir='ltr'><strong><em>se</em></strong></span> <span class='ocrx_word' id='word_1_419' title='bbox 818 3812 890 3859; x_wconf 88' lang='lat' dir='ltr'><strong><em>esse</em></strong></span> <span class='ocrx_word' id='word_1_420' title='bbox 908 3796 1112 3859; x_wconf 87' lang='lat' dir='ltr'><strong><em>translatum</em></strong></span> <span class='ocrx_word' id='word_1_421' title='bbox 1129 3819 1135 3859; x_wconf 94' lang='lat'><strong>:</strong></span> <span class='ocrx_word' id='word_1_422' title='bbox 1154 3814 1220 3859; x_wconf 91' lang='lat' dir='ltr'><strong><em>neu</em></strong></span> <span class='ocrx_word' id='word_1_423' title='bbox 1235 3799 1347 3859; x_wconf 88' lang='lat' dir='ltr'><strong><em>autem</em></strong></span> <span class='ocrx_word' id='word_1_424' title='bbox 1363 3796 1482 3860; x_wconf 87' lang='lat' dir='ltr'><strong><em>Rufino</em></strong></span> <span class='ocrx_word' id='word_1_425' title='bbox 1498 3796 1592 3859; x_wconf 89' lang='lat' dir='ltr'><strong><em>illam</em></strong></span> <span class='ocrx_word' id='word_1_426' title='bbox 1607 3798 1813 3880; x_wconf 89' lang='lat' dir='ltr'><strong><em>addicamus,</em></strong></span> <span class='ocrx_word' id='word_1_427' title='bbox 1827 3801 1881 3863; x_wconf 85' lang='lat' dir='ltr'><strong><em>rel</em></strong></span> 
     </span>
     <span class='ocr_line' id='line_1_37' title="bbox 136 3892 1880 3975; baseline -0.001 -14"><span class='ocrx_word' id='word_1_428' title='bbox 136 3899 207 3962; x_wconf 83' lang='lat' dir='ltr'><strong><em>sola</em></strong></span> <span class='ocrx_word' id='word_1_429' title='bbox 220 3895 361 3961; x_wconf 90' lang='lat' dir='ltr'><strong><em>elocutio</em></strong></span> <span class='ocrx_word' id='word_1_430' title='bbox 375 3894 508 3956; x_wconf 82' lang='lat' dir='ltr'><strong><em>videtur</em></strong></span> <span class='ocrx_word' id='word_1_431' title='bbox 521 3893 712 3974; x_wconf 77' lang='lat' dir='ltr'><strong><em>prohibere3</em></strong></span> <span class='ocrx_word' id='word_1_432' title='bbox 727 3894 828 3973; x_wconf 85' lang='lat' dir='ltr'><strong><em>etque</em></strong></span> <span class='ocrx_word' id='word_1_433' title='bbox 843 3892 905 3955; x_wconf 93' lang='lat' dir='ltr'><strong><em>hoc</em></strong></span> <span class='ocrx_word' id='word_1_434' title='bbox 923 3896 1019 3973; x_wconf 91' lang='lat' dir='ltr'><strong><em>pacto</em></strong></span> <span class='ocrx_word' id='word_1_435' title='bbox 1042 3896 1111 3956; x_wconf 89' lang='lat' dir='ltr'><strong><em>tota</em></strong></span> <span class='ocrx_word' id='word_1_436' title='bbox 1126 3893 1343 3975; x_wconf 87' lang='lat' dir='ltr'><strong><em>probabilitas</em></strong></span> <span class='ocrx_word' id='word_1_437' title='bbox 1358 3895 1398 3957; x_wconf 89' lang='lat' dir='ltr'><strong><em>ad</em></strong></span> <span class='ocrx_word' id='word_1_438' title='bbox 1414 3895 1627 3958; x_wconf 83' lang='lat' dir='ltr'><strong><em>Ambrosium</em></strong></span> <span class='ocrx_word' id='word_1_439' title='bbox 1642 3895 1737 3959; x_wconf 91' lang='lat' dir='ltr'><strong><em>redit.</em></strong></span> <span class='ocrx_word' id='word_1_440' title='bbox 1753 3897 1880 3973; x_wconf 87' lang='lat' dir='ltr'><strong><em>Quibus</em></strong></span> 
     </span>
    </p>
   </div>
   <div class='ocr_carea' id='block_1_5' title="bbox 4 3989 1899 4074">
    <p class='ocr_par' dir='ltr' id='par_1_8' title="bbox 4 3989 1899 4074">
     <span class='ocr_line' id='line_1_38' title="bbox 4 3989 1899 4074; baseline -0.001 -16"><span class='ocrx_word' id='word_1_441' title='bbox 4 4020 12 4043; x_wconf 67' lang='lat' dir='ltr'><strong><em>r</em></strong></span> <span class='ocrx_word' id='word_1_442' title='bbox 135 3994 214 4059; x_wconf 87' lang='lat' dir='ltr'><strong><em>addi</em></strong></span> <span class='ocrx_word' id='word_1_443' title='bbox 229 3995 367 4074; x_wconf 91' lang='lat' dir='ltr'><strong><em>insuper</em></strong></span> <span class='ocrx_word' id='word_1_444' title='bbox 380 3993 521 4074; x_wconf 87' lang='lat' dir='ltr'><strong><em>possunt</em></strong></span> <span class='ocrx_word' id='word_1_445' title='bbox 535 4007 603 4053; x_wconf 90' lang='lat' dir='ltr'><strong><em>non</em></strong></span> <span class='ocrx_word' id='word_1_446' title='bbox 617 4008 731 4072; x_wconf 74' lang='lat' dir='ltr'><strong><em>prauam</em></strong></span> <span class='ocrx_word' id='word_1_447' title='bbox 743 3991 927 4053; x_wconf 89' lang='lat' dir='ltr'><strong><em>locutiones</em></strong></span> <span class='ocrx_word' id='word_1_448' title='bbox 941 3989 1067 4053; x_wconf 87' lang='lat' dir='ltr'><strong><em>auctori</em></strong></span> <span class='ocrx_word' id='word_1_449' title='bbox 1083 3990 1152 4055; x_wconf 83' lang='lat' dir='ltr'><strong><em>sire</em></strong></span> <span class='ocrx_word' id='word_1_450' title='bbox 1175 3990 1348 4072; x_wconf 89' lang='lat' dir='ltr'><strong><em>interpreti</em></strong></span> <span class='ocrx_word' id='word_1_451' title='bbox 1373 3991 1470 4053; x_wconf 82' lang='lat' dir='ltr'><strong><em>diotre</em></strong></span> <span class='ocrx_word' id='word_1_452' title='bbox 1494 3992 1648 4054; x_wconf 67' lang='lat' dir='ltr'><strong><em>Historiae</em></strong></span> <span class='ocrx_word' id='word_1_453' title='bbox 1672 4010 1748 4056; x_wconf 90' lang='lat' dir='ltr'><strong><em>cum</em></strong></span> <span class='ocrx_word' id='word_1_454' title='bbox 1768 3995 1899 4057; x_wconf 87' lang='lat' dir='ltr'><strong><em>Antis--</em></strong></span> 
     </span>
    </p>
   </div>
   <div class='ocr_carea' id='block_1_6' title="bbox 131 4088 1881 4273">
    <p class='ocr_par' dir='ltr' id='par_1_9' title="bbox 131 4088 1881 4273">
     <span class='ocr_line' id='line_1_39' title="bbox 131 4088 1881 4171; baseline -0.001 -13"><span class='ocrx_word' id='word_1_455' title='bbox 131 4094 195 4158; x_wconf 87' lang='lat' dir='ltr'><strong><em>tite</em></strong></span> <span class='ocrx_word' id='word_1_456' title='bbox 209 4095 320 4157; x_wconf 89' lang='lat' dir='ltr'><strong><em>nostra</em></strong></span> <span class='ocrx_word' id='word_1_457' title='bbox 330 4107 533 4171; x_wconf 86' lang='lat' dir='ltr'><strong><em>communes,</em></strong></span> <span class='ocrx_word' id='word_1_458' title='bbox 552 4106 635 4171; x_wconf 88' lang='lat' dir='ltr'><strong><em>quas</em></strong></span> <span class='ocrx_word' id='word_1_459' title='bbox 647 4089 829 4168; x_wconf 84' lang='lat' dir='ltr'><strong><em>diligenter</em></strong></span> <span class='ocrx_word' id='word_1_460' title='bbox 842 4088 902 4152; x_wconf 90' lang='lat' dir='ltr'><strong><em>abs</em></strong></span> <span class='ocrx_word' id='word_1_461' title='bbox 917 4104 952 4152; x_wconf 89' lang='lat' dir='ltr'><strong><em>se</em></strong></span> <span class='ocrx_word' id='word_1_462' title='bbox 964 4089 1118 4153; x_wconf 87' lang='lat' dir='ltr'><strong><em>collectas</em></strong></span> <span class='ocrx_word' id='word_1_463' title='bbox 1134 4088 1220 4152; x_wconf 89' lang='lat' dir='ltr'><strong><em>inter</em></strong></span> <span class='ocrx_word' id='word_1_464' title='bbox 1232 4107 1267 4151; x_wconf 87' lang='lat' dir='ltr'><strong><em>se</em></strong></span> <span class='ocrx_word' id='word_1_465' title='bbox 1284 4089 1456 4152; x_wconf 88' lang='lat' dir='ltr'><strong><em>contendit</em></strong></span> <span class='ocrx_word' id='word_1_466' title='bbox 1470 4091 1669 4154; x_wconf 85' lang='lat' dir='ltr'><strong><em>Gronovius.</em></strong></span> <span class='ocrx_word' id='word_1_467' title='bbox 1687 4095 1809 4155; x_wconf 92' lang='lat' dir='ltr'><strong><em>Verum</em></strong></span> <span class='ocrx_word' id='word_1_468' title='bbox 1825 4092 1881 4156; x_wconf 90' lang='lat' dir='ltr'><strong><em>fa-</em></strong></span> 
     </span>
     <span class='ocr_line' id='line_1_40' title="bbox 131 4186 1876 4273; baseline -0.001 -17"><span class='ocrx_word' id='word_1_469' title='bbox 131 4192 196 4257; x_wconf 91' lang='lat' dir='ltr'><strong><em>cile</em></strong></span> <span class='ocrx_word' id='word_1_470' title='bbox 210 4189 426 4273; x_wconf 86' lang='lat' dir='ltr'><strong><em>respondetur</em></strong></span> <span class='ocrx_word' id='word_1_471' title='bbox 441 4187 520 4250; x_wconf 93' lang='lat' dir='ltr'><strong><em>huic</em></strong></span> <span class='ocrx_word' id='word_1_472' title='bbox 535 4192 735 4266; x_wconf 76' lang='lat' dir='ltr'><strong><em>argumento</em></strong></span> <span class='ocrx_word' id='word_1_473' title='bbox 748 4186 1029 4265; x_wconf 90' lang='lat' dir='ltr'><strong><em>comparationem</em></strong></span> <span class='ocrx_word' id='word_1_474' title='bbox 1045 4186 1232 4250; x_wconf 84' lang='lat' dir='ltr'><strong><em>istiusmodi</em></strong></span> <span class='ocrx_word' id='word_1_475' title='bbox 1248 4187 1403 4251; x_wconf 86' lang='lat' dir='ltr'><strong><em>fallacem</em></strong></span> <span class='ocrx_word' id='word_1_476' title='bbox 1422 4205 1514 4267; x_wconf 81' lang='lat' dir='ltr'><strong><em>esse3</em></strong></span> <span class='ocrx_word' id='word_1_477' title='bbox 1534 4206 1609 4251; x_wconf 93' lang='lat' dir='ltr'><strong><em>cum</em></strong></span> <span class='ocrx_word' id='word_1_478' title='bbox 1625 4207 1666 4251; x_wconf 82' lang='lat' dir='ltr'><strong><em>ex</em></strong></span> <span class='ocrx_word' id='word_1_479' title='bbox 1682 4191 1876 4255; x_wconf 91' lang='lat' dir='ltr'><strong><em>auctoribus</em></strong></span> 
     </span>
    </p>
   </div>
   <div class='ocr_carea' id='block_1_7' title="bbox 1 4284 1879 4379">
    <p class='ocr_par' dir='ltr' id='par_1_10' title="bbox 1 4284 1879 4379">
     <span class='ocr_line' id='line_1_41' title="bbox 1 4284 1879 4379; baseline -0.002 -23"><span class='ocrx_word' id='word_1_480' title='bbox 1 4324 6 4379; x_wconf 67' lang='grc' dir='ltr'>Ι</span> <span class='ocrx_word' id='word_1_481' title='bbox 132 4288 370 4355; x_wconf 83' lang='lat' dir='ltr'><strong><em>diversissimis</em></strong></span> <span class='ocrx_word' id='word_1_482' title='bbox 384 4285 540 4367; x_wconf 89' lang='lat' dir='ltr'><strong><em>loquendi</em></strong></span> <span class='ocrx_word' id='word_1_483' title='bbox 555 4285 715 4348; x_wconf 86' lang='lat' dir='ltr'><strong><em>formulas</em></strong></span> <span class='ocrx_word' id='word_1_484' title='bbox 732 4285 819 4347; x_wconf 91' lang='lat' dir='ltr'><strong><em>inter</em></strong></span> <span class='ocrx_word' id='word_1_485' title='bbox 836 4300 871 4347; x_wconf 92' lang='lat' dir='ltr'><strong><em>se</em></strong></span> <span class='ocrx_word' id='word_1_486' title='bbox 887 4285 1003 4348; x_wconf 83' lang='lat' dir='ltr'><strong><em>affines</em></strong></span> <span class='ocrx_word' id='word_1_487' title='bbox 1018 4284 1097 4349; x_wconf 90' lang='lat' dir='ltr'><strong><em>hinc</em></strong></span> <span class='ocrx_word' id='word_1_488' title='bbox 1113 4286 1189 4348; x_wconf 90' lang='lat' dir='ltr'><strong><em>inde</em></strong></span> <span class='ocrx_word' id='word_1_489' title='bbox 1205 4303 1350 4350; x_wconf 89' lang='lat' dir='ltr'><strong><em>resecare</em></strong></span> <span class='ocrx_word' id='word_1_490' title='bbox 1361 4290 1394 4350; x_wconf 86' lang='lat' dir='ltr'><strong><em>et</em></strong></span> <span class='ocrx_word' id='word_1_491' title='bbox 1407 4303 1599 4366; x_wconf 90' lang='lat' dir='ltr'><strong><em>componere</em></strong></span> <span class='ocrx_word' id='word_1_492' title='bbox 1613 4287 1719 4350; x_wconf 85' lang='lat' dir='ltr'><strong><em>cuivis</em></strong></span> <span class='ocrx_word' id='word_1_493' title='bbox 1739 4307 1879 4372; x_wconf 91' lang='lat' dir='ltr'><strong><em>promp-</em></strong></span> 
     </span>
    </p>
   </div>
   <div class='ocr_carea' id='block_1_8' title="bbox 131 4382 1877 4463">
    <p class='ocr_par' dir='ltr' id='par_1_11' title="bbox 131 4382 1877 4463">
     <span class='ocr_line' id='line_1_42' title="bbox 131 4382 1877 4463; baseline -0.002 -9"><span class='ocrx_word' id='word_1_494' title='bbox 131 4392 207 4454; x_wconf 91' lang='lat' dir='ltr'><strong><em>tum</em></strong></span> <span class='ocrx_word' id='word_1_495' title='bbox 221 4388 275 4451; x_wconf 92' lang='lat' dir='ltr'><strong><em>sit.</em></strong></span> <span class='ocrx_word' id='word_1_496' title='bbox 301 4386 389 4452; x_wconf 84' lang='lat' dir='ltr'><strong><em>Solvi</em></strong></span> <span class='ocrx_word' id='word_1_497' title='bbox 413 4387 525 4448; x_wconf 88' lang='lat' dir='ltr'><strong><em>autem</em></strong></span> <span class='ocrx_word' id='word_1_498' title='bbox 548 4383 638 4446; x_wconf 90' lang='lat' dir='ltr'><strong><em>haud</em></strong></span> <span class='ocrx_word' id='word_1_499' title='bbox 660 4400 749 4462; x_wconf 77' lang='lat' dir='ltr'><strong><em>tegre</em></strong></span> <span class='ocrx_word' id='word_1_500' title='bbox 769 4385 877 4462; x_wconf 88' lang='lat' dir='ltr'><strong><em>potest</em></strong></span> <span class='ocrx_word' id='word_1_501' title='bbox 896 4382 1077 4446; x_wconf 88' lang='lat' dir='ltr'><strong><em>auctoritas</em></strong></span> <span class='ocrx_word' id='word_1_502' title='bbox 1103 4384 1311 4463; x_wconf 81' lang='lat' dir='ltr'><strong><em>Cassiodori3</em></strong></span> <span class='ocrx_word' id='word_1_503' title='bbox 1336 4388 1395 4448; x_wconf 88' lang='lat' dir='ltr'><strong><em>aut</em></strong></span> <span class='ocrx_word' id='word_1_504' title='bbox 1418 4386 1509 4448; x_wconf 91' lang='lat' dir='ltr'><strong><em>enim</em></strong></span> <span class='ocrx_word' id='word_1_505' title='bbox 1531 4386 1588 4449; x_wconf 88' lang='lat' dir='ltr'><strong><em>ille</em></strong></span> <span class='ocrx_word' id='word_1_506' title='bbox 1602 4387 1689 4450; x_wconf 90' lang='lat' dir='ltr'><strong><em>hauc</em></strong></span> <span class='ocrx_word' id='word_1_507' title='bbox 1702 4387 1877 4451; x_wconf 88' lang='lat' dir='ltr'><strong><em>historiam</em></strong></span> 
     </span>
    </p>
   </div>
   <div class='ocr_carea' id='block_1_9' title="bbox 5 4480 1877 4566">
    <p class='ocr_par' dir='ltr' id='par_1_12' title="bbox 5 4480 1877 4566">
     <span class='ocr_line' id='line_1_43' title="bbox 5 4480 1877 4566; baseline -0.001 -15"><span class='ocrx_word' id='word_1_508' title='bbox 5 4532 8 4537; x_wconf 91' lang='lat'>-</span> <span class='ocrx_word' id='word_1_509' title='bbox 132 4506 201 4551; x_wconf 89' lang='lat' dir='ltr'><strong><em>non</em></strong></span> <span class='ocrx_word' id='word_1_510' title='bbox 216 4486 387 4564; x_wconf 88' lang='lat' dir='ltr'><strong><em>indicavit,</em></strong></span> <span class='ocrx_word' id='word_1_511' title='bbox 403 4484 525 4566; x_wconf 89' lang='lat' dir='ltr'><strong><em>quippe</em></strong></span> <span class='ocrx_word' id='word_1_512' title='bbox 541 4500 615 4563; x_wconf 83' lang='lat' dir='ltr'><strong><em>quae</em></strong></span> <span class='ocrx_word' id='word_1_513' title='bbox 631 4499 697 4544; x_wconf 90' lang='lat' dir='ltr'><strong><em>nou</em></strong></span> <span class='ocrx_word' id='word_1_514' title='bbox 712 4484 837 4562; x_wconf 90' lang='lat' dir='ltr'><strong><em>septem</em></strong></span> <span class='ocrx_word' id='word_1_515' title='bbox 851 4480 946 4544; x_wconf 90' lang='lat' dir='ltr'><strong><em>libris</em></strong></span> <span class='ocrx_word' id='word_1_516' title='bbox 960 4484 1096 4563; x_wconf 79' lang='lat' dir='ltr'><strong><em>constet,</em></strong></span> <span class='ocrx_word' id='word_1_517' title='bbox 1114 4482 1170 4545; x_wconf 89' lang='lat' dir='ltr'><strong><em>scd</em></strong></span> <span class='ocrx_word' id='word_1_518' title='bbox 1190 4485 1325 4544; x_wconf 89' lang='lat' dir='ltr'><strong><em>tantum</em></strong></span> <span class='ocrx_word' id='word_1_519' title='bbox 1346 4483 1513 4564; x_wconf 86' lang='lat' dir='ltr'><strong><em>quinque3</em></strong></span> <span class='ocrx_word' id='word_1_520' title='bbox 1539 4502 1599 4546; x_wconf 86' lang='lat' dir='ltr'><strong><em>uec</em></strong></span> <span class='ocrx_word' id='word_1_521' title='bbox 1621 4487 1692 4547; x_wconf 89' lang='lat' dir='ltr'><strong><em>tam</em></strong></span> <span class='ocrx_word' id='word_1_522' title='bbox 1715 4485 1877 4549; x_wconf 88' lang='lat' dir='ltr'><strong><em>librorum</em></strong></span> 
     </span>
    </p>
   </div>
   <div class='ocr_carea' id='block_1_10' title="bbox 130 4579 1878 4760">
    <p class='ocr_par' dir='ltr' id='par_1_13' title="bbox 130 4579 1878 4760">
     <span class='ocr_line' id='line_1_44' title="bbox 132 4579 1875 4666; baseline -0.001 -20"><span class='ocrx_word' id='word_1_523' title='bbox 132 4582 268 4666; x_wconf 84' lang='lat' dir='ltr'><strong><em>losephi</em></strong></span> <span class='ocrx_word' id='word_1_524' title='bbox 281 4585 325 4646; x_wconf 93' lang='lat' dir='ltr'><strong><em>sit</em></strong></span> <span class='ocrx_word' id='word_1_525' title='bbox 336 4583 479 4662; x_wconf 76' lang='lat' dir='ltr'><strong><em>tralatio,</em></strong></span> <span class='ocrx_word' id='word_1_526' title='bbox 502 4598 605 4664; x_wconf 90' lang='lat' dir='ltr'><strong><em>quam</em></strong></span> <span class='ocrx_word' id='word_1_527' title='bbox 625 4579 866 4660; x_wconf 88' lang='lat' dir='ltr'><strong><em>compendium,</em></strong></span> <span class='ocrx_word' id='word_1_528' title='bbox 890 4596 976 4661; x_wconf 75' lang='lat' dir='ltr'><strong><em>serpe</em></strong></span> <span class='ocrx_word' id='word_1_529' title='bbox 997 4580 1100 4642; x_wconf 86' lang='lat' dir='ltr'><strong><em>etiam</em></strong></span> <span class='ocrx_word' id='word_1_530' title='bbox 1120 4581 1256 4642; x_wconf 88' lang='lat' dir='ltr'><strong><em>aliunde</em></strong></span> <span class='ocrx_word' id='word_1_531' title='bbox 1276 4580 1389 4659; x_wconf 90' lang='lat' dir='ltr'><strong><em>petitis</em></strong></span> <span class='ocrx_word' id='word_1_532' title='bbox 1413 4581 1663 4644; x_wconf 87' lang='lat' dir='ltr'><strong><em>narrationibus</em></strong></span> <span class='ocrx_word' id='word_1_533' title='bbox 1687 4582 1875 4664; x_wconf 89' lang='lat' dir='ltr'><strong><em>interpola-</em></strong></span> 
     </span>
     <span class='ocr_line' id='line_1_45' title="bbox 130 4676 1878 4760; baseline -0.001 -15"><span class='ocrx_word' id='word_1_534' title='bbox 130 4684 207 4746; x_wconf 88' lang='lat' dir='ltr'><strong><em>tum</em></strong></span> <span class='ocrx_word' id='word_1_535' title='bbox 222 4703 229 4743; x_wconf 91' lang='lat'>:</span> <span class='ocrx_word' id='word_1_536' title='bbox 247 4685 306 4743; x_wconf 89' lang='lat' dir='ltr'><strong><em>aut</em></strong></span> <span class='ocrx_word' id='word_1_537' title='bbox 318 4682 346 4743; x_wconf 89' lang='lat' dir='ltr'><strong><em>si</em></strong></span> <span class='ocrx_word' id='word_1_538' title='bbox 361 4681 507 4743; x_wconf 81' lang='lat' dir='ltr'><strong><em>maxime</em></strong></span> <span class='ocrx_word' id='word_1_539' title='bbox 519 4681 607 4742; x_wconf 92' lang='lat' dir='ltr'><strong><em>hanc</em></strong></span> <span class='ocrx_word' id='word_1_540' title='bbox 621 4678 730 4760; x_wconf 90' lang='lat' dir='ltr'><strong><em>ipsam</em></strong></span> <span class='ocrx_word' id='word_1_541' title='bbox 744 4676 947 4756; x_wconf 80' lang='lat' dir='ltr'><strong><em>designarit,</em></strong></span> <span class='ocrx_word' id='word_1_542' title='bbox 965 4677 1112 4758; x_wconf 88' lang='lat' dir='ltr'><strong><em>quotidie</em></strong></span> <span class='ocrx_word' id='word_1_543' title='bbox 1126 4677 1197 4741; x_wconf 87' lang='lat' dir='ltr'><strong><em>fieri</em></strong></span> <span class='ocrx_word' id='word_1_544' title='bbox 1212 4695 1311 4742; x_wconf 90' lang='lat' dir='ltr'><strong><em>nemo</em></strong></span> <span class='ocrx_word' id='word_1_545' title='bbox 1325 4678 1474 4759; x_wconf 79' lang='lat' dir='ltr'><strong><em>negabit,</em></strong></span> <span class='ocrx_word' id='word_1_546' title='bbox 1497 4682 1543 4760; x_wconf 90' lang='lat' dir='ltr'><strong><em>ut,</em></strong></span> <span class='ocrx_word' id='word_1_547' title='bbox 1570 4681 1742 4759; x_wconf 73' lang='lat' dir='ltr'><strong><em>incognito</em></strong></span> <span class='ocrx_word' id='word_1_548' title='bbox 1766 4681 1878 4744; x_wconf 90' lang='lat' dir='ltr'><strong><em>alicu-</em></strong></span> 
     </span>
    </p>
   </div>
   <div class='ocr_carea' id='block_1_11' title="bbox 2 4776 1876 4863">
    <p class='ocr_par' dir='ltr' id='par_1_14' title="bbox 2 4776 1876 4863">
     <span class='ocr_line' id='line_1_46' title="bbox 2 4776 1876 4863; baseline -0.003 -18"><span class='ocrx_word' id='word_1_549' title='bbox 2 4830 4 4835; x_wconf 86' lang='lat'><strong><em>.</em></strong></span> <span class='ocrx_word' id='word_1_550' title='bbox 127 4780 186 4863; x_wconf 86' lang='lat' dir='ltr'><strong><em>jus</em></strong></span> <span class='ocrx_word' id='word_1_551' title='bbox 199 4779 248 4843; x_wconf 88' lang='lat' dir='ltr'><strong><em>rei</em></strong></span> <span class='ocrx_word' id='word_1_552' title='bbox 261 4784 392 4841; x_wconf 88' lang='lat' dir='ltr'><strong><em>auctore</em></strong></span> <span class='ocrx_word' id='word_1_553' title='bbox 407 4795 483 4841; x_wconf 80' lang='lat' dir='ltr'><strong><em>vero</em></strong></span> <span class='ocrx_word' id='word_1_554' title='bbox 498 4777 604 4841; x_wconf 86' lang='lat' dir='ltr'><strong><em>eidem</em></strong></span> <span class='ocrx_word' id='word_1_555' title='bbox 620 4778 733 4856; x_wconf 84' lang='lat' dir='ltr'><strong><em>plures</em></strong></span> <span class='ocrx_word' id='word_1_556' title='bbox 745 4776 841 4855; x_wconf 73' lang='lat' dir='ltr'><strong><em>vulgi</em></strong></span> <span class='ocrx_word' id='word_1_557' title='bbox 857 4776 1012 4857; x_wconf 89' lang='lat' dir='ltr'><strong><em>opinione</em></strong></span> <span class='ocrx_word' id='word_1_558' title='bbox 1027 4776 1277 4839; x_wconf 85' lang='lat' dir='ltr'><strong><em>substituantur</em></strong></span> <span class='ocrx_word' id='word_1_559' title='bbox 1298 4792 1340 4839; x_wconf 80' lang='lat' dir='ltr'><strong><em>ex</em></strong></span> <span class='ocrx_word' id='word_1_560' title='bbox 1361 4795 1455 4858; x_wconf 79' lang='lat' dir='ltr'><strong><em>raquo</em></strong></span> <span class='ocrx_word' id='word_1_561' title='bbox 1475 4777 1563 4840; x_wconf 85' lang='lat' dir='ltr'><strong><em>falsi.</em></strong></span> <span class='ocrx_word' id='word_1_562' title='bbox 1581 4778 1746 4842; x_wconf 78' lang='lat' dir='ltr'><strong><em>Credibile</em></strong></span> <span class='ocrx_word' id='word_1_563' title='bbox 1762 4784 1876 4842; x_wconf 89' lang='lat' dir='ltr'><strong><em>autem</em></strong></span> 
     </span>
    </p>
   </div>
   <div class='ocr_carea' id='block_1_12' title="bbox 1 4874 1876 5075">
    <p class='ocr_par' dir='ltr' id='par_1_15' title="bbox 1 4874 1876 5075">
     <span class='ocr_line' id='line_1_47' title="bbox 1 4874 1872 4977; baseline -0.002 -34"><span class='ocrx_word' id='word_1_564' title='bbox 1 4932 5 4977; x_wconf 49' lang='grc' dir='ltr'><strong><em>,Ι</em></strong></span> <span class='ocrx_word' id='word_1_565' title='bbox 131 4880 183 4943; x_wconf 89' lang='lat' dir='ltr'><strong><em>est</em></strong></span> <span class='ocrx_word' id='word_1_566' title='bbox 200 4896 242 4941; x_wconf 84' lang='lat' dir='ltr'><strong><em>ex</em></strong></span> <span class='ocrx_word' id='word_1_567' title='bbox 261 4877 377 4940; x_wconf 85' lang='lat' dir='ltr'><strong><em>cadem</em></strong></span> <span class='ocrx_word' id='word_1_568' title='bbox 399 4877 458 4938; x_wconf 89' lang='lat' dir='ltr'><strong><em>illa</em></strong></span> <span class='ocrx_word' id='word_1_569' title='bbox 481 4875 573 4937; x_wconf 87' lang='lat' dir='ltr'><strong><em>lama</em></strong></span> <span class='ocrx_word' id='word_1_570' title='bbox 595 4874 730 4953; x_wconf 81' lang='lat' dir='ltr'><strong><em>vulgari</em></strong></span> <span class='ocrx_word' id='word_1_571' title='bbox 754 4875 797 4937; x_wconf 85' lang='lat' dir='ltr'><strong><em>ab</em></strong></span> <span class='ocrx_word' id='word_1_572' title='bbox 820 4875 983 4938; x_wconf 87' lang='lat' dir='ltr'><strong><em>audaculo</em></strong></span> <span class='ocrx_word' id='word_1_573' title='bbox 1007 4874 1119 4955; x_wconf 90' lang='lat' dir='ltr'><strong><em>aliquo</em></strong></span> <span class='ocrx_word' id='word_1_574' title='bbox 1138 4874 1343 4955; x_wconf 86' lang='lat' dir='ltr'><strong><em>quibusdam</em></strong></span> <span class='ocrx_word' id='word_1_575' title='bbox 1366 4875 1535 4938; x_wconf 91' lang='lat' dir='ltr'><strong><em>codicibus</em></strong></span> <span class='ocrx_word' id='word_1_576' title='bbox 1557 4877 1722 4939; x_wconf 86' lang='lat' dir='ltr'><strong><em>Ambrosii</em></strong></span> <span class='ocrx_word' id='word_1_577' title='bbox 1746 4894 1872 4940; x_wconf 91' lang='lat' dir='ltr'><strong><em>nomen</em></strong></span> 
     </span>
     <span class='ocr_line' id='line_1_48' title="bbox 1 4972 1876 5075; baseline -0.002 -34"><span class='ocrx_word' id='word_1_578' title='bbox 1 5044 5 5075; x_wconf 42' lang='grc' dir='ltr'>Ι</span> <span class='ocrx_word' id='word_1_579' title='bbox 129 4976 236 5042; x_wconf 84' lang='lat' dir='ltr'><strong><em>tuisse</em></strong></span> <span class='ocrx_word' id='word_1_580' title='bbox 249 4975 449 5054; x_wconf 80' lang='lat' dir='ltr'><strong><em>ascriptum3</em></strong></span> <span class='ocrx_word' id='word_1_581' title='bbox 466 4972 556 5035; x_wconf 73' lang='lat' dir='ltr'><strong><em>uuile</em></strong></span> <span class='ocrx_word' id='word_1_582' title='bbox 570 4976 686 5054; x_wconf 86' lang='lat' dir='ltr'><strong><em>pastea</em></strong></span> <span class='ocrx_word' id='word_1_583' title='bbox 704 4974 815 5051; x_wconf 73' lang='lat' dir='ltr'><strong><em>arogis</em></strong></span> <span class='ocrx_word' id='word_1_584' title='bbox 829 4974 885 5036; x_wconf 92' lang='lat' dir='ltr'><strong><em>hic</em></strong></span> <span class='ocrx_word' id='word_1_585' title='bbox 898 4990 988 5037; x_wconf 89' lang='lat' dir='ltr'><strong><em>error</em></strong></span> <span class='ocrx_word' id='word_1_586' title='bbox 1001 4972 1102 5037; x_wconf 86' lang='lat' dir='ltr'><strong><em>fuerit</em></strong></span> <span class='ocrx_word' id='word_1_587' title='bbox 1122 4976 1340 5052; x_wconf 78' lang='lat' dir='ltr'><strong><em>propagatus.</em></strong></span> <span class='ocrx_word' id='word_1_588' title='bbox 1361 4975 1453 5037; x_wconf 84' lang='lat' dir='ltr'><strong><em>Certe</em></strong></span> <span class='ocrx_word' id='word_1_589' title='bbox 1477 4975 1613 5055; x_wconf 88' lang='lat' dir='ltr'><strong><em>quidem</em></strong></span> <span class='ocrx_word' id='word_1_590' title='bbox 1633 4975 1669 5037; x_wconf 90' lang='lat' dir='ltr'><strong><em>in</em></strong></span> <span class='ocrx_word' id='word_1_591' title='bbox 1691 4975 1753 5037; x_wconf 93' lang='lat' dir='ltr'><strong><em>hoc</em></strong></span> <span class='ocrx_word' id='word_1_592' title='bbox 1777 4991 1876 5056; x_wconf 87' lang='lat' dir='ltr'><strong><em>opere</em></strong></span> 
     </span>
    </p>
   </div>
   <div class='ocr_carea' id='block_1_13' title="bbox 1 5070 1877 5256">
    <p class='ocr_par' dir='ltr' id='par_1_16' title="bbox 1 5070 1877 5256">
     <span class='ocr_line' id='line_1_49' title="bbox 1 5070 1877 5154; baseline -0.003 -13"><span class='ocrx_word' id='word_1_593' title='bbox 1 5080 6 5129; x_wconf 76' lang='lat' dir='ltr'><strong><em>i</em></strong></span> <span class='ocrx_word' id='word_1_594' title='bbox 131 5075 218 5141; x_wconf 90' lang='lat' dir='ltr'><strong><em>nihil</em></strong></span> <span class='ocrx_word' id='word_1_595' title='bbox 233 5075 321 5138; x_wconf 82' lang='lat' dir='ltr'><strong><em>inest</em></strong></span> <span class='ocrx_word' id='word_1_596' title='bbox 333 5071 555 5150; x_wconf 84' lang='lat' dir='ltr'><strong><em>Ambrosiani,</em></strong></span> <span class='ocrx_word' id='word_1_597' title='bbox 577 5086 685 5150; x_wconf 88' lang='lat' dir='ltr'><strong><em>neque</em></strong></span> <span class='ocrx_word' id='word_1_598' title='bbox 698 5071 789 5151; x_wconf 76' lang='lat' dir='ltr'><strong><em>styli,</em></strong></span> <span class='ocrx_word' id='word_1_599' title='bbox 808 5089 915 5152; x_wconf 88' lang='lat' dir='ltr'><strong><em>neque</em></strong></span> <span class='ocrx_word' id='word_1_600' title='bbox 926 5070 1057 5151; x_wconf 87' lang='lat' dir='ltr'><strong><em>judicii.</em></strong></span> <span class='ocrx_word' id='word_1_601' title='bbox 1074 5070 1136 5133; x_wconf 88' lang='lat' dir='ltr'><strong><em>Sed</em></strong></span> <span class='ocrx_word' id='word_1_602' title='bbox 1151 5087 1211 5133; x_wconf 89' lang='lat' dir='ltr'><strong><em>nec</em></strong></span> <span class='ocrx_word' id='word_1_603' title='bbox 1226 5070 1323 5133; x_wconf 81' lang='lat' dir='ltr'><strong><em>facile</em></strong></span> <span class='ocrx_word' id='word_1_604' title='bbox 1345 5071 1475 5134; x_wconf 87' lang='lat' dir='ltr'><strong><em>anobis</em></strong></span> <span class='ocrx_word' id='word_1_605' title='bbox 1495 5075 1675 5154; x_wconf 87' lang='lat' dir='ltr'><strong><em>quisquam</em></strong></span> <span class='ocrx_word' id='word_1_606' title='bbox 1690 5075 1877 5153; x_wconf 80' lang='lat' dir='ltr'><strong><em>extorque-</em></strong></span> 
     </span>
     <span class='ocr_line' id='line_1_50' title="bbox 1 5168 1875 5256; baseline -0.004 -16"><span class='ocrx_word' id='word_1_607' title='bbox 1 5170 5 5207; x_wconf 94' lang='lat'><strong><em>·&#39;</em></strong></span> <span class='ocrx_word' id='word_1_608' title='bbox 128 5172 191 5256; x_wconf 87' lang='lat' dir='ltr'><strong><em>bit,</em></strong></span> <span class='ocrx_word' id='word_1_609' title='bbox 208 5176 246 5237; x_wconf 92' lang='lat' dir='ltr'><strong><em>ut</em></strong></span> <span class='ocrx_word' id='word_1_610' title='bbox 261 5190 281 5235; x_wconf 89' lang='lat' dir='ltr'><strong><em>a</em></strong></span> <span class='ocrx_word' id='word_1_611' title='bbox 296 5170 394 5234; x_wconf 88' lang='lat' dir='ltr'><strong><em>rebus</em></strong></span> <span class='ocrx_word' id='word_1_612' title='bbox 413 5170 508 5232; x_wconf 85' lang='lat' dir='ltr'><strong><em>seriis</em></strong></span> <span class='ocrx_word' id='word_1_613' title='bbox 532 5168 706 5231; x_wconf 79' lang='lat' dir='ltr'><strong><em>crerlomus</em></strong></span> <span class='ocrx_word' id='word_1_614' title='bbox 724 5168 896 5232; x_wconf 83' lang='lat' dir='ltr'><strong><em>Ambrosio</em></strong></span> <span class='ocrx_word' id='word_1_615' title='bbox 916 5173 1050 5232; x_wconf 87' lang='lat' dir='ltr'><strong><em>tantum</em></strong></span> <span class='ocrx_word' id='word_1_616' title='bbox 1075 5185 1222 5247; x_wconf 81' lang='lat' dir='ltr'><strong><em>vacasse,</em></strong></span> <span class='ocrx_word' id='word_1_617' title='bbox 1252 5172 1416 5248; x_wconf 88' lang='lat' dir='ltr'><strong><em>quantum</em></strong></span> <span class='ocrx_word' id='word_1_618' title='bbox 1440 5185 1572 5232; x_wconf 83' lang='lat' dir='ltr'><strong><em>necesse</em></strong></span> <span class='ocrx_word' id='word_1_619' title='bbox 1593 5174 1665 5232; x_wconf 87' lang='lat' dir='ltr'><strong><em>erat</em></strong></span> <span class='ocrx_word' id='word_1_620' title='bbox 1689 5169 1875 5233; x_wconf 89' lang='lat' dir='ltr'><strong><em>scribendis</em></strong></span> 
     </span>
    </p>
   </div>
   <div class='ocr_carea' id='block_1_14' title="bbox 129 5264 1877 5544">
    <p class='ocr_par' dir='ltr' id='par_1_17' title="bbox 129 5264 1877 5544">
     <span class='ocr_line' id='line_1_51' title="bbox 129 5264 1875 5350; baseline -0.005 -13"><span class='ocrx_word' id='word_1_621' title='bbox 129 5290 198 5337; x_wconf 88' lang='lat' dir='ltr'><strong><em>non</em></strong></span> <span class='ocrx_word' id='word_1_622' title='bbox 214 5271 309 5345; x_wconf 86' lang='lat' dir='ltr'><strong><em>modo</em></strong></span> <span class='ocrx_word' id='word_1_623' title='bbox 323 5269 377 5331; x_wconf 87' lang='lat' dir='ltr'><strong><em>his</em></strong></span> <span class='ocrx_word' id='word_1_624' title='bbox 393 5268 541 5350; x_wconf 90' lang='lat' dir='ltr'><strong><em>quinque</em></strong></span> <span class='ocrx_word' id='word_1_625' title='bbox 555 5264 661 5343; x_wconf 88' lang='lat' dir='ltr'><strong><em>libris,</em></strong></span> <span class='ocrx_word' id='word_1_626' title='bbox 678 5265 850 5328; x_wconf 87' lang='lat' dir='ltr'><strong><em>sedetiam</em></strong></span> <span class='ocrx_word' id='word_1_627' title='bbox 866 5266 942 5328; x_wconf 90' lang='lat' dir='ltr'><strong><em>aliis</em></strong></span> <span class='ocrx_word' id='word_1_628' title='bbox 958 5269 1101 5346; x_wconf 89' lang='lat' dir='ltr'><strong><em>quatuor</em></strong></span> <span class='ocrx_word' id='word_1_629' title='bbox 1117 5282 1199 5345; x_wconf 82' lang='lat' dir='ltr'><strong><em>quos</em></strong></span> <span class='ocrx_word' id='word_1_630' title='bbox 1213 5282 1253 5327; x_wconf 80' lang='lat' dir='ltr'><strong><em>ex</em></strong></span> <span class='ocrx_word' id='word_1_631' title='bbox 1268 5266 1405 5328; x_wconf 87' lang='lat' dir='ltr'><strong><em>totidem</em></strong></span> <span class='ocrx_word' id='word_1_632' title='bbox 1416 5269 1545 5344; x_wconf 76' lang='lat' dir='ltr'><strong><em>Regum</em></strong></span> <span class='ocrx_word' id='word_1_633' title='bbox 1556 5265 1616 5328; x_wconf 88' lang='lat' dir='ltr'><strong><em>abs</em></strong></span> <span class='ocrx_word' id='word_1_634' title='bbox 1626 5284 1660 5330; x_wconf 90' lang='lat' dir='ltr'><strong><em>se</em></strong></span> <span class='ocrx_word' id='word_1_635' title='bbox 1676 5267 1875 5349; x_wconf 83' lang='lat' dir='ltr'><strong><em>corapositos</em></strong></span> 
     </span>
     <span class='ocr_line' id='line_1_52' title="bbox 129 5363 1877 5446; baseline -0.005 -10"><span class='ocrx_word' id='word_1_636' title='bbox 129 5374 246 5436; x_wconf 85' lang='lat' dir='ltr'><strong><em>auctor</em></strong></span> <span class='ocrx_word' id='word_1_637' title='bbox 266 5371 435 5431; x_wconf 86' lang='lat' dir='ltr'><strong><em>memorat.</em></strong></span> <span class='ocrx_word' id='word_1_638' title='bbox 458 5366 504 5428; x_wconf 91' lang='lat' dir='ltr'><strong><em>De</em></strong></span> <span class='ocrx_word' id='word_1_639' title='bbox 523 5363 684 5426; x_wconf 84' lang='lat' dir='ltr'><strong><em>vocabulo</em></strong></span> <span class='ocrx_word' id='word_1_640' title='bbox 703 5365 815 5425; x_wconf 88' lang='lat' dir='ltr'><strong><em>autem</em></strong></span> <span class='ocrx_word' id='word_1_641' title='bbox 831 5363 1014 5444; x_wconf 76' lang='lat' dir='ltr'><strong><em>Hepesippi</em></strong></span> <span class='ocrx_word' id='word_1_642' title='bbox 1028 5364 1077 5426; x_wconf 92' lang='lat' dir='ltr'><strong><em>ita</em></strong></span> <span class='ocrx_word' id='word_1_643' title='bbox 1091 5363 1264 5444; x_wconf 82' lang='lat' dir='ltr'><strong><em>sentimus,</em></strong></span> <span class='ocrx_word' id='word_1_644' title='bbox 1284 5364 1315 5426; x_wconf 93' lang='lat' dir='ltr'><strong><em>id</em></strong></span> <span class='ocrx_word' id='word_1_645' title='bbox 1331 5366 1457 5426; x_wconf 87' lang='lat' dir='ltr'><strong><em>tactum</em></strong></span> <span class='ocrx_word' id='word_1_646' title='bbox 1471 5380 1541 5426; x_wconf 83' lang='lat' dir='ltr'><strong><em>esse</em></strong></span> <span class='ocrx_word' id='word_1_647' title='bbox 1554 5374 1626 5446; x_wconf 69' lang='lat' dir='ltr'><strong><em>nepe</em></strong></span> <span class='ocrx_word' id='word_1_648' title='bbox 1637 5379 1681 5426; x_wconf 70' lang='grc' dir='ltr'><strong><em>τοῦ</em></strong></span> <span class='ocrx_word' id='word_1_649' title='bbox 1694 5374 1822 5435; x_wconf 69' lang='lat' dir='ltr'><strong><em>hoo-ma,</em></strong></span> <span class='ocrx_word' id='word_1_650' title='bbox 1840 5369 1877 5428; x_wconf 86' lang='lat' dir='ltr'><strong><em>at</em></strong></span> 
     </span>
     <span class='ocr_line' id='line_1_53' title="bbox 129 5460 1876 5544; baseline -0.002 -13"><span class='ocrx_word' id='word_1_651' title='bbox 129 5469 293 5544; x_wconf 86' lang='lat' dir='ltr'><strong><em>librarios,</em></strong></span> <span class='ocrx_word' id='word_1_652' title='bbox 310 5466 380 5528; x_wconf 91' lang='lat' dir='ltr'><strong><em>loco</em></strong></span> <span class='ocrx_word' id='word_1_653' title='bbox 396 5462 505 5544; x_wconf 87' lang='lat' dir='ltr'><strong><em>Josepi</em></strong></span> <span class='ocrx_word' id='word_1_654' title='bbox 525 5463 596 5524; x_wconf 90' lang='lat' dir='ltr'><strong><em>sive</em></strong></span> <span class='ocrx_word' id='word_1_655' title='bbox 616 5460 725 5543; x_wconf 89' lang='lat' dir='ltr'><strong><em>Iosipi,</em></strong></span> <span class='ocrx_word' id='word_1_656' title='bbox 743 5460 805 5523; x_wconf 93' lang='lat' dir='ltr'><strong><em>sub</em></strong></span> <span class='ocrx_word' id='word_1_657' title='bbox 826 5478 891 5542; x_wconf 91' lang='lat' dir='ltr'><strong><em>quo</em></strong></span> <span class='ocrx_word' id='word_1_658' title='bbox 910 5461 1012 5525; x_wconf 86' lang='lat' dir='ltr'><strong><em>latere</em></strong></span> <span class='ocrx_word' id='word_1_659' title='bbox 1027 5465 1142 5526; x_wconf 89' lang='lat' dir='ltr'><strong><em>auctor</em></strong></span> <span class='ocrx_word' id='word_1_660' title='bbox 1157 5462 1274 5542; x_wconf 73' lang='lat' dir='ltr'><strong><em>voluit,</em></strong></span> <span class='ocrx_word' id='word_1_661' title='bbox 1295 5466 1447 5542; x_wconf 89' lang='lat' dir='ltr'><strong><em>corrupte</em></strong></span> <span class='ocrx_word' id='word_1_662' title='bbox 1462 5464 1693 5544; x_wconf 75' lang='lat' dir='ltr'><strong><em>Hegesippum</em></strong></span> <span class='ocrx_word' id='word_1_663' title='bbox 1708 5482 1767 5527; x_wconf 89' lang='lat' dir='ltr'><strong><em>seu</em></strong></span> <span class='ocrx_word' id='word_1_664' title='bbox 1783 5465 1876 5544; x_wconf 78' lang='lat' dir='ltr'><strong><em>Ege-</em></strong></span> 
     </span>
    </p>
   </div>
   <div class='ocr_carea' id='block_1_15' title="bbox 127 5564 501 5648">
    <p class='ocr_par' dir='ltr' id='par_1_18' title="bbox 0 5548 501 5648">
     <span class='ocr_line' id='line_1_54' title="bbox 127 5564 501 5648; baseline -0.028 -15.549"><span class='ocrx_word' id='word_1_665' title='bbox 127 5568 262 5648; x_wconf 89' lang='lat' dir='ltr'><strong><em>sippum</em></strong></span> <span class='ocrx_word' id='word_1_666' title='bbox 277 5564 501 5647; x_wconf 82' lang='lat' dir='ltr'><strong><em>supposuisse.</em></strong></span> 
     </span>
    </p>
   </div>
   <div class='ocr_carea' id='block_1_16' title="bbox 124 5655 1875 5855">
    <p class='ocr_par' dir='ltr' id='par_1_19' title="bbox 124 5655 1875 5855">
     <span class='ocr_line' id='line_1_55' title="bbox 168 5655 1874 5741; baseline 0.001 -16"><span class='ocrx_word' id='word_1_667' title='bbox 168 5666 293 5727; x_wconf 87' lang='lat' dir='ltr'><strong><em>Verum</em></strong></span> <span class='ocrx_word' id='word_1_668' title='bbox 306 5668 346 5725; x_wconf 92' lang='lat' dir='ltr'><strong><em>ut</em></strong></span> <span class='ocrx_word' id='word_1_669' title='bbox 360 5659 439 5724; x_wconf 89' lang='lat' dir='ltr'><strong><em>huic</em></strong></span> <span class='ocrx_word' id='word_1_670' title='bbox 453 5656 540 5740; x_wconf 91' lang='lat' dir='ltr'><strong><em>parti</em></strong></span> <span class='ocrx_word' id='word_1_671' title='bbox 555 5655 692 5720; x_wconf 90' lang='lat' dir='ltr'><strong><em>modum</em></strong></span> <span class='ocrx_word' id='word_1_672' title='bbox 705 5671 885 5738; x_wconf 84' lang='lat' dir='ltr'><strong><em>ponamus,</em></strong></span> <span class='ocrx_word' id='word_1_673' title='bbox 911 5657 1096 5740; x_wconf 87' lang='lat' dir='ltr'><strong><em>optandum</em></strong></span> <span class='ocrx_word' id='word_1_674' title='bbox 1118 5662 1205 5726; x_wconf 91' lang='lat' dir='ltr'><strong><em>esset</em></strong></span> <span class='ocrx_word' id='word_1_675' title='bbox 1224 5662 1263 5725; x_wconf 92' lang='lat' dir='ltr'><strong><em>ut</em></strong></span> <span class='ocrx_word' id='word_1_676' title='bbox 1281 5677 1339 5741; x_wconf 89' lang='lat' dir='ltr'><strong><em>pro</em></strong></span> <span class='ocrx_word' id='word_1_677' title='bbox 1353 5660 1402 5731; x_wconf 85' lang='lat' dir='ltr'><strong><em>tot</em></strong></span> <span class='ocrx_word' id='word_1_678' title='bbox 1416 5659 1540 5725; x_wconf 89' lang='lat' dir='ltr'><strong><em>libellis</em></strong></span> <span class='ocrx_word' id='word_1_679' title='bbox 1554 5657 1721 5726; x_wconf 87' lang='lat' dir='ltr'><strong><em>Ambrosii</em></strong></span> <span class='ocrx_word' id='word_1_680' title='bbox 1736 5659 1874 5728; x_wconf 90' lang='lat' dir='ltr'><strong><em>nomine</em></strong></span> 
     </span>
     <span class='ocr_line' id='line_1_56' title="bbox 124 5754 1875 5855; baseline -0.001 -24"><span class='ocrx_word' id='word_1_681' title='bbox 124 5777 305 5855; x_wconf 68' lang='lat' dir='ltr'><strong><em>perperam</em></strong></span> <span class='ocrx_word' id='word_1_682' title='bbox 319 5757 491 5849; x_wconf 80' lang='lat' dir='ltr'><strong><em>inscriptis</em></strong></span> <span class='ocrx_word' id='word_1_683' title='bbox 503 5770 620 5849; x_wconf 82' lang='lat' dir='ltr'><strong><em>omnes</em></strong></span> <span class='ocrx_word' id='word_1_684' title='bbox 633 5754 803 5848; x_wconf 76' lang='lat' dir='ltr'><strong><em>legitimos</em></strong></span> <span class='ocrx_word' id='word_1_685' title='bbox 816 5755 909 5827; x_wconf 86' lang='lat' dir='ltr'><strong><em>illius</em></strong></span> <span class='ocrx_word' id='word_1_686' title='bbox 922 5755 1010 5827; x_wconf 87' lang='lat' dir='ltr'><strong><em>tetus</em></strong></span> <span class='ocrx_word' id='word_1_687' title='bbox 1024 5757 1142 5847; x_wconf 72' lang='lat' dir='ltr'><strong><em>maiori</em></strong></span> <span class='ocrx_word' id='word_1_688' title='bbox 1157 5757 1223 5829; x_wconf 85' lang='lat' dir='ltr'><strong><em>fide</em></strong></span> <span class='ocrx_word' id='word_1_689' title='bbox 1235 5758 1269 5827; x_wconf 89' lang='lat' dir='ltr'><strong><em>et</em></strong></span> <span class='ocrx_word' id='word_1_690' title='bbox 1281 5757 1459 5827; x_wconf 78' lang='lat' dir='ltr'><strong><em>redditore</em></strong></span> <span class='ocrx_word' id='word_1_691' title='bbox 1478 5759 1665 5851; x_wconf 87' lang='lat' dir='ltr'><strong><em>antiquitas</em></strong></span> <span class='ocrx_word' id='word_1_692' title='bbox 1684 5759 1780 5830; x_wconf 88' lang='lat' dir='ltr'><strong><em>uobis</em></strong></span> <span class='ocrx_word' id='word_1_693' title='bbox 1799 5776 1875 5833; x_wconf 87' lang='lat' dir='ltr'><strong><em>ser-</em></strong></span> 
     </span>
    </p>
   </div>
   <div class='ocr_carea' id='block_1_17' title="bbox 0 0 1954 6128">
    <p class='ocr_par' dir='ltr' id='par_1_20' title="bbox 0 0 1954 6128">
     <span class='ocr_line' id='line_1_57' title="bbox 0 0 1954 6128; baseline 0 7"><span class='ocrx_word' id='word_1_694' title='bbox 0 0 1954 6128; x_wconf 95' lang='lat' dir='ltr'><strong><em> </em></strong></span> 
     </span>
    </p>
   </div>
  </div>
 </body>
</html>
