<?xml version="1.0" encoding="UTF-8"?>
<!DOCTYPE html PUBLIC "-//W3C//DTD XHTML 1.0 Transitional//EN"
    "http://www.w3.org/TR/xhtml1/DTD/xhtml1-transitional.dtd">
<html xmlns="http://www.w3.org/1999/xhtml" xml:lang="en" lang="en">
 <head>
  <title>
</title>
<meta http-equiv="Content-Type" content="text/html;charset=utf-8" />
  <meta name='ocr-system' content='tesseract 3.04.00' />
  <meta name='ocr-capabilities' content='ocr_page ocr_carea ocr_par ocr_line ocrx_word'/>
</head>
<body>
  <div class='ocr_page' id='page_1' title='image "./patrologiaecurs70unkngoog_0135.png"; bbox 0 0 3900 6128; ppageno 0'>
   <div class='ocr_carea' id='block_1_1' title="bbox 677 315 1724 409">
    <p class='ocr_par' dir='ltr' id='par_1_1' title="bbox 677 315 1724 409">
     <span class='ocr_line' id='line_1_1' title="bbox 677 315 1724 409; baseline 0.008 -8"><span class='ocrx_word' id='word_1_1' title='bbox 677 315 1058 403; x_wconf 78' lang='lat' dir='ltr'><strong>unannatinurs.</strong></span> <span class='ocrx_word' id='word_1_2' title='bbox 1661 319 1724 409; x_wconf 74' lang='lat' dir='ltr'><strong>isi</strong></span> 
     </span>
    </p>
   </div>
   <div class='ocr_carea' id='block_1_2' title="bbox 77 527 1727 3903">
    <p class='ocr_par' dir='ltr' id='par_1_2' title="bbox 77 527 1727 3903">
     <span class='ocr_line' id='line_1_2' title="bbox 77 527 1721 616; baseline 0.002 -21"><span class='ocrx_word' id='word_1_3' title='bbox 77 536 149 595; x_wconf 80' lang='lat' dir='ltr'><strong>teeti</strong></span> <span class='ocrx_word' id='word_1_4' title='bbox 163 554 280 609; x_wconf 89' lang='lat' dir='ltr'><strong>omnes,</strong></span> <span class='ocrx_word' id='word_1_5' title='bbox 300 540 474 612; x_wconf 80' lang='lat' dir='ltr'><strong>cognoscite</strong></span> <span class='ocrx_word' id='word_1_6' title='bbox 489 540 605 612; x_wconf 89' lang='lat' dir='ltr'><strong>aliquas</strong></span> <span class='ocrx_word' id='word_1_7' title='bbox 621 541 689 611; x_wconf 79' lang='grc'>(46),</span> <span class='ocrx_word' id='word_1_8' title='bbox 705 545 735 596; x_wconf 92' lang='lat' dir='ltr'><strong>et</strong></span> <span class='ocrx_word' id='word_1_9' title='bbox 750 559 829 613; x_wconf 88' lang='lat' dir='ltr'><strong>prae-</strong></span> <span class='ocrx_word' id='word_1_10' title='bbox 846 527 1011 612; x_wconf 70' lang='lat' dir='ltr'><strong>Amecum,</strong></span> <span class='ocrx_word' id='word_1_11' title='bbox 1026 558 1083 598; x_wconf 87' lang='lat' dir='ltr'><strong>non</strong></span> <span class='ocrx_word' id='word_1_12' title='bbox 1101 540 1160 612; x_wconf 91' lang='lat' dir='ltr'><strong>ibo,</strong></span> <span class='ocrx_word' id='word_1_13' title='bbox 1178 541 1244 614; x_wconf 86' lang='lat' dir='ltr'><strong>quia</strong></span> <span class='ocrx_word' id='word_1_14' title='bbox 1261 556 1318 596; x_wconf 89' lang='lat' dir='ltr'><strong>non</strong></span> <span class='ocrx_word' id='word_1_15' title='bbox 1334 543 1404 598; x_wconf 85' lang='lat' dir='ltr'><strong>nori</strong></span> <span class='ocrx_word' id='word_1_16' title='bbox 1415 542 1533 598; x_wconf 87' lang='lat' dir='ltr'><strong>diemin</strong></span> <span class='ocrx_word' id='word_1_17' title='bbox 1544 558 1598 615; x_wconf 87' lang='lat' dir='ltr'><strong>qua</strong></span> <span class='ocrx_word' id='word_1_18' title='bbox 1614 543 1721 616; x_wconf 76' lang='lat' dir='ltr'><strong>diripit</strong></span> 
     </span>
     <span class='ocr_line' id='line_1_3' title="bbox 97 626 1722 703; baseline 0.002 -19"><span class='ocrx_word' id='word_1_19' title='bbox 97 626 285 697; x_wconf 79' lang='lat' dir='ltr'><strong>Debboram,</strong></span> <span class='ocrx_word' id='word_1_20' title='bbox 303 627 392 700; x_wconf 80' lang='lat' dir='ltr'><strong>eujus</strong></span> <span class='ocrx_word' id='word_1_21' title='bbox 418 629 505 685; x_wconf 91' lang='lat' dir='ltr'><strong>nobis</strong></span> <span class='ocrx_word' id='word_1_22' title='bbox 529 630 658 701; x_wconf 78' lang='lat' dir='ltr'><strong>prodidit</strong></span> <span class='ocrx_word' id='word_1_23' title='bbox 680 630 831 703; x_wconf 90' lang='lat' dir='ltr'><strong>Scriptura</strong></span> <span class='ocrx_word' id='word_1_24' title='bbox 886 633 1029 688; x_wconf 79' lang='lat' dir='ltr'><em>Dominus</em></span> <span class='ocrx_word' id='word_1_25' title='bbox 1044 630 1180 703; x_wconf 81' lang='lat' dir='ltr'><strong>anpcluru</strong></span> <span class='ocrx_word' id='word_1_26' title='bbox 1202 646 1285 684; x_wconf 86' lang='lat' dir='ltr'><strong>suurn</strong></span> <span class='ocrx_word' id='word_1_27' title='bbox 1306 646 1418 685; x_wconf 78' lang='lat' dir='ltr'><strong>nircum</strong></span> <span class='ocrx_word' id='word_1_28' title='bbox 1442 631 1551 699; x_wconf 80' lang='lat' dir='ltr'><strong>(dudio.</strong></span> <span class='ocrx_word' id='word_1_29' title='bbox 1577 648 1617 701; x_wconf 79' lang='grc' dir='ltr'><strong>ιν,</strong></span> <span class='ocrx_word' id='word_1_30' title='bbox 1642 631 1669 701; x_wconf 88' lang='lat'><strong>8,</strong></span> <span class='ocrx_word' id='word_1_31' title='bbox 1683 631 1722 702; x_wconf 85' lang='grc'><strong>9).</strong></span> 
     </span>
     <span class='ocr_line' id='line_1_4' title="bbox 77 716 1724 791; baseline 0.001 -18"><span class='ocrx_word' id='word_1_32' title='bbox 77 730 129 773; x_wconf 72' lang='lat' dir='ltr'><strong>nt</strong></span> <span class='ocrx_word' id='word_1_33' title='bbox 142 716 259 783; x_wconf 72' lang='lat' dir='ltr'><strong>(dudio.</strong></span> <span class='ocrx_word' id='word_1_34' title='bbox 275 734 315 786; x_wconf 85' lang='lat' dir='ltr'><strong>rr,</strong></span> <span class='ocrx_word' id='word_1_35' title='bbox 332 718 369 773; x_wconf 76' lang='lat' dir='ltr'><strong>lt.</strong></span> <span class='ocrx_word' id='word_1_36' title='bbox 888 720 1001 784; x_wconf 86' lang='lat' dir='ltr'><strong>Quanta</strong></span> <span class='ocrx_word' id='word_1_37' title='bbox 1024 735 1098 791; x_wconf 78' lang='lat' dir='ltr'><strong>ergo</strong></span> <span class='ocrx_word' id='word_1_38' title='bbox 1124 717 1243 774; x_wconf 82' lang='lat' dir='ltr'><strong>feminae</strong></span> <span class='ocrx_word' id='word_1_39' title='bbox 1262 718 1352 773; x_wconf 87' lang='lat' dir='ltr'><strong>istius</strong></span> <span class='ocrx_word' id='word_1_40' title='bbox 1376 718 1482 788; x_wconf 86' lang='lat' dir='ltr'><strong>virtus,</strong></span> <span class='ocrx_word' id='word_1_41' title='bbox 1501 720 1546 773; x_wconf 90' lang='lat' dir='ltr'><strong>cui</strong></span> <span class='ocrx_word' id='word_1_42' title='bbox 1572 719 1633 774; x_wconf 87' lang='lat' dir='ltr'><strong>dux</strong></span> <span class='ocrx_word' id='word_1_43' title='bbox 1653 720 1724 775; x_wconf 92' lang='lat' dir='ltr'><strong>dicit</strong></span> 
     </span>
     <span class='ocr_line' id='line_1_5' title="bbox 83 802 1721 880; baseline 0.001 -19"><span class='ocrx_word' id='word_1_44' title='bbox 83 802 165 861; x_wconf 79' lang='lat' dir='ltr'><strong>Haec</strong></span> <span class='ocrx_word' id='word_1_45' title='bbox 179 807 260 861; x_wconf 89' lang='lat' dir='ltr'><strong>enim</strong></span> <span class='ocrx_word' id='word_1_46' title='bbox 275 805 375 861; x_wconf 90' lang='lat' dir='ltr'><strong>docuit</strong></span> <span class='ocrx_word' id='word_1_47' title='bbox 390 822 449 861; x_wconf 91' lang='lat' dir='ltr'><strong>non</strong></span> <span class='ocrx_word' id='word_1_48' title='bbox 464 807 561 862; x_wconf 89' lang='lat' dir='ltr'><strong>solum</strong></span> <span class='ocrx_word' id='word_1_49' title='bbox 578 808 633 862; x_wconf 90' lang='lat' dir='ltr'><strong>viri</strong></span> <span class='ocrx_word' id='word_1_50' title='bbox 654 809 765 864; x_wconf 89' lang='lat' dir='ltr'><strong>auxilio</strong></span> <span class='ocrx_word' id='word_1_51' title='bbox 789 810 832 863; x_wconf 87' lang='lat' dir='ltr'><strong>vi·</strong></span> <span class='ocrx_word' id='word_1_52' title='bbox 888 808 1052 864; x_wconf 85' lang='lat' dir='ltr'><strong>exercitus:</strong></span> <span class='ocrx_word' id='word_1_53' title='bbox 1065 807 1137 862; x_wconf 88' lang='lat' dir='ltr'><strong>Nisi</strong></span> <span class='ocrx_word' id='word_1_54' title='bbox 1146 805 1580 877; x_wconf 83' lang='lat' dir='ltr'><strong>turenerisnouibo?Quanta,</strong></span> <span class='ocrx_word' id='word_1_55' title='bbox 1592 807 1721 880; x_wconf 89' lang='lat' dir='ltr'><strong>inquam,</strong></span> 
     </span>
     <span class='ocr_line' id='line_1_6' title="bbox 77 894 1722 969; baseline 0.001 -18"><span class='ocrx_word' id='word_1_56' title='bbox 77 906 143 951; x_wconf 80' lang='grc' dir='ltr'>ιοιι</span> <span class='ocrx_word' id='word_1_57' title='bbox 158 909 261 967; x_wconf 74' lang='lat' dir='ltr'><strong>egere,</strong></span> <span class='ocrx_word' id='word_1_58' title='bbox 278 896 483 950; x_wconf 83' lang='lat' dir='ltr'><strong>verumetiam</strong></span> <span class='ocrx_word' id='word_1_59' title='bbox 493 897 568 951; x_wconf 86' lang='lat' dir='ltr'><strong>viris</strong></span> <span class='ocrx_word' id='word_1_60' title='bbox 588 912 657 953; x_wconf 90' lang='lat' dir='ltr'><strong>esse</strong></span> <span class='ocrx_word' id='word_1_61' title='bbox 677 898 829 954; x_wconf 90' lang='lat' dir='ltr'><strong>subsidio:</strong></span> <span class='ocrx_word' id='word_1_62' title='bbox 887 898 985 953; x_wconf 80' lang='lat' dir='ltr'><strong>viduae</strong></span> <span class='ocrx_word' id='word_1_63' title='bbox 996 896 1145 966; x_wconf 89' lang='lat' dir='ltr'><strong>iortitudo,</strong></span> <span class='ocrx_word' id='word_1_64' title='bbox 1155 912 1247 969; x_wconf 77' lang='lat' dir='ltr'><strong>quaea</strong></span> <span class='ocrx_word' id='word_1_65' title='bbox 1259 895 1400 967; x_wconf 89' lang='lat' dir='ltr'><strong>periculis</strong></span> <span class='ocrx_word' id='word_1_66' title='bbox 1417 894 1507 950; x_wconf 89' lang='lat' dir='ltr'><strong>tilium</strong></span> <span class='ocrx_word' id='word_1_67' title='bbox 1521 911 1577 951; x_wconf 88' lang='lat' dir='ltr'><strong>nec</strong></span> <span class='ocrx_word' id='word_1_68' title='bbox 1591 898 1722 953; x_wconf 87' lang='lat' dir='ltr'><strong>materno</strong></span> 
     </span>
     <span class='ocr_line' id='line_1_7' title="bbox 77 983 1723 1056; baseline 0.001 -15"><span class='ocrx_word' id='word_1_69' title='bbox 77 983 833 1054; x_wconf 80' lang='lat' dir='ltr'><strong>nsesexusinfirmitaterevocata,muninvirorum</strong></span> <span class='ocrx_word' id='word_1_70' title='bbox 888 988 1009 1042; x_wconf 90' lang='lat' dir='ltr'><strong>revocat</strong></span> <span class='ocrx_word' id='word_1_71' title='bbox 1037 985 1163 1056; x_wconf 81' lang='lat' dir='ltr'><strong>affectu3</strong></span> <span class='ocrx_word' id='word_1_72' title='bbox 1189 985 1247 1041; x_wconf 89' lang='lat' dir='ltr'><strong>imo</strong></span> <span class='ocrx_word' id='word_1_73' title='bbox 1271 986 1306 1040; x_wconf 92' lang='lat' dir='ltr'><strong>ad</strong></span> <span class='ocrx_word' id='word_1_74' title='bbox 1332 985 1485 1040; x_wconf 82' lang='lat' dir='ltr'><strong>victoriam</strong></span> <span class='ocrx_word' id='word_1_75' title='bbox 1510 984 1602 1040; x_wconf 89' lang='lat' dir='ltr'><strong>illium</strong></span> <span class='ocrx_word' id='word_1_76' title='bbox 1626 986 1723 1043; x_wconf 90' lang='lat' dir='ltr'><strong>studio</strong></span> 
     </span>
     <span class='ocr_line' id='line_1_8' title="bbox 77 1069 1725 1147; baseline 0 -18"><span class='ocrx_word' id='word_1_77' title='bbox 77 1069 130 1129; x_wconf 72' lang='lat' dir='ltr'><strong>sta</strong></span> <span class='ocrx_word' id='word_1_78' title='bbox 146 1073 294 1143; x_wconf 74' lang='lat' dir='ltr'><strong>suscepit,</strong></span> <span class='ocrx_word' id='word_1_79' title='bbox 312 1075 341 1128; x_wconf 88' lang='lat' dir='ltr'><strong>et</strong></span> <span class='ocrx_word' id='word_1_80' title='bbox 356 1077 496 1144; x_wconf 91' lang='lat' dir='ltr'><strong>suscepta</strong></span> <span class='ocrx_word' id='word_1_81' title='bbox 512 1074 682 1129; x_wconf 78' lang='lat' dir='ltr'><strong>cumulavit.</strong></span> <span class='ocrx_word' id='word_1_82' title='bbox 700 1076 832 1147; x_wconf 88' lang='lat' dir='ltr'><strong>Denique</strong></span> <span class='ocrx_word' id='word_1_83' title='bbox 888 1076 992 1131; x_wconf 89' lang='lat' dir='ltr'><strong>matris</strong></span> <span class='ocrx_word' id='word_1_84' title='bbox 1008 1074 1151 1146; x_wconf 80' lang='lat' dir='ltr'><strong>hortatur,</strong></span> <span class='ocrx_word' id='word_1_85' title='bbox 1172 1075 1276 1130; x_wconf 90' lang='lat' dir='ltr'><strong>dicens</strong></span> <span class='ocrx_word' id='word_1_86' title='bbox 1291 1074 1370 1147; x_wconf 91' lang='lat' dir='ltr'><strong>quod</strong></span> <span class='ocrx_word' id='word_1_87' title='bbox 1390 1074 1419 1128; x_wconf 89' lang='lat' dir='ltr'><strong>in</strong></span> <span class='ocrx_word' id='word_1_88' title='bbox 1435 1089 1523 1129; x_wconf 90' lang='lat' dir='ltr'><strong>manu</strong></span> <span class='ocrx_word' id='word_1_89' title='bbox 1537 1073 1671 1129; x_wconf 90' lang='lat' dir='ltr'><strong>mulieris</strong></span> <span class='ocrx_word' id='word_1_90' title='bbox 1685 1075 1725 1129; x_wconf 91' lang='lat' dir='ltr'><strong>sit</strong></span> 
     </span>
     <span class='ocr_line' id='line_1_9' title="bbox 77 1147 1176 1235; baseline 0.002 -18"><span class='ocrx_word' id='word_1_91' title='bbox 77 1157 316 1231; x_wconf 72' lang='lat' dir='ltr'><strong>tndoeiy&#39;udieum</strong></span> <span class='ocrx_word' id='word_1_92' title='bbox 330 1164 507 1233; x_wconf 78' lang='lat' dir='ltr'><strong>regerentur</strong></span> <span class='ocrx_word' id='word_1_93' title='bbox 520 1163 654 1232; x_wconf 89' lang='lat' dir='ltr'><strong>arbitrio,</strong></span> <span class='ocrx_word' id='word_1_94' title='bbox 668 1147 737 1235; x_wconf 89' lang='lat' dir='ltr'><strong>quia</strong></span> <span class='ocrx_word' id='word_1_95' title='bbox 755 1163 832 1219; x_wconf 87' lang='lat' dir='ltr'><strong>virili</strong></span> <span class='ocrx_word' id='word_1_96' title='bbox 889 1179 1005 1219; x_wconf 90' lang='lat' dir='ltr'><strong>summa</strong></span> <span class='ocrx_word' id='word_1_97' title='bbox 1019 1164 1176 1219; x_wconf 81' lang='lat' dir='ltr'><strong>victoriae?</strong></span> 
     </span>
     <span class='ocr_line' id='line_1_10' title="bbox 77 1247 1722 1325; baseline 0.001 -20"><span class='ocrx_word' id='word_1_98' title='bbox 77 1247 259 1305; x_wconf 64' lang='lat' dir='ltr'><strong>denarret</strong></span> <span class='ocrx_word' id='word_1_99' title='bbox 273 1249 410 1321; x_wconf 80' lang='lat' dir='ltr'><strong>aequitate</strong></span> <span class='ocrx_word' id='word_1_100' title='bbox 424 1250 556 1323; x_wconf 78' lang='lat' dir='ltr'><strong>regi,rel</strong></span> <span class='ocrx_word' id='word_1_101' title='bbox 576 1252 683 1307; x_wconf 91' lang='lat' dir='ltr'><strong>virtute</strong></span> <span class='ocrx_word' id='word_1_102' title='bbox 703 1251 831 1323; x_wconf 84' lang='lat' dir='ltr'><strong>delendi,</strong></span> <span class='ocrx_word' id='word_1_103' title='bbox 925 1252 969 1308; x_wconf 77' lang='lat' dir='ltr'><strong>lt.</strong></span> <span class='ocrx_word' id='word_1_104' title='bbox 991 1252 1128 1308; x_wconf 89' lang='lat' dir='ltr'><strong>Debbora</strong></span> <span class='ocrx_word' id='word_1_105' title='bbox 1150 1267 1223 1324; x_wconf 78' lang='lat' dir='ltr'><strong>ergo</strong></span> <span class='ocrx_word' id='word_1_106' title='bbox 1248 1251 1342 1322; x_wconf 86' lang='lat' dir='ltr'><strong>praelii</strong></span> <span class='ocrx_word' id='word_1_107' title='bbox 1366 1251 1552 1322; x_wconf 78' lang='lat' dir='ltr'><strong>prophetavit</strong></span> <span class='ocrx_word' id='word_1_108' title='bbox 1575 1253 1722 1325; x_wconf 89' lang='lat' dir='ltr'><strong>eventum,</strong></span> 
     </span>
     <span class='ocr_line' id='line_1_11' title="bbox 77 1334 1725 1412; baseline 0.001 -17"><span class='ocrx_word' id='word_1_109' title='bbox 77 1334 239 1395; x_wconf 70' lang='lat' dir='ltr'><strong>hincinde</strong></span> <span class='ocrx_word' id='word_1_110' title='bbox 250 1338 434 1409; x_wconf 88' lang='lat' dir='ltr'><strong>ardentibus,</strong></span> <span class='ocrx_word' id='word_1_111' title='bbox 443 1339 832 1412; x_wconf 82' lang='lat' dir='ltr'><strong>Debboram(t&#39;l)sibicujus</strong></span> <span class='ocrx_word' id='word_1_112' title='bbox 891 1339 1123 1412; x_wconf 84' lang='lat' dir='ltr'><strong>Baraehjussus</strong></span> <span class='ocrx_word' id='word_1_113' title='bbox 1133 1340 1272 1412; x_wconf 86' lang='lat' dir='ltr'><strong>produxit</strong></span> <span class='ocrx_word' id='word_1_114' title='bbox 1280 1341 1456 1396; x_wconf 86' lang='lat' dir='ltr'><strong>exereitum:</strong></span> <span class='ocrx_word' id='word_1_115' title='bbox 1468 1340 1531 1396; x_wconf 83' lang='lat' dir='ltr'><strong>lael</strong></span> <span class='ocrx_word' id='word_1_116' title='bbox 1539 1341 1725 1412; x_wconf 88' lang='lat' dir='ltr'><strong>cepittrium·</strong></span> 
     </span>
     <span class='ocr_line' id='line_1_12' title="bbox 77 1425 1724 1502; baseline 0.002 -19"><span class='ocrx_word' id='word_1_117' title='bbox 77 1429 174 1483; x_wconf 72' lang='lat' dir='ltr'><strong>entur</strong></span> <span class='ocrx_word' id='word_1_118' title='bbox 192 1425 324 1498; x_wconf 78' lang='lat' dir='ltr'><strong>judicio,</strong></span> <span class='ocrx_word' id='word_1_119' title='bbox 349 1432 524 1499; x_wconf 90' lang='lat' dir='ltr'><strong>cooptarunt</strong></span> <span class='ocrx_word' id='word_1_120' title='bbox 554 1430 644 1500; x_wconf 90' lang='lat' dir='ltr'><strong>(lbid.</strong></span> <span class='ocrx_word' id='word_1_121' title='bbox 669 1431 707 1499; x_wconf 82' lang='grc'><strong>5).</strong></span> <span class='ocrx_word' id='word_1_122' title='bbox 733 1430 832 1502; x_wconf 88' lang='lat' dir='ltr'><strong>ltaque</strong></span> <span class='ocrx_word' id='word_1_123' title='bbox 890 1429 1002 1501; x_wconf 88' lang='lat' dir='ltr'><strong>phum;</strong></span> <span class='ocrx_word' id='word_1_124' title='bbox 1022 1428 1092 1484; x_wconf 89' lang='lat' dir='ltr'><strong>huic</strong></span> <span class='ocrx_word' id='word_1_125' title='bbox 1111 1429 1190 1485; x_wconf 89' lang='lat' dir='ltr'><strong>enim</strong></span> <span class='ocrx_word' id='word_1_126' title='bbox 1209 1429 1371 1501; x_wconf 86' lang='lat' dir='ltr'><strong>prophetiae</strong></span> <span class='ocrx_word' id='word_1_127' title='bbox 1397 1430 1427 1485; x_wconf 91' lang='lat' dir='ltr'><strong>in</strong></span> <span class='ocrx_word' id='word_1_128' title='bbox 1456 1430 1592 1487; x_wconf 88' lang='lat' dir='ltr'><strong>Debbora</strong></span> <span class='ocrx_word' id='word_1_129' title='bbox 1615 1429 1724 1487; x_wconf 87' lang='lat' dir='ltr'><strong>milita·</strong></span> 
     </span>
     <span class='ocr_line' id='line_1_13' title="bbox 77 1506 1724 1591; baseline 0.003 -22"><span class='ocrx_word' id='word_1_130' title='bbox 77 1513 201 1569; x_wconf 71' lang='lat' dir='ltr'><strong>:millia</strong></span> <span class='ocrx_word' id='word_1_131' title='bbox 219 1506 292 1571; x_wconf 86' lang='grc'><strong>198</strong></span> <span class='ocrx_word' id='word_1_132' title='bbox 306 1516 439 1571; x_wconf 85' lang='lat' dir='ltr'><strong>virorum</strong></span> <span class='ocrx_word' id='word_1_133' title='bbox 463 1533 521 1572; x_wconf 90' lang='lat' dir='ltr'><strong>una</strong></span> <span class='ocrx_word' id='word_1_134' title='bbox 545 1518 633 1573; x_wconf 86' lang='lat' dir='ltr'><strong>vidua</strong></span> <span class='ocrx_word' id='word_1_135' title='bbox 658 1522 686 1574; x_wconf 91' lang='lat' dir='ltr'><strong>et</strong></span> <span class='ocrx_word' id='word_1_136' title='bbox 709 1519 739 1573; x_wconf 92' lang='lat' dir='ltr'><strong>in</strong></span> <span class='ocrx_word' id='word_1_137' title='bbox 760 1534 832 1590; x_wconf 90' lang='lat' dir='ltr'><strong>pace</strong></span> <span class='ocrx_word' id='word_1_138' title='bbox 888 1518 931 1572; x_wconf 83' lang='lat' dir='ltr'><strong>rit</strong></span> <span class='ocrx_word' id='word_1_139' title='bbox 945 1517 1013 1591; x_wconf 81' lang='lat' dir='ltr'><strong>(te),</strong></span> <span class='ocrx_word' id='word_1_140' title='bbox 1029 1533 1096 1590; x_wconf 86' lang='lat' dir='ltr'><strong>quae</strong></span> <span class='ocrx_word' id='word_1_141' title='bbox 1117 1518 1242 1590; x_wconf 88' lang='lat' dir='ltr'><strong>mystice</strong></span> <span class='ocrx_word' id='word_1_142' title='bbox 1265 1518 1353 1574; x_wconf 89' lang='lat' dir='ltr'><strong>nobis</strong></span> <span class='ocrx_word' id='word_1_143' title='bbox 1378 1522 1475 1575; x_wconf 90' lang='lat' dir='ltr'><strong>ortum</strong></span> <span class='ocrx_word' id='word_1_144' title='bbox 1490 1523 1670 1576; x_wconf 79' lang='lat' dir='ltr'><strong>surrecturae</strong></span> <span class='ocrx_word' id='word_1_145' title='bbox 1685 1534 1724 1576; x_wconf 81' lang='lat' dir='ltr'><strong>ex</strong></span> 
     </span>
     <span class='ocr_line' id='line_1_14' title="bbox 85 1602 1723 1679; baseline 0.002 -19"><span class='ocrx_word' id='word_1_146' title='bbox 85 1605 121 1660; x_wconf 77' lang='lat' dir='ltr'><strong>et</strong></span> <span class='ocrx_word' id='word_1_147' title='bbox 140 1602 181 1658; x_wconf 87' lang='lat' dir='ltr'><strong>ab</strong></span> <span class='ocrx_word' id='word_1_148' title='bbox 193 1603 280 1661; x_wconf 88' lang='lat' dir='ltr'><strong>hoste</strong></span> <span class='ocrx_word' id='word_1_149' title='bbox 294 1603 435 1660; x_wconf 78' lang='lat' dir='ltr'><strong>defendit.</strong></span> <span class='ocrx_word' id='word_1_150' title='bbox 448 1606 531 1661; x_wconf 84' lang='lat' dir='ltr'><strong>Multi</strong></span> <span class='ocrx_word' id='word_1_151' title='bbox 545 1606 664 1678; x_wconf 83' lang='lat' dir='ltr'><strong>judiees</strong></span> <span class='ocrx_word' id='word_1_152' title='bbox 684 1608 714 1662; x_wconf 91' lang='lat' dir='ltr'><strong>in</strong></span> <span class='ocrx_word' id='word_1_153' title='bbox 729 1607 831 1678; x_wconf 90' lang='lat' dir='ltr'><strong>lsrael,</strong></span> <span class='ocrx_word' id='word_1_154' title='bbox 890 1607 1030 1679; x_wconf 78' lang='lat' dir='ltr'><strong>gentibus</strong></span> <span class='ocrx_word' id='word_1_155' title='bbox 1045 1607 1189 1662; x_wconf 86' lang='lat' dir='ltr'><strong>Ecclesiae</strong></span> <span class='ocrx_word' id='word_1_156' title='bbox 1204 1607 1355 1678; x_wconf 86' lang='lat' dir='ltr'><strong>relevavit,</strong></span> <span class='ocrx_word' id='word_1_157' title='bbox 1373 1608 1419 1663; x_wconf 90' lang='lat' dir='ltr'><strong>cui</strong></span> <span class='ocrx_word' id='word_1_158' title='bbox 1442 1607 1609 1678; x_wconf 89' lang='lat' dir='ltr'><strong>triumphus</strong></span> <span class='ocrx_word' id='word_1_159' title='bbox 1624 1608 1660 1664; x_wconf 90' lang='lat' dir='ltr'><strong>de</strong></span> <span class='ocrx_word' id='word_1_160' title='bbox 1674 1607 1723 1664; x_wconf 89' lang='lat' dir='ltr'><strong>Si·</strong></span> 
     </span>
     <span class='ocr_line' id='line_1_15' title="bbox 77 1689 1722 1769; baseline 0.002 -20"><span class='ocrx_word' id='word_1_161' title='bbox 77 1689 146 1749; x_wconf 78' lang='lat' dir='ltr'><strong>atta</strong></span> <span class='ocrx_word' id='word_1_162' title='bbox 162 1696 231 1748; x_wconf 85' lang='lat' dir='ltr'><strong>ante</strong></span> <span class='ocrx_word' id='word_1_163' title='bbox 247 1691 344 1765; x_wconf 80' lang='lat' dir='ltr'><strong>judex</strong></span> <span class='ocrx_word' id='word_1_164' title='bbox 369 1693 494 1750; x_wconf 78' lang='lat' dir='ltr'><strong>femina:</strong></span> <span class='ocrx_word' id='word_1_165' title='bbox 520 1695 604 1750; x_wconf 90' lang='lat' dir='ltr'><strong>multi</strong></span> <span class='ocrx_word' id='word_1_166' title='bbox 623 1695 742 1767; x_wconf 79' lang='lat' dir='ltr'><strong>judices</strong></span> <span class='ocrx_word' id='word_1_167' title='bbox 766 1701 834 1768; x_wconf 89' lang='lat' dir='ltr'><strong>post</strong></span> <span class='ocrx_word' id='word_1_168' title='bbox 889 1712 957 1750; x_wconf 90' lang='lat' dir='ltr'><strong>sara</strong></span> <span class='ocrx_word' id='word_1_169' title='bbox 979 1695 1113 1767; x_wconf 88' lang='lat' dir='ltr'><strong>spiritali,</strong></span> <span class='ocrx_word' id='word_1_170' title='bbox 1129 1695 1187 1751; x_wconf 89' lang='lat' dir='ltr'><strong>hoc</strong></span> <span class='ocrx_word' id='word_1_171' title='bbox 1201 1698 1247 1751; x_wconf 90' lang='lat' dir='ltr'><strong>est</strong></span> <span class='ocrx_word' id='word_1_172' title='bbox 1264 1696 1300 1751; x_wconf 90' lang='lat' dir='ltr'><strong>de</strong></span> <span class='ocrx_word' id='word_1_173' title='bbox 1316 1696 1497 1752; x_wconf 87' lang='lat' dir='ltr'><strong>adversariis</strong></span> <span class='ocrx_word' id='word_1_174' title='bbox 1515 1697 1722 1769; x_wconf 83' lang='lat' dir='ltr'><strong>potestatibus,</strong></span> 
     </span>
     <span class='ocr_line' id='line_1_16' title="bbox 77 1780 1725 1856; baseline 0.003 -20"><span class='ocrx_word' id='word_1_175' title='bbox 77 1786 108 1853; x_wconf 76' lang='lat' dir='ltr'><strong>s,</strong></span> <span class='ocrx_word' id='word_1_176' title='bbox 128 1780 189 1837; x_wconf 86' lang='lat' dir='ltr'><strong>sed</strong></span> <span class='ocrx_word' id='word_1_177' title='bbox 205 1781 305 1837; x_wconf 90' lang='lat' dir='ltr'><strong>nullus</strong></span> <span class='ocrx_word' id='word_1_178' title='bbox 320 1783 474 1853; x_wconf 85' lang='lat' dir='ltr'><strong>propheta.</strong></span> <span class='ocrx_word' id='word_1_179' title='bbox 491 1781 528 1838; x_wconf 77' lang='lat' dir='ltr'><strong>st</strong></span> <span class='ocrx_word' id='word_1_180' title='bbox 542 1783 608 1839; x_wconf 87' lang='lat' dir='ltr'><strong>ideo</strong></span> <span class='ocrx_word' id='word_1_181' title='bbox 623 1784 731 1841; x_wconf 89' lang='lat' dir='ltr'><strong>lectum</strong></span> <span class='ocrx_word' id='word_1_182' title='bbox 745 1785 833 1841; x_wconf 90' lang='lat' dir='ltr'><strong>istius</strong></span> <span class='ocrx_word' id='word_1_183' title='bbox 890 1787 1083 1856; x_wconf 86' lang='lat' dir='ltr'><strong>quaereretur.</strong></span> <span class='ocrx_word' id='word_1_184' title='bbox 1091 1784 1186 1840; x_wconf 91' lang='lat' dir='ltr'><strong>Nobis</strong></span> <span class='ocrx_word' id='word_1_185' title='bbox 1198 1783 1506 1856; x_wconf 78' lang='lat' dir='ltr'><strong>igiturprophetarum</strong></span> <span class='ocrx_word' id='word_1_186' title='bbox 1517 1785 1635 1840; x_wconf 90' lang='lat' dir='ltr'><strong>oracula</strong></span> <span class='ocrx_word' id='word_1_187' title='bbox 1642 1785 1725 1842; x_wconf 90' lang='lat' dir='ltr'><strong>dimi·</strong></span> 
     </span>
     <span class='ocr_line' id='line_1_17' title="bbox 80 1869 1725 1967; baseline 0.001 -40"><span class='ocrx_word' id='word_1_188' title='bbox 80 1882 160 1927; x_wconf 73' lang='lat' dir='ltr'><strong>esse</strong></span> <span class='ocrx_word' id='word_1_189' title='bbox 179 1869 339 1941; x_wconf 83' lang='lat' dir='ltr'><strong>y&#39;udieium,</strong></span> <span class='ocrx_word' id='word_1_190' title='bbox 356 1875 385 1926; x_wconf 92' lang='lat' dir='ltr'><strong>et</strong></span> <span class='ocrx_word' id='word_1_191' title='bbox 407 1876 493 1945; x_wconf 80' lang='lat' dir='ltr'><strong>gesta</strong></span> <span class='ocrx_word' id='word_1_192' title='bbox 518 1871 585 1943; x_wconf 87' lang='lat' dir='ltr'><strong>ejus</strong></span> <span class='ocrx_word' id='word_1_193' title='bbox 610 1873 738 1929; x_wconf 77' lang='lat' dir='ltr'><strong>arbitror</strong></span> <span class='ocrx_word' id='word_1_194' title='bbox 763 1890 833 1931; x_wconf 89' lang='lat' dir='ltr'><strong>esse</strong></span> <span class='ocrx_word' id='word_1_195' title='bbox 850 1905 875 1967; x_wconf 75' lang='grc' dir='ltr'>Β</span> <span class='ocrx_word' id='word_1_196' title='bbox 891 1876 1004 1943; x_wconf 84' lang='lat' dir='ltr'><strong>cerunt,</strong></span> <span class='ocrx_word' id='word_1_197' title='bbox 1020 1873 1107 1929; x_wconf 89' lang='lat' dir='ltr'><strong>uobis</strong></span> <span class='ocrx_word' id='word_1_198' title='bbox 1121 1872 1171 1927; x_wconf 92' lang='lat' dir='ltr'><strong>illa</strong></span> <span class='ocrx_word' id='word_1_199' title='bbox 1186 1873 1394 1944; x_wconf 90' lang='lat' dir='ltr'><strong>prophetarum</strong></span> <span class='ocrx_word' id='word_1_200' title='bbox 1408 1872 1521 1945; x_wconf 84' lang='lat' dir='ltr'><strong>judicia</strong></span> <span class='ocrx_word' id='word_1_201' title='bbox 1545 1875 1573 1928; x_wconf 91' lang='lat' dir='ltr'><strong>et</strong></span> <span class='ocrx_word' id='word_1_202' title='bbox 1587 1889 1668 1929; x_wconf 90' lang='lat' dir='ltr'><strong>arma</strong></span> <span class='ocrx_word' id='word_1_203' title='bbox 1681 1874 1725 1929; x_wconf 87' lang='lat' dir='ltr'><strong>vi·</strong></span> 
     </span>
     <span class='ocr_line' id='line_1_18' title="bbox 77 1956 1725 2033; baseline 0.003 -19"><span class='ocrx_word' id='word_1_204' title='bbox 77 1956 166 2033; x_wconf 73' lang='lat' dir='ltr'><strong>ipis,</strong></span> <span class='ocrx_word' id='word_1_205' title='bbox 182 1973 221 2014; x_wconf 90' lang='lat' dir='ltr'><strong>ne</strong></span> <span class='ocrx_word' id='word_1_206' title='bbox 235 1958 404 2015; x_wconf 89' lang='lat' dir='ltr'><strong>mulieresa</strong></span> <span class='ocrx_word' id='word_1_207' title='bbox 419 1961 538 2016; x_wconf 86' lang='lat' dir='ltr'><strong>virtutis</strong></span> <span class='ocrx_word' id='word_1_208' title='bbox 555 1961 664 2033; x_wconf 88' lang='lat' dir='ltr'><strong>oiilcto,</strong></span> <span class='ocrx_word' id='word_1_209' title='bbox 677 1962 832 2018; x_wconf 86' lang='lat' dir='ltr'><strong>muliebris</strong></span> <span class='ocrx_word' id='word_1_210' title='bbox 892 1964 1004 2019; x_wconf 90' lang='lat' dir='ltr'><strong>cerunt.</strong></span> <span class='ocrx_word' id='word_1_211' title='bbox 1023 1962 1059 2017; x_wconf 84' lang='lat' dir='ltr'><strong>Et</strong></span> <span class='ocrx_word' id='word_1_212' title='bbox 1073 1963 1140 2018; x_wconf 91' lang='lat' dir='ltr'><strong>ideo</strong></span> <span class='ocrx_word' id='word_1_213' title='bbox 1154 1977 1214 2018; x_wconf 89' lang='lat' dir='ltr'><strong>non</strong></span> <span class='ocrx_word' id='word_1_214' title='bbox 1229 1963 1356 2033; x_wconf 91' lang='lat' dir='ltr'><strong>populus</strong></span> <span class='ocrx_word' id='word_1_215' title='bbox 1375 1962 1556 2030; x_wconf 78' lang='lat' dir='ltr'><strong>ludaeorum,</strong></span> <span class='ocrx_word' id='word_1_216' title='bbox 1573 1963 1725 2019; x_wconf 90' lang='lat' dir='ltr'><strong>sedetiam</strong></span> 
     </span>
     <span class='ocr_line' id='line_1_19' title="bbox 77 2045 1727 2125; baseline 0.002 -20"><span class='ocrx_word' id='word_1_217' title='bbox 77 2045 275 2105; x_wconf 79' lang='lat' dir='ltr'><strong>tinfirmitele</strong></span> <span class='ocrx_word' id='word_1_218' title='bbox 290 2055 477 2105; x_wconf 84' lang='lat' dir='ltr'><strong>revocentur.</strong></span> <span class='ocrx_word' id='word_1_219' title='bbox 496 2051 589 2105; x_wconf 89' lang='lat' dir='ltr'><strong>Vidua</strong></span> <span class='ocrx_word' id='word_1_220' title='bbox 604 2051 730 2122; x_wconf 90' lang='lat' dir='ltr'><strong>populos</strong></span> <span class='ocrx_word' id='word_1_221' title='bbox 745 2054 832 2125; x_wconf 79' lang='lat' dir='ltr'><strong>regit,</strong></span> <span class='ocrx_word' id='word_1_222' title='bbox 892 2051 956 2107; x_wconf 79' lang='lat' dir='ltr'><strong>lael</strong></span> <span class='ocrx_word' id='word_1_223' title='bbox 970 2051 1124 2107; x_wconf 82' lang='lat' dir='ltr'><strong>victorium</strong></span> <span class='ocrx_word' id='word_1_224' title='bbox 1146 2051 1182 2106; x_wconf 88' lang='lat' dir='ltr'><strong>de</strong></span> <span class='ocrx_word' id='word_1_225' title='bbox 1198 2051 1283 2107; x_wconf 88' lang='lat' dir='ltr'><strong>hoste</strong></span> <span class='ocrx_word' id='word_1_226' title='bbox 1299 2051 1446 2123; x_wconf 85' lang='lat' dir='ltr'><strong>quaesivit.</strong></span> <span class='ocrx_word' id='word_1_227' title='bbox 1463 2051 1569 2107; x_wconf 81' lang='lat' dir='ltr'><strong>Infelix</strong></span> <span class='ocrx_word' id='word_1_228' title='bbox 1589 2067 1661 2125; x_wconf 78' lang='lat' dir='ltr'><strong>ergo</strong></span> <span class='ocrx_word' id='word_1_229' title='bbox 1677 2069 1727 2124; x_wconf 92' lang='lat' dir='ltr'><strong>po-</strong></span> 
     </span>
     <span class='ocr_line' id='line_1_20' title="bbox 77 2134 1724 2213; baseline 0.002 -20"><span class='ocrx_word' id='word_1_230' title='bbox 77 2152 84 2193; x_wconf 87' lang='lat' dir='ltr'><strong>t</strong></span> <span class='ocrx_word' id='word_1_231' title='bbox 104 2134 193 2193; x_wconf 78' lang='lat' dir='ltr'><strong>ducit</strong></span> <span class='ocrx_word' id='word_1_232' title='bbox 215 2138 376 2208; x_wconf 87' lang='lat' dir='ltr'><strong>exereitus,</strong></span> <span class='ocrx_word' id='word_1_233' title='bbox 401 2139 490 2194; x_wconf 84' lang='lat' dir='ltr'><strong>vidua</strong></span> <span class='ocrx_word' id='word_1_234' title='bbox 514 2140 606 2205; x_wconf 82' lang='lat' dir='ltr'><strong>duces</strong></span> <span class='ocrx_word' id='word_1_235' title='bbox 627 2141 719 2213; x_wconf 82' lang='lat' dir='ltr'><strong>eligit,</strong></span> <span class='ocrx_word' id='word_1_236' title='bbox 746 2142 834 2197; x_wconf 88' lang='lat' dir='ltr'><strong>vidua</strong></span> <span class='ocrx_word' id='word_1_237' title='bbox 891 2140 991 2211; x_wconf 90' lang='lat' dir='ltr'><strong>pulus,</strong></span> <span class='ocrx_word' id='word_1_238' title='bbox 1011 2141 1063 2213; x_wconf 93' lang='lat' dir='ltr'><strong>qui</strong></span> <span class='ocrx_word' id='word_1_239' title='bbox 1087 2140 1203 2195; x_wconf 88' lang='lat' dir='ltr'><strong>hostem</strong></span> <span class='ocrx_word' id='word_1_240' title='bbox 1229 2155 1316 2211; x_wconf 89' lang='lat' dir='ltr'><strong>quem</strong></span> <span class='ocrx_word' id='word_1_241' title='bbox 1343 2140 1466 2212; x_wconf 77' lang='lat' dir='ltr'><strong>fugavit,</strong></span> <span class='ocrx_word' id='word_1_242' title='bbox 1487 2141 1628 2212; x_wconf 86' lang='lat' dir='ltr'><strong>persequi</strong></span> <span class='ocrx_word' id='word_1_243' title='bbox 1656 2141 1724 2197; x_wconf 89' lang='lat' dir='ltr'><strong>iidei</strong></span> 
     </span>
     <span class='ocr_line' id='line_1_21' title="bbox 81 2222 1725 2304; baseline 0.002 -21"><span class='ocrx_word' id='word_1_244' title='bbox 81 2222 233 2297; x_wconf 72' lang='lat' dir='ltr'><strong>disponit,</strong></span> <span class='ocrx_word' id='word_1_245' title='bbox 249 2227 369 2281; x_wconf 88' lang='lat' dir='ltr'><strong>mandat</strong></span> <span class='ocrx_word' id='word_1_246' title='bbox 378 2228 555 2299; x_wconf 91' lang='lat' dir='ltr'><strong>triumphos.</strong></span> <span class='ocrx_word' id='word_1_247' title='bbox 571 2229 720 2304; x_wconf 80' lang='lat' dir='ltr'><strong>Nonergo</strong></span> <span class='ocrx_word' id='word_1_248' title='bbox 731 2234 834 2286; x_wconf 88' lang='lat' dir='ltr'><strong>natura</strong></span> <span class='ocrx_word' id='word_1_249' title='bbox 891 2230 1066 2285; x_wconf 86' lang='lat' dir='ltr'><strong>virtutenon</strong></span> <span class='ocrx_word' id='word_1_250' title='bbox 1076 2228 1179 2300; x_wconf 92' lang='lat' dir='ltr'><strong>potuit.</strong></span> <span class='ocrx_word' id='word_1_251' title='bbox 1196 2227 1296 2300; x_wconf 88' lang='lat' dir='ltr'><strong>ltaque</strong></span> <span class='ocrx_word' id='word_1_252' title='bbox 1310 2228 1428 2283; x_wconf 90' lang='lat' dir='ltr'><strong>illorum</strong></span> <span class='ocrx_word' id='word_1_253' title='bbox 1438 2228 1544 2284; x_wconf 87' lang='lat' dir='ltr'><strong>delicto</strong></span> <span class='ocrx_word' id='word_1_254' title='bbox 1560 2229 1642 2285; x_wconf 89' lang='lat' dir='ltr'><strong>salus</strong></span> <span class='ocrx_word' id='word_1_255' title='bbox 1652 2243 1725 2303; x_wconf 77' lang='lat' dir='ltr'><strong>gen·</strong></span> 
     </span>
     <span class='ocr_line' id='line_1_22' title="bbox 77 2314 1722 2388; baseline 0.002 -18"><span class='ocrx_word' id='word_1_256' title='bbox 77 2314 110 2371; x_wconf 83' lang='lat' dir='ltr'><strong>st</strong></span> <span class='ocrx_word' id='word_1_257' title='bbox 131 2314 240 2386; x_wconf 84' lang='lat' dir='ltr'><strong>culpae,</strong></span> <span class='ocrx_word' id='word_1_258' title='bbox 261 2330 318 2370; x_wconf 88' lang='lat' dir='ltr'><strong>nee</strong></span> <span class='ocrx_word' id='word_1_259' title='bbox 341 2316 500 2372; x_wconf 82' lang='lat' dir='ltr'><strong>infirmitati</strong></span> <span class='ocrx_word' id='word_1_260' title='bbox 525 2318 670 2374; x_wconf 84' lang='lat' dir='ltr'><strong>obnoxia:</strong></span> <span class='ocrx_word' id='word_1_261' title='bbox 694 2323 834 2377; x_wconf 83' lang='lat' dir='ltr'><strong>strenuos</strong></span> <span class='ocrx_word' id='word_1_262' title='bbox 891 2317 991 2388; x_wconf 78' lang='lat' dir='ltr'><strong>tibus3</strong></span> <span class='ocrx_word' id='word_1_263' title='bbox 1007 2317 1125 2373; x_wconf 90' lang='lat' dir='ltr'><strong>illorum</strong></span> <span class='ocrx_word' id='word_1_264' title='bbox 1140 2316 1254 2372; x_wconf 89' lang='lat' dir='ltr'><strong>desidia</strong></span> <span class='ocrx_word' id='word_1_265' title='bbox 1268 2317 1356 2373; x_wconf 89' lang='lat' dir='ltr'><strong>nobis</strong></span> <span class='ocrx_word' id='word_1_266' title='bbox 1381 2321 1499 2373; x_wconf 88' lang='lat' dir='ltr'><strong>servata</strong></span> <span class='ocrx_word' id='word_1_267' title='bbox 1519 2317 1642 2373; x_wconf 90' lang='lat' dir='ltr'><strong>victoria</strong></span> <span class='ocrx_word' id='word_1_268' title='bbox 1666 2322 1722 2374; x_wconf 90' lang='lat' dir='ltr'><strong>est.</strong></span> 
     </span>
     <span class='ocr_line' id='line_1_23' title="bbox 77 2403 1724 2479; baseline 0.001 -18"><span class='ocrx_word' id='word_1_269' title='bbox 77 2417 180 2474; x_wconf 79' lang='lat' dir='ltr'><strong>sexus,</strong></span> <span class='ocrx_word' id='word_1_270' title='bbox 192 2403 247 2459; x_wconf 90' lang='lat' dir='ltr'><strong>ssd</strong></span> <span class='ocrx_word' id='word_1_271' title='bbox 263 2405 360 2460; x_wconf 89' lang='lat' dir='ltr'><strong>virtus</strong></span> <span class='ocrx_word' id='word_1_272' title='bbox 375 2404 453 2462; x_wconf 86' lang='lat' dir='ltr'><strong>facit.</strong></span> <span class='ocrx_word' id='word_1_273' title='bbox 928 2405 972 2462; x_wconf 80' lang='lat'><strong>48.</strong></span> <span class='ocrx_word' id='word_1_274' title='bbox 988 2405 1052 2461; x_wconf 80' lang='lat' dir='ltr'><strong>tael</strong></span> <span class='ocrx_word' id='word_1_275' title='bbox 1067 2421 1140 2478; x_wconf 78' lang='lat' dir='ltr'><strong>ergo</strong></span> <span class='ocrx_word' id='word_1_276' title='bbox 1167 2405 1328 2476; x_wconf 84' lang='lat' dir='ltr'><strong>prostravit</strong></span> <span class='ocrx_word' id='word_1_277' title='bbox 1350 2403 1491 2475; x_wconf 90' lang='lat' dir='ltr'><strong>Sisaram,</strong></span> <span class='ocrx_word' id='word_1_278' title='bbox 1516 2422 1605 2479; x_wconf 91' lang='lat' dir='ltr'><strong>quem</strong></span> <span class='ocrx_word' id='word_1_279' title='bbox 1625 2411 1724 2463; x_wconf 65' lang='lat' dir='ltr'><strong>umen</strong></span> 
     </span>
     <span class='ocr_line' id='line_1_24' title="bbox 87 2488 1724 2569; baseline 0.001 -20"><span class='ocrx_word' id='word_1_280' title='bbox 87 2488 174 2549; x_wconf 63' lang='lat' dir='ltr'><strong>nia</strong></span> <span class='ocrx_word' id='word_1_281' title='bbox 187 2506 262 2564; x_wconf 89' lang='lat' dir='ltr'><strong>pace</strong></span> <span class='ocrx_word' id='word_1_282' title='bbox 277 2493 397 2565; x_wconf 87' lang='lat' dir='ltr'><strong>quidem</strong></span> <span class='ocrx_word' id='word_1_283' title='bbox 418 2494 499 2549; x_wconf 91' lang='lat' dir='ltr'><strong>nulla</strong></span> <span class='ocrx_word' id='word_1_284' title='bbox 522 2496 716 2569; x_wconf 88' lang='lat' dir='ltr'><strong>querimonia,</strong></span> <span class='ocrx_word' id='word_1_285' title='bbox 733 2497 833 2555; x_wconf 88' lang='lat' dir='ltr'><strong>nullus</strong></span> <span class='ocrx_word' id='word_1_286' title='bbox 893 2510 1019 2553; x_wconf 89' lang='lat' dir='ltr'><strong>corusco</strong></span> <span class='ocrx_word' id='word_1_287' title='bbox 1047 2495 1132 2564; x_wconf 88' lang='lat' dir='ltr'><strong>duce,</strong></span> <span class='ocrx_word' id='word_1_288' title='bbox 1164 2494 1220 2548; x_wconf 90' lang='lat' dir='ltr'><strong>hoc</strong></span> <span class='ocrx_word' id='word_1_289' title='bbox 1247 2493 1325 2548; x_wconf 88' lang='lat' dir='ltr'><strong>enirn</strong></span> <span class='ocrx_word' id='word_1_290' title='bbox 1350 2493 1499 2567; x_wconf 78' lang='lat' dir='ltr'><strong>siguificat</strong></span> <span class='ocrx_word' id='word_1_291' title='bbox 1523 2494 1724 2566; x_wconf 84' lang='lat' dir='ltr'><strong>interpretatio</strong></span> 
     </span>
     <span class='ocr_line' id='line_1_25' title="bbox 77 2580 1723 2658; baseline 0.002 -19"><span class='ocrx_word' id='word_1_292' title='bbox 77 2580 229 2639; x_wconf 69' lang='lat' dir='ltr'><strong>*mulieris</strong></span> <span class='ocrx_word' id='word_1_293' title='bbox 239 2582 402 2639; x_wconf 85' lang='lat' dir='ltr'><strong>invenitur:</strong></span> <span class='ocrx_word' id='word_1_294' title='bbox 424 2599 491 2639; x_wconf 90' lang='lat' dir='ltr'><strong>cum</strong></span> <span class='ocrx_word' id='word_1_295' title='bbox 501 2584 635 2658; x_wconf 82' lang='lat' dir='ltr'><strong>plerique</strong></span> <span class='ocrx_word' id='word_1_296' title='bbox 650 2603 709 2643; x_wconf 93' lang='lat' dir='ltr'><strong>non</strong></span> <span class='ocrx_word' id='word_1_297' title='bbox 726 2589 835 2645; x_wconf 89' lang='lat' dir='ltr'><strong>medio·</strong></span> <span class='ocrx_word' id='word_1_298' title='bbox 892 2584 1018 2655; x_wconf 89' lang='lat' dir='ltr'><strong>Baraeh,</strong></span> <span class='ocrx_word' id='word_1_299' title='bbox 1036 2598 1141 2638; x_wconf 90' lang='lat' dir='ltr'><strong>manus</strong></span> <span class='ocrx_word' id='word_1_300' title='bbox 1154 2584 1288 2638; x_wconf 82' lang='lat' dir='ltr'><strong>veterum</strong></span> <span class='ocrx_word' id='word_1_301' title='bbox 1302 2581 1638 2655; x_wconf 78' lang='lat' dir='ltr'><strong>irrgnveratludaeorum</strong></span> <span class='ocrx_word' id='word_1_302' title='bbox 1651 2585 1723 2656; x_wconf 76' lang='lat' dir='ltr'><strong>(bdlt</strong></span> 
     </span>
     <span class='ocr_line' id='line_1_26' title="bbox 77 2665 1726 2749; baseline 0.002 -21"><span class='ocrx_word' id='word_1_303' title='bbox 77 2674 310 2744; x_wconf 81' lang='lat' dir='ltr'><strong>speccatorum</strong></span> <span class='ocrx_word' id='word_1_304' title='bbox 340 2676 477 2729; x_wconf 84' lang='lat' dir='ltr'><strong>auctores</strong></span> <span class='ocrx_word' id='word_1_305' title='bbox 500 2675 608 2744; x_wconf 92' lang='lat' dir='ltr'><strong>populo</strong></span> <span class='ocrx_word' id='word_1_306' title='bbox 640 2691 695 2731; x_wconf 92' lang='lat' dir='ltr'><strong>suo</strong></span> <span class='ocrx_word' id='word_1_307' title='bbox 716 2675 836 2749; x_wconf 82' lang='lat' dir='ltr'><strong>judiees</strong></span> <span class='ocrx_word' id='word_1_308' title='bbox 895 2665 967 2730; x_wconf 92' lang='grc'><strong>199</strong></span> <span class='ocrx_word' id='word_1_309' title='bbox 982 2673 1154 2744; x_wconf 79' lang='lat' dir='ltr'><strong>frequenter</strong></span> <span class='ocrx_word' id='word_1_310' title='bbox 1173 2670 1262 2742; x_wconf 89' lang='lat' dir='ltr'><strong>enim,</strong></span> <span class='ocrx_word' id='word_1_311' title='bbox 1283 2674 1315 2727; x_wconf 89' lang='lat' dir='ltr'><strong>ut</strong></span> <span class='ocrx_word' id='word_1_312' title='bbox 1333 2671 1472 2745; x_wconf 79' lang='lat' dir='ltr'><strong>legimus,</strong></span> <span class='ocrx_word' id='word_1_313' title='bbox 1492 2673 1675 2729; x_wconf 87' lang='lat' dir='ltr'><strong>orationibus</strong></span> <span class='ocrx_word' id='word_1_314' title='bbox 1697 2679 1726 2731; x_wconf 92' lang='lat' dir='ltr'><strong>et</strong></span> 
     </span>
     <span class='ocr_line' id='line_1_27' title="bbox 77 2758 1726 2837; baseline 0.001 -20"><span class='ocrx_word' id='word_1_315' title='bbox 77 2758 199 2817; x_wconf 56' lang='lat' dir='ltr'><strong>beot.</strong></span> <span class='ocrx_word' id='word_1_316' title='bbox 211 2760 271 2815; x_wconf 90' lang='lat' dir='ltr'><strong>Ubi</strong></span> <span class='ocrx_word' id='word_1_317' title='bbox 281 2776 352 2816; x_wconf 87' lang='lat' dir='ltr'><strong>vero</strong></span> <span class='ocrx_word' id='word_1_318' title='bbox 362 2760 531 2832; x_wconf 83' lang='lat' dir='ltr'><strong>Chananaei,</strong></span> <span class='ocrx_word' id='word_1_319' title='bbox 540 2778 617 2835; x_wconf 79' lang='lat' dir='ltr'><strong>gens</strong></span> <span class='ocrx_word' id='word_1_320' title='bbox 628 2758 834 2837; x_wconf 66' lang='lat' dir='ltr'><strong>ieroipraelio,</strong></span> <span class='ocrx_word' id='word_1_321' title='bbox 892 2761 1006 2817; x_wconf 88' lang='lat' dir='ltr'><strong>meritis</strong></span> <span class='ocrx_word' id='word_1_322' title='bbox 1021 2760 1231 2833; x_wconf 88' lang='lat' dir='ltr'><strong>prophetarum</strong></span> <span class='ocrx_word' id='word_1_323' title='bbox 1246 2759 1378 2815; x_wconf 88' lang='lat' dir='ltr'><strong>ooelestia</strong></span> <span class='ocrx_word' id='word_1_324' title='bbox 1392 2759 1641 2831; x_wconf 90' lang='lat' dir='ltr'><strong>patribusaduere</strong></span> <span class='ocrx_word' id='word_1_325' title='bbox 1651 2762 1726 2818; x_wconf 89' lang='lat' dir='ltr'><strong>sub-</strong></span> 
     </span>
     <span class='ocr_line' id='line_1_28' title="bbox 77 2846 1725 2923; baseline 0.002 -19"><span class='ocrx_word' id='word_1_326' title='bbox 77 2846 229 2907; x_wconf 69' lang='lat' dir='ltr'><strong>luntium</strong></span> <span class='ocrx_word' id='word_1_327' title='bbox 247 2850 398 2921; x_wconf 89' lang='lat' dir='ltr'><strong>copiarum</strong></span> <span class='ocrx_word' id='word_1_328' title='bbox 419 2852 517 2922; x_wconf 89' lang='lat' dir='ltr'><strong>opima</strong></span> <span class='ocrx_word' id='word_1_329' title='bbox 537 2868 694 2923; x_wconf 90' lang='lat' dir='ltr'><strong>successu,</strong></span> <span class='ocrx_word' id='word_1_330' title='bbox 712 2854 836 2911; x_wconf 83' lang='lat' dir='ltr'><strong>hostiles</strong></span> <span class='ocrx_word' id='word_1_331' title='bbox 893 2850 979 2906; x_wconf 88' lang='lat' dir='ltr'><strong>sidia.</strong></span> <span class='ocrx_word' id='word_1_332' title='bbox 996 2849 1055 2906; x_wconf 87' lang='lat' dir='ltr'><strong>Sed</strong></span> <span class='ocrx_word' id='word_1_333' title='bbox 1075 2849 1122 2904; x_wconf 91' lang='lat' dir='ltr'><strong>his</strong></span> <span class='ocrx_word' id='word_1_334' title='bbox 1144 2849 1207 2921; x_wconf 81' lang='lat' dir='ltr'><strong>jam</strong></span> <span class='ocrx_word' id='word_1_335' title='bbox 1227 2852 1296 2904; x_wconf 88' lang='lat' dir='ltr'><strong>tunc</strong></span> <span class='ocrx_word' id='word_1_336' title='bbox 1316 2849 1352 2904; x_wconf 90' lang='lat' dir='ltr'><strong>de</strong></span> <span class='ocrx_word' id='word_1_337' title='bbox 1376 2849 1515 2921; x_wconf 91' lang='lat' dir='ltr'><strong>nequitiis</strong></span> <span class='ocrx_word' id='word_1_338' title='bbox 1540 2849 1725 2921; x_wconf 86' lang='lat' dir='ltr'><strong>spiritalibus</strong></span> 
     </span>
     <span class='ocr_line' id='line_1_29' title="bbox 77 2937 1724 3014; baseline 0.003 -22"><span class='ocrx_word' id='word_1_339' title='bbox 77 2938 191 3012; x_wconf 68' lang='lat' dir='ltr'><strong>putam</strong></span> <span class='ocrx_word' id='word_1_340' title='bbox 214 2938 386 2994; x_wconf 76' lang='lat' dir='ltr'><strong>iudaeorum</strong></span> <span class='ocrx_word' id='word_1_341' title='bbox 411 2941 526 2996; x_wconf 89' lang='lat' dir='ltr'><strong>animos</strong></span> <span class='ocrx_word' id='word_1_342' title='bbox 549 2942 727 3014; x_wconf 82' lang='lat' dir='ltr'><strong>extulerunt,</strong></span> <span class='ocrx_word' id='word_1_343' title='bbox 748 2945 836 2999; x_wconf 77' lang='lat' dir='ltr'><strong>vidua</strong></span> <span class='ocrx_word' id='word_1_344' title='bbox 893 2939 1016 2994; x_wconf 87' lang='lat' dir='ltr'><strong>victoria</strong></span> <span class='ocrx_word' id='word_1_345' title='bbox 1040 2938 1210 3009; x_wconf 91' lang='lat' dir='ltr'><strong>parabatur,</strong></span> <span class='ocrx_word' id='word_1_346' title='bbox 1229 2937 1339 3009; x_wconf 90' lang='lat' dir='ltr'><strong>quibus</strong></span> <span class='ocrx_word' id='word_1_347' title='bbox 1363 2937 1470 2994; x_wconf 90' lang='lat' dir='ltr'><strong>dicitur</strong></span> <span class='ocrx_word' id='word_1_348' title='bbox 1493 2938 1524 2993; x_wconf 92' lang='lat' dir='ltr'><strong>in</strong></span> <span class='ocrx_word' id='word_1_349' title='bbox 1544 2937 1724 3013; x_wconf 78' lang='lat' dir='ltr'><strong>Evangelio:</strong></span> 
     </span>
     <span class='ocr_line' id='line_1_30' title="bbox 77 3026 1726 3100; baseline -0.001 -15"><span class='ocrx_word' id='word_1_350' title='bbox 77 3029 192 3085; x_wconf 58' lang='lat' dir='ltr'><strong>{teris</strong></span> <span class='ocrx_word' id='word_1_351' title='bbox 205 3026 331 3084; x_wconf 88' lang='lat' dir='ltr'><strong>bellicos</strong></span> <span class='ocrx_word' id='word_1_352' title='bbox 340 3029 458 3083; x_wconf 92' lang='lat' dir='ltr'><strong>instruit</strong></span> <span class='ocrx_word' id='word_1_353' title='bbox 468 3035 637 3100; x_wconf 85' lang='lat' dir='ltr'><strong>apparatus.</strong></span> <span class='ocrx_word' id='word_1_354' title='bbox 650 3031 685 3086; x_wconf 81' lang='lat' dir='ltr'><strong>Et</strong></span> <span class='ocrx_word' id='word_1_355' title='bbox 696 3036 725 3087; x_wconf 91' lang='lat' dir='ltr'><strong>ut</strong></span> <span class='ocrx_word' id='word_1_356' title='bbox 736 3033 836 3089; x_wconf 77' lang='lat' dir='ltr'><strong>discas</strong></span> <span class='ocrx_word' id='word_1_357' title='bbox 899 3028 1013 3097; x_wconf 86' lang='lat' dir='ltr'><strong>Venite,</strong></span> <span class='ocrx_word' id='word_1_358' title='bbox 1025 3026 1179 3082; x_wconf 88' lang='lat' dir='ltr'><strong>benedicti</strong></span> <span class='ocrx_word' id='word_1_359' title='bbox 1184 3026 1362 3087; x_wconf 84' lang='lat' dir='ltr'><strong>Patrismei,</strong></span> <span class='ocrx_word' id='word_1_360' title='bbox 1370 3026 1524 3098; x_wconf 86' lang='lat' dir='ltr'><strong>possidete</strong></span> <span class='ocrx_word' id='word_1_361' title='bbox 1528 3035 1665 3100; x_wconf 86' lang='lat' dir='ltr'><strong>paratum</strong></span> <span class='ocrx_word' id='word_1_362' title='bbox 1675 3047 1726 3087; x_wconf 82' lang='lat' dir='ltr'><strong>vo·</strong></span> 
     </span>
     <span class='ocr_line' id='line_1_31' title="bbox 77 3114 1727 3189; baseline 0.001 -18"><span class='ocrx_word' id='word_1_363' title='bbox 77 3116 206 3189; x_wconf 75' lang='lat' dir='ltr'><strong>publicis</strong></span> <span class='ocrx_word' id='word_1_364' title='bbox 222 3116 318 3188; x_wconf 88' lang='lat' dir='ltr'><strong>copiis</strong></span> <span class='ocrx_word' id='word_1_365' title='bbox 334 3117 514 3173; x_wconf 87' lang='lat' dir='ltr'><strong>domesticas</strong></span> <span class='ocrx_word' id='word_1_366' title='bbox 530 3121 726 3176; x_wconf 86' lang='lat' dir='ltr'><strong>necessitates</strong></span> <span class='ocrx_word' id='word_1_367' title='bbox 742 3122 836 3178; x_wconf 84' lang='lat' dir='ltr'><strong>fuisse</strong></span> <span class='ocrx_word' id='word_1_368' title='bbox 894 3114 1727 3189; x_wconf 76' lang='lat' dir='ltr'><strong>bisrepnurnaconstitutionemundi(Mattb.xxv,St).Elr-</strong></span> 
     </span>
     <span class='ocr_line' id='line_1_32' title="bbox 77 3201 1722 3282; baseline -0.001 -19"><span class='ocrx_word' id='word_1_369' title='bbox 77 3205 158 3275; x_wconf 77' lang='lat' dir='ltr'><strong>tm,</strong></span> <span class='ocrx_word' id='word_1_370' title='bbox 176 3205 232 3260; x_wconf 93' lang='lat' dir='ltr'><strong>sed</strong></span> <span class='ocrx_word' id='word_1_371' title='bbox 248 3205 421 3262; x_wconf 86' lang='lat' dir='ltr'><strong>domesticis</strong></span> <span class='ocrx_word' id='word_1_372' title='bbox 437 3207 604 3278; x_wconf 88' lang='lat' dir='ltr'><strong>disciplinis</strong></span> <span class='ocrx_word' id='word_1_373' title='bbox 618 3225 727 3265; x_wconf 87' lang='lat' dir='ltr'><strong>munus</strong></span> <span class='ocrx_word' id='word_1_374' title='bbox 740 3210 837 3282; x_wconf 88' lang='lat' dir='ltr'><strong>publi·</strong></span> <span class='ocrx_word' id='word_1_375' title='bbox 894 3201 1722 3278; x_wconf 80' lang='lat' dir='ltr'><strong>goprincipiumrictoriaeamajoribus,llaisinEeclesia.</strong></span> 
     </span>
     <span class='ocr_line' id='line_1_33' title="bbox 77 3268 1724 3370; baseline 0.001 -20"><span class='ocrx_word' id='word_1_376' title='bbox 77 3294 292 3370; x_wconf 68' lang='lat' dir='ltr'><strong>gubernatum,</strong></span> <span class='ocrx_word' id='word_1_377' title='bbox 309 3295 396 3350; x_wconf 89' lang='lat' dir='ltr'><strong>domo</strong></span> <span class='ocrx_word' id='word_1_378' title='bbox 409 3297 527 3366; x_wconf 89' lang='lat' dir='ltr'><strong>propria</strong></span> <span class='ocrx_word' id='word_1_379' title='bbox 538 3297 629 3353; x_wconf 89' lang='lat' dir='ltr'><strong>tilium</strong></span> <span class='ocrx_word' id='word_1_380' title='bbox 645 3298 750 3355; x_wconf 89' lang='lat' dir='ltr'><strong>ducem</strong></span> <span class='ocrx_word' id='word_1_381' title='bbox 766 3317 836 3370; x_wconf 90' lang='lat' dir='ltr'><strong>pro·</strong></span> <span class='ocrx_word' id='word_1_382' title='bbox 852 3268 878 3331; x_wconf 72' lang='lat' dir='ltr'>c</span> <span class='ocrx_word' id='word_1_383' title='bbox 929 3294 973 3349; x_wconf 72' lang='lat'><strong>⁴9.</strong></span> <span class='ocrx_word' id='word_1_384' title='bbox 990 3293 1124 3349; x_wconf 83' lang='lat' dir='ltr'><strong>Ecclesia</strong></span> <span class='ocrx_word' id='word_1_385' title='bbox 1140 3295 1237 3347; x_wconf 87' lang='lat' dir='ltr'><strong>autem</strong></span> <span class='ocrx_word' id='word_1_386' title='bbox 1247 3307 1306 3346; x_wconf 94' lang='lat' dir='ltr'><strong>non</strong></span> <span class='ocrx_word' id='word_1_387' title='bbox 1320 3292 1411 3346; x_wconf 89' lang='lat' dir='ltr'><strong>armis</strong></span> <span class='ocrx_word' id='word_1_388' title='bbox 1421 3293 1617 3350; x_wconf 79' lang='lat' dir='ltr'><strong>saecularibus</strong></span> <span class='ocrx_word' id='word_1_389' title='bbox 1633 3295 1724 3351; x_wconf 91' lang='lat' dir='ltr'><strong>vincit</strong></span> 
     </span>
     <span class='ocr_line' id='line_1_34' title="bbox 87 3381 1723 3460; baseline 0.002 -20"><span class='ocrx_word' id='word_1_390' title='bbox 87 3384 248 3440; x_wconf 80' lang='lat' dir='ltr'><strong>exercitus</strong></span> <span class='ocrx_word' id='word_1_391' title='bbox 260 3384 352 3453; x_wconf 83' lang='lat' dir='ltr'><strong>(ibid.</strong></span> <span class='ocrx_word' id='word_1_392' title='bbox 370 3385 408 3454; x_wconf 84' lang='grc'><strong>6),</strong></span> <span class='ocrx_word' id='word_1_393' title='bbox 421 3390 452 3440; x_wconf 90' lang='lat' dir='ltr'><strong>ut</strong></span> <span class='ocrx_word' id='word_1_394' title='bbox 470 3388 641 3457; x_wconf 84' lang='lat' dir='ltr'><strong>agnoscatis</strong></span> <span class='ocrx_word' id='word_1_395' title='bbox 653 3389 730 3460; x_wconf 91' lang='lat' dir='ltr'><strong>quod</strong></span> <span class='ocrx_word' id='word_1_396' title='bbox 741 3390 838 3460; x_wconf 89' lang='lat' dir='ltr'><strong>possit</strong></span> <span class='ocrx_word' id='word_1_397' title='bbox 893 3385 1080 3440; x_wconf 90' lang='lat' dir='ltr'><strong>adversarias</strong></span> <span class='ocrx_word' id='word_1_398' title='bbox 1096 3384 1267 3453; x_wconf 81' lang='lat' dir='ltr'><strong>potestates,</strong></span> <span class='ocrx_word' id='word_1_399' title='bbox 1283 3381 1337 3435; x_wconf 91' lang='lat' dir='ltr'><strong>sed</strong></span> <span class='ocrx_word' id='word_1_400' title='bbox 1347 3381 1438 3435; x_wconf 83' lang='lat' dir='ltr'><strong>armis</strong></span> <span class='ocrx_word' id='word_1_401' title='bbox 1453 3382 1646 3457; x_wconf 85' lang='lat' dir='ltr'><strong>spiritalibus,</strong></span> <span class='ocrx_word' id='word_1_402' title='bbox 1656 3403 1723 3460; x_wconf 77' lang='lat' dir='ltr'><strong>quae</strong></span> 
     </span>
     <span class='ocr_line' id='line_1_35' title="bbox 77 3469 1724 3548; baseline 0.002 -18"><span class='ocrx_word' id='word_1_403' title='bbox 77 3473 255 3530; x_wconf 76' lang='lat' dir='ltr'><strong>uerevidun</strong></span> <span class='ocrx_word' id='word_1_404' title='bbox 263 3472 436 3528; x_wconf 87' lang='lat' dir='ltr'><strong>bellatorem</strong></span> <span class='ocrx_word' id='word_1_405' title='bbox 447 3474 503 3545; x_wconf 79' lang='lat'>(⁴8)</span> <span class='ocrx_word' id='word_1_406' title='bbox 516 3490 523 3529; x_wconf 76' lang='grc' dir='ltr'><strong><em>ε</em></strong></span> <span class='ocrx_word' id='word_1_407' title='bbox 540 3491 627 3547; x_wconf 89' lang='lat' dir='ltr'><strong>quem</strong></span> <span class='ocrx_word' id='word_1_408' title='bbox 643 3478 731 3548; x_wconf 89' lang='lat' dir='ltr'><strong>quasi</strong></span> <span class='ocrx_word' id='word_1_409' title='bbox 745 3483 838 3534; x_wconf 88' lang='lat' dir='ltr'><strong>mater</strong></span> <span class='ocrx_word' id='word_1_410' title='bbox 893 3476 963 3528; x_wconf 91' lang='lat' dir='ltr'><strong>sunt</strong></span> <span class='ocrx_word' id='word_1_411' title='bbox 981 3471 1067 3527; x_wconf 88' lang='lat' dir='ltr'><strong>iortia</strong></span> <span class='ocrx_word' id='word_1_412' title='bbox 1079 3471 1139 3526; x_wconf 90' lang='lat' dir='ltr'><strong>Deo</strong></span> <span class='ocrx_word' id='word_1_413' title='bbox 1150 3470 1186 3525; x_wconf 89' lang='lat' dir='ltr'><strong>ad</strong></span> <span class='ocrx_word' id='word_1_414' title='bbox 1200 3469 1397 3525; x_wconf 89' lang='lat' dir='ltr'><strong>destruendas</strong></span> <span class='ocrx_word' id='word_1_415' title='bbox 1415 3471 1604 3543; x_wconf 88' lang='lat' dir='ltr'><strong>munitiones,</strong></span> <span class='ocrx_word' id='word_1_416' title='bbox 1616 3478 1646 3531; x_wconf 90' lang='lat' dir='ltr'><strong>et</strong></span> <span class='ocrx_word' id='word_1_417' title='bbox 1660 3476 1724 3533; x_wconf 89' lang='lat' dir='ltr'><strong>alti·</strong></span> 
     </span>
     <span class='ocr_line' id='line_1_36' title="bbox 77 3559 1725 3637; baseline 0.004 -19"><span class='ocrx_word' id='word_1_418' title='bbox 77 3562 118 3633; x_wconf 87' lang='lat' dir='ltr'><strong>iit,</strong></span> <span class='ocrx_word' id='word_1_419' title='bbox 133 3563 226 3634; x_wconf 85' lang='lat' dir='ltr'><strong>quasi</strong></span> <span class='ocrx_word' id='word_1_420' title='bbox 243 3561 337 3632; x_wconf 86' lang='lat' dir='ltr'><strong>y&#39;udex</strong></span> <span class='ocrx_word' id='word_1_421' title='bbox 352 3563 524 3633; x_wconf 79' lang='lat' dir='ltr'><strong>praeposuit,</strong></span> <span class='ocrx_word' id='word_1_422' title='bbox 541 3566 627 3637; x_wconf 91' lang='lat' dir='ltr'><strong>quasi</strong></span> <span class='ocrx_word' id='word_1_423' title='bbox 649 3565 734 3622; x_wconf 84' lang='lat' dir='ltr'><strong>fortis</strong></span> <span class='ocrx_word' id='word_1_424' title='bbox 754 3568 838 3622; x_wconf 89' lang='lat' dir='ltr'><strong>insti·</strong></span> <span class='ocrx_word' id='word_1_425' title='bbox 893 3563 1024 3618; x_wconf 85' lang='lat' dir='ltr'><strong>tudinem</strong></span> <span class='ocrx_word' id='word_1_426' title='bbox 1047 3560 1186 3633; x_wconf 73' lang='lat' dir='ltr'><strong>nequitis</strong></span> <span class='ocrx_word' id='word_1_427' title='bbox 1210 3559 1352 3631; x_wconf 89' lang='lat' dir='ltr'><strong>spiritalis</strong></span> <span class='ocrx_word' id='word_1_428' title='bbox 1376 3559 1419 3629; x_wconf 81' lang='lat' dir='ltr'><strong>(II</strong></span> <span class='ocrx_word' id='word_1_429' title='bbox 1437 3560 1504 3617; x_wconf 88' lang='lat' dir='ltr'><strong>Cor.</strong></span> <span class='ocrx_word' id='word_1_430' title='bbox 1526 3579 1555 3633; x_wconf 89' lang='lat' dir='ltr'><strong>x,</strong></span> <span class='ocrx_word' id='word_1_431' title='bbox 1579 3563 1606 3634; x_wconf 85' lang='lat' dir='ltr'><strong>t,</strong></span> <span class='ocrx_word' id='word_1_432' title='bbox 1629 3566 1667 3636; x_wconf 83' lang='lat'><strong>5).</strong></span> <span class='ocrx_word' id='word_1_433' title='bbox 1689 3567 1725 3624; x_wconf 85' lang='lat' dir='ltr'><strong>Et</strong></span> 
     </span>
     <span class='ocr_line' id='line_1_37' title="bbox 77 3648 1723 3726; baseline 0.004 -21"><span class='ocrx_word' id='word_1_434' title='bbox 77 3651 169 3726; x_wconf 76' lang='lat' dir='ltr'><strong>qussi</strong></span> <span class='ocrx_word' id='word_1_435' title='bbox 186 3650 377 3721; x_wconf 85' lang='lat' dir='ltr'><strong>prophetissa</strong></span> <span class='ocrx_word' id='word_1_436' title='bbox 392 3652 525 3708; x_wconf 74' lang='lat' dir='ltr'><strong>victoria</strong></span> <span class='ocrx_word' id='word_1_437' title='bbox 550 3660 639 3709; x_wconf 85' lang='lat' dir='ltr'><strong>certae</strong></span> <span class='ocrx_word' id='word_1_438' title='bbox 661 3657 835 3711; x_wconf 89' lang='lat' dir='ltr'><strong>transmisit.</strong></span> <span class='ocrx_word' id='word_1_439' title='bbox 893 3652 960 3707; x_wconf 87' lang='lat' dir='ltr'><strong>ideo</strong></span> <span class='ocrx_word' id='word_1_440' title='bbox 975 3651 1085 3707; x_wconf 86' lang='lat' dir='ltr'><strong>Sisarae</strong></span> <span class='ocrx_word' id='word_1_441' title='bbox 1101 3650 1168 3704; x_wconf 89' lang='lat' dir='ltr'><strong>sitis</strong></span> <span class='ocrx_word' id='word_1_442' title='bbox 1182 3648 1268 3704; x_wconf 90' lang='lat' dir='ltr'><strong>lactis</strong></span> <span class='ocrx_word' id='word_1_443' title='bbox 1284 3648 1390 3719; x_wconf 88' lang='lat' dir='ltr'><strong>poculo</strong></span> <span class='ocrx_word' id='word_1_444' title='bbox 1405 3649 1601 3723; x_wconf 78' lang='lat' dir='ltr'><strong>restinguitur</strong></span> <span class='ocrx_word' id='word_1_445' title='bbox 1614 3654 1723 3725; x_wconf 74' lang='lat' dir='ltr'><strong>(tudio.</strong></span> 
     </span>
     <span class='ocr_line' id='line_1_38' title="bbox 90 3738 1724 3813; baseline 0.003 -16"><span class='ocrx_word' id='word_1_446' title='bbox 90 3738 234 3811; x_wconf 83' lang='lat' dir='ltr'><strong>Denique</strong></span> <span class='ocrx_word' id='word_1_447' title='bbox 256 3741 288 3794; x_wconf 92' lang='lat' dir='ltr'><strong>in</strong></span> <span class='ocrx_word' id='word_1_448' title='bbox 308 3740 442 3796; x_wconf 89' lang='lat' dir='ltr'><strong>mulieris</strong></span> <span class='ocrx_word' id='word_1_449' title='bbox 465 3757 554 3797; x_wconf 93' lang='lat' dir='ltr'><strong>manu</strong></span> <span class='ocrx_word' id='word_1_450' title='bbox 575 3758 721 3799; x_wconf 88' lang='lat' dir='ltr'><strong>summam</strong></span> <span class='ocrx_word' id='word_1_451' title='bbox 742 3744 838 3801; x_wconf 86' lang='lat' dir='ltr'><strong>luisse</strong></span> <span class='ocrx_word' id='word_1_452' title='bbox 894 3757 933 3811; x_wconf 82' lang='lat' dir='ltr'><strong>tv,</strong></span> <span class='ocrx_word' id='word_1_453' title='bbox 955 3741 1010 3811; x_wconf 78' lang='grc'><strong>19),</strong></span> <span class='ocrx_word' id='word_1_454' title='bbox 1033 3739 1102 3813; x_wconf 86' lang='lat' dir='ltr'><strong>quia</strong></span> <span class='ocrx_word' id='word_1_455' title='bbox 1126 3738 1238 3793; x_wconf 89' lang='lat' dir='ltr'><strong>ratione</strong></span> <span class='ocrx_word' id='word_1_456' title='bbox 1262 3741 1421 3808; x_wconf 89' lang='lat' dir='ltr'><strong>superatur</strong></span> <span class='ocrx_word' id='word_1_457' title='bbox 1440 3740 1517 3811; x_wconf 75' lang='lat'><strong>(51),</strong></span> <span class='ocrx_word' id='word_1_458' title='bbox 1542 3742 1620 3813; x_wconf 93' lang='lat' dir='ltr'><strong>quod</strong></span> <span class='ocrx_word' id='word_1_459' title='bbox 1645 3745 1724 3802; x_wconf 91' lang='lat' dir='ltr'><strong>enim</strong></span> 
     </span>
     <span class='ocr_line' id='line_1_39' title="bbox 77 3827 1725 3903; baseline 0.003 -16"><span class='ocrx_word' id='word_1_460' title='bbox 77 3827 132 3887; x_wconf 71' lang='lat' dir='ltr'><strong>rin</strong></span> <span class='ocrx_word' id='word_1_461' title='bbox 143 3829 558 3887; x_wconf 85' lang='lat' dir='ltr'><strong>docetBarachtiliusdicens</strong></span> <span class='ocrx_word' id='word_1_462' title='bbox 572 3848 578 3887; x_wconf 73' lang='grc' dir='ltr'>ε</span> <span class='ocrx_word' id='word_1_463' title='bbox 594 3833 665 3889; x_wconf 90' lang='lat' dir='ltr'><strong>Nisi</strong></span> <span class='ocrx_word' id='word_1_464' title='bbox 674 3839 704 3887; x_wconf 91' lang='lat' dir='ltr'><strong>tn</strong></span> <span class='ocrx_word' id='word_1_465' title='bbox 718 3836 839 3890; x_wconf 77' lang='lat' dir='ltr'><strong>velleris</strong></span> <span class='ocrx_word' id='word_1_466' title='bbox 894 3830 981 3887; x_wconf 90' lang='lat' dir='ltr'><strong>nobis</strong></span> <span class='ocrx_word' id='word_1_467' title='bbox 997 3829 1126 3884; x_wconf 87' lang='lat' dir='ltr'><strong>salutare</strong></span> <span class='ocrx_word' id='word_1_468' title='bbox 1141 3827 1178 3882; x_wconf 90' lang='lat' dir='ltr'><strong>ad</strong></span> <span class='ocrx_word' id='word_1_469' title='bbox 1195 3841 1305 3898; x_wconf 87' lang='lat' dir='ltr'><strong>eseam,</strong></span> <span class='ocrx_word' id='word_1_470' title='bbox 1322 3827 1378 3883; x_wconf 90' lang='lat' dir='ltr'><strong>hoc</strong></span> <span class='ocrx_word' id='word_1_471' title='bbox 1392 3828 1572 3886; x_wconf 84' lang='lat' dir='ltr'><strong>adversariae</strong></span> <span class='ocrx_word' id='word_1_472' title='bbox 1587 3835 1725 3903; x_wconf 87' lang='lat' dir='ltr'><strong>potestati</strong></span> 
     </span>
    </p>
   </div>
   <div class='ocr_carea' id='block_1_3' title="bbox 77 3951 1728 5524">
    <p class='ocr_par' dir='ltr' id='par_1_3' title="bbox 77 3951 1727 4740">
     <span class='ocr_line' id='line_1_40' title="bbox 77 3951 1724 4032; baseline 0.003 -21"><span class='ocrx_word' id='word_1_473' title='bbox 77 3953 185 4025; x_wconf 65' lang='lat' dir='ltr'><strong>lites.</strong></span> <span class='ocrx_word' id='word_1_474' title='bbox 198 3952 319 4027; x_wconf 91' lang='lat' dir='ltr'><strong>aliquot,</strong></span> <span class='ocrx_word' id='word_1_475' title='bbox 336 3956 505 4026; x_wconf 81' lang='lat' dir='ltr'><strong>capnoscite</strong></span> <span class='ocrx_word' id='word_1_476' title='bbox 519 3955 604 4012; x_wconf 88' lang='lat' dir='ltr'><strong>alias.</strong></span> <span class='ocrx_word' id='word_1_477' title='bbox 894 3955 973 4029; x_wconf 92' lang='lat' dir='ltr'><strong>quod</strong></span> <span class='ocrx_word' id='word_1_478' title='bbox 994 3952 1138 4026; x_wconf 84' lang='lat' dir='ltr'><strong>Lepidotlr</strong></span> <span class='ocrx_word' id='word_1_479' title='bbox 1154 3967 1213 4007; x_wconf 94' lang='lat' dir='ltr'><strong>non</strong></span> <span class='ocrx_word' id='word_1_480' title='bbox 1237 3951 1294 4006; x_wconf 88' lang='lat' dir='ltr'><strong>viri</strong></span> <span class='ocrx_word' id='word_1_481' title='bbox 1315 3967 1434 4020; x_wconf 87' lang='lat' dir='ltr'><strong>nornen,</strong></span> <span class='ocrx_word' id='word_1_482' title='bbox 1455 3954 1509 4010; x_wconf 90' lang='lat' dir='ltr'><strong>sed</strong></span> <span class='ocrx_word' id='word_1_483' title='bbox 1530 3956 1603 4013; x_wconf 88' lang='lat' dir='ltr'><strong>artis</strong></span> <span class='ocrx_word' id='word_1_484' title='bbox 1623 3963 1724 4032; x_wconf 73' lang='lat' dir='ltr'><strong>esset,</strong></span> 
     </span>
     <span class='ocr_line' id='line_1_41' title="bbox 77 4020 1725 4097; baseline 0.002 -15"><span class='ocrx_word' id='word_1_485' title='bbox 77 4020 185 4097; x_wconf 61' lang='lat' dir='ltr'><strong>ntes.</strong></span> <span class='ocrx_word' id='word_1_486' title='bbox 206 4041 266 4080; x_wconf 88' lang='lat' dir='ltr'><strong>non</strong></span> <span class='ocrx_word' id='word_1_487' title='bbox 286 4027 382 4096; x_wconf 91' lang='lat' dir='ltr'><strong>pauci,</strong></span> <span class='ocrx_word' id='word_1_488' title='bbox 404 4026 458 4081; x_wconf 84' lang='lat' dir='ltr'><strong>scd</strong></span> <span class='ocrx_word' id='word_1_489' title='bbox 477 4027 556 4082; x_wconf 90' lang='lat' dir='ltr'><strong>nulla</strong></span> <span class='ocrx_word' id='word_1_490' title='bbox 579 4033 649 4083; x_wconf 87' lang='lat' dir='ltr'><strong>ante</strong></span> <span class='ocrx_word' id='word_1_491' title='bbox 668 4028 771 4085; x_wconf 78' lang='lat' dir='ltr'><strong>Judith</strong></span> <span class='ocrx_word' id='word_1_492' title='bbox 790 4029 837 4086; x_wconf 73' lang='lat' dir='ltr'><strong>te·</strong></span> <span class='ocrx_word' id='word_1_493' title='bbox 893 4025 1018 4097; x_wconf 90' lang='lat' dir='ltr'><strong>proinde</strong></span> <span class='ocrx_word' id='word_1_494' title='bbox 1041 4040 1077 4080; x_wconf 90' lang='lat' dir='ltr'><strong>ue</strong></span> <span class='ocrx_word' id='word_1_495' title='bbox 1100 4039 1159 4080; x_wconf 93' lang='lat' dir='ltr'><strong>non</strong></span> <span class='ocrx_word' id='word_1_496' title='bbox 1175 4038 1298 4079; x_wconf 85' lang='lat' dir='ltr'><strong>uxorem</strong></span> <span class='ocrx_word' id='word_1_497' title='bbox 1323 4023 1481 4096; x_wconf 83' lang='lat' dir='ltr'><strong>Lepidoth,</strong></span> <span class='ocrx_word' id='word_1_498' title='bbox 1497 4042 1602 4083; x_wconf 85' lang='lat' dir='ltr'><strong>verum</strong></span> <span class='ocrx_word' id='word_1_499' title='bbox 1618 4029 1725 4087; x_wconf 90' lang='lat' dir='ltr'><strong>mulie-</strong></span> 
     </span>
     <span class='ocr_line' id='line_1_42' title="bbox 86 4093 1725 4172; baseline 0.003 -19"><span class='ocrx_word' id='word_1_500' title='bbox 86 4112 233 4163; x_wconf 60' lang='lat' dir='ltr'><strong>sunus...</strong></span> <span class='ocrx_word' id='word_1_501' title='bbox 253 4096 422 4152; x_wconf 81' lang='lat' dir='ltr'><strong>Debboram</strong></span> <span class='ocrx_word' id='word_1_502' title='bbox 441 4097 560 4153; x_wconf 77' lang='lat' dir='ltr'><strong>femina.</strong></span> <span class='ocrx_word' id='word_1_503' title='bbox 584 4099 728 4155; x_wconf 87' lang='lat' dir='ltr'><strong>Convenit</strong></span> <span class='ocrx_word' id='word_1_504' title='bbox 749 4118 837 4172; x_wconf 92' lang='lat' dir='ltr'><strong>porro</strong></span> <span class='ocrx_word' id='word_1_505' title='bbox 894 4114 956 4155; x_wconf 90' lang='lat' dir='ltr'><strong>rern</strong></span> <span class='ocrx_word' id='word_1_506' title='bbox 972 4097 1032 4168; x_wconf 81' lang='lat' dir='ltr'><strong>Lyo</strong></span> <span class='ocrx_word' id='word_1_507' title='bbox 1057 4095 1167 4149; x_wconf 86' lang='lat' dir='ltr'><strong>nariam</strong></span> <span class='ocrx_word' id='word_1_508' title='bbox 1191 4093 1364 4149; x_wconf 88' lang='lat' dir='ltr'><strong>vertendum</strong></span> <span class='ocrx_word' id='word_1_509' title='bbox 1389 4100 1521 4167; x_wconf 87' lang='lat' dir='ltr'><strong>censent,</strong></span> <span class='ocrx_word' id='word_1_510' title='bbox 1548 4114 1614 4170; x_wconf 85' lang='lat' dir='ltr'><strong>quae</strong></span> <span class='ocrx_word' id='word_1_511' title='bbox 1633 4102 1725 4158; x_wconf 93' lang='lat' dir='ltr'><strong>multo</strong></span> 
     </span>
     <span class='ocr_line' id='line_1_43' title="bbox 92 4166 1726 4244; baseline 0.002 -20"><span class='ocrx_word' id='word_1_512' title='bbox 92 4168 291 4233; x_wconf 70' lang='lat' dir='ltr'><strong>Ambrosium</strong></span> <span class='ocrx_word' id='word_1_513' title='bbox 316 4172 404 4239; x_wconf 90' lang='lat' dir='ltr'><strong>atque</strong></span> <span class='ocrx_word' id='word_1_514' title='bbox 434 4168 646 4241; x_wconf 75' lang='lat' dir='ltr'><strong>Hieronymum</strong></span> <span class='ocrx_word' id='word_1_515' title='bbox 671 4172 839 4228; x_wconf 87' lang='lat' dir='ltr'><strong>Debboram</strong></span> <span class='ocrx_word' id='word_1_516' title='bbox 895 4169 1079 4226; x_wconf 88' lang='lat' dir='ltr'><strong>communior</strong></span> <span class='ocrx_word' id='word_1_517' title='bbox 1093 4167 1192 4236; x_wconf 92' lang='lat' dir='ltr'><strong>opinio</strong></span> <span class='ocrx_word' id='word_1_518' title='bbox 1208 4168 1263 4220; x_wconf 86' lang='lat' dir='ltr'><strong>est.</strong></span> <span class='ocrx_word' id='word_1_519' title='bbox 1280 4166 1344 4220; x_wconf 90' lang='lat' dir='ltr'><strong>Nos</strong></span> <span class='ocrx_word' id='word_1_520' title='bbox 1358 4170 1457 4222; x_wconf 91' lang='lat' dir='ltr'><strong>tamen</strong></span> <span class='ocrx_word' id='word_1_521' title='bbox 1471 4168 1629 4226; x_wconf 78' lang='lat' dir='ltr'><strong>Ambrosio</strong></span> <span class='ocrx_word' id='word_1_522' title='bbox 1640 4173 1726 4244; x_wconf 85' lang='lat' dir='ltr'><strong>Lapi-</strong></span> 
     </span>
     <span class='ocr_line' id='line_1_44' title="bbox 77 4236 1724 4314; baseline -0.001 -15"><span class='ocrx_word' id='word_1_523' title='bbox 77 4238 204 4299; x_wconf 72' lang='lat' dir='ltr'><strong>eurum</strong></span> <span class='ocrx_word' id='word_1_524' title='bbox 219 4240 378 4309; x_wconf 77' lang='lat' dir='ltr'><strong>praefuisse</strong></span> <span class='ocrx_word' id='word_1_525' title='bbox 390 4238 531 4310; x_wconf 75' lang='lat' dir='ltr'><strong>judiciis:</strong></span> <span class='ocrx_word' id='word_1_526' title='bbox 550 4245 646 4296; x_wconf 90' lang='lat' dir='ltr'><strong>utrum</strong></span> <span class='ocrx_word' id='word_1_527' title='bbox 658 4259 727 4299; x_wconf 87' lang='lat' dir='ltr'><strong>vero</strong></span> <span class='ocrx_word' id='word_1_528' title='bbox 737 4245 839 4300; x_wconf 86' lang='lat' dir='ltr'><strong>eadem</strong></span> <span class='ocrx_word' id='word_1_529' title='bbox 895 4241 975 4297; x_wconf 85' lang='lat' dir='ltr'><strong>deth.</strong></span> <span class='ocrx_word' id='word_1_530' title='bbox 993 4238 1138 4294; x_wconf 86' lang='lat' dir='ltr'><strong>Debborae</strong></span> <span class='ocrx_word' id='word_1_531' title='bbox 1154 4236 1249 4291; x_wconf 88' lang='lat' dir='ltr'><strong>mariti</strong></span> <span class='ocrx_word' id='word_1_532' title='bbox 1263 4252 1371 4292; x_wconf 90' lang='lat' dir='ltr'><strong>nomen</strong></span> <span class='ocrx_word' id='word_1_533' title='bbox 1392 4238 1487 4295; x_wconf 80' lang='lat' dir='ltr'><strong>tuisse</strong></span> <span class='ocrx_word' id='word_1_534' title='bbox 1508 4241 1724 4314; x_wconf 84' lang='lat' dir='ltr'><strong>existimamus,</strong></span> 
     </span>
     <span class='ocr_line' id='line_1_45' title="bbox 77 4307 1726 4383; baseline -0.001 -14"><span class='ocrx_word' id='word_1_535' title='bbox 77 4310 264 4379; x_wconf 80' lang='lat' dir='ltr'><strong>sexstilerit,</strong></span> <span class='ocrx_word' id='word_1_536' title='bbox 280 4315 415 4365; x_wconf 88' lang='lat' dir='ltr'><strong>acmater</strong></span> <span class='ocrx_word' id='word_1_537' title='bbox 427 4311 550 4382; x_wconf 86' lang='lat' dir='ltr'><strong>Barach,</strong></span> <span class='ocrx_word' id='word_1_538' title='bbox 568 4329 627 4368; x_wconf 94' lang='lat' dir='ltr'><strong>non</strong></span> <span class='ocrx_word' id='word_1_539' title='bbox 639 4317 837 4371; x_wconf 89' lang='lat' dir='ltr'><strong>consentiunt.</strong></span> <span class='ocrx_word' id='word_1_540' title='bbox 895 4313 948 4367; x_wconf 92' lang='lat' dir='ltr'><strong>sed</strong></span> <span class='ocrx_word' id='word_1_541' title='bbox 963 4309 1079 4378; x_wconf 91' lang='lat' dir='ltr'><strong>mortui,</strong></span> <span class='ocrx_word' id='word_1_542' title='bbox 1095 4312 1182 4381; x_wconf 90' lang='lat' dir='ltr'><strong>atque</strong></span> <span class='ocrx_word' id='word_1_543' title='bbox 1206 4307 1279 4364; x_wconf 90' lang='lat' dir='ltr'><strong>adeo</strong></span> <span class='ocrx_word' id='word_1_544' title='bbox 1297 4325 1418 4364; x_wconf 83' lang='lat' dir='ltr'><strong>urerenr</strong></span> <span class='ocrx_word' id='word_1_545' title='bbox 1438 4310 1582 4381; x_wconf 82' lang='lat' dir='ltr'><strong>Lepidotb</strong></span> <span class='ocrx_word' id='word_1_546' title='bbox 1597 4313 1726 4383; x_wconf 90' lang='lat' dir='ltr'><strong>positum</strong></span> 
     </span>
     <span class='ocr_line' id='line_1_46' title="bbox 77 4379 1726 4465; baseline 0.001 -28"><span class='ocrx_word' id='word_1_547' title='bbox 77 4382 118 4439; x_wconf 77' lang='lat' dir='ltr'><strong>in</strong></span> <span class='ocrx_word' id='word_1_548' title='bbox 143 4381 345 4452; x_wconf 75' lang='lat' dir='ltr'><strong>Hieronymus</strong></span> <span class='ocrx_word' id='word_1_549' title='bbox 371 4382 456 4451; x_wconf 89' lang='lat' dir='ltr'><strong>epist.</strong></span> <span class='ocrx_word' id='word_1_550' title='bbox 473 4384 516 4452; x_wconf 81' lang='lat'><strong>10,</strong></span> <span class='ocrx_word' id='word_1_551' title='bbox 541 4385 578 4438; x_wconf 89' lang='lat' dir='ltr'><strong>nd</strong></span> <span class='ocrx_word' id='word_1_552' title='bbox 592 4384 723 4454; x_wconf 83' lang='lat' dir='ltr'><strong>Furiam,</strong></span> <span class='ocrx_word' id='word_1_553' title='bbox 740 4387 838 4442; x_wconf 91' lang='lat' dir='ltr'><strong>italo·</strong></span> <span class='ocrx_word' id='word_1_554' title='bbox 894 4399 947 4465; x_wconf 85' lang='lat' dir='ltr'><strong>pro</strong></span> <span class='ocrx_word' id='word_1_555' title='bbox 967 4381 1082 4439; x_wconf 84' lang='lat' dir='ltr'><strong>viduam</strong></span> <span class='ocrx_word' id='word_1_556' title='bbox 1102 4379 1354 4450; x_wconf 84' lang='lat' dir='ltr'><strong>Lapid0t11,quod</strong></span> <span class='ocrx_word' id='word_1_557' title='bbox 1376 4380 1574 4450; x_wconf 89' lang='lat' dir='ltr'><strong>scriptoribus</strong></span> <span class='ocrx_word' id='word_1_558' title='bbox 1597 4388 1726 4439; x_wconf 88' lang='lat' dir='ltr'><strong>nonest</strong></span> 
     </span>
     <span class='ocr_line' id='line_1_47' title="bbox 77 4450 1727 4524; baseline -0.001 -14"><span class='ocrx_word' id='word_1_559' title='bbox 77 4468 121 4510; x_wconf 87' lang='lat' dir='ltr'><strong>rr:</strong></span> <span class='ocrx_word' id='word_1_560' title='bbox 150 4476 163 4500; x_wconf 73' lang='grc' dir='ltr'><strong>ο</strong></span> <span class='ocrx_word' id='word_1_561' title='bbox 181 4453 305 4517; x_wconf 80' lang='lat' dir='ltr'><strong>Quidam</strong></span> <span class='ocrx_word' id='word_1_562' title='bbox 326 4454 459 4524; x_wconf 89' lang='lat' dir='ltr'><strong>imperite</strong></span> <span class='ocrx_word' id='word_1_563' title='bbox 474 4459 502 4509; x_wconf 91' lang='lat' dir='ltr'><strong>et</strong></span> <span class='ocrx_word' id='word_1_564' title='bbox 522 4455 690 4511; x_wconf 87' lang='lat' dir='ltr'><strong>Debboram</strong></span> <span class='ocrx_word' id='word_1_565' title='bbox 703 4457 779 4511; x_wconf 91' lang='lat' dir='ltr'><strong>inter</strong></span> <span class='ocrx_word' id='word_1_566' title='bbox 792 4459 839 4512; x_wconf 84' lang='lat' dir='ltr'><strong>ri·</strong></span> <span class='ocrx_word' id='word_1_567' title='bbox 895 4453 1039 4509; x_wconf 79' lang='lat' dir='ltr'><strong>insolens.</strong></span> <span class='ocrx_word' id='word_1_568' title='bbox 1056 4450 1139 4515; x_wconf 88' lang='lat' dir='ltr'><strong>Quod</strong></span> <span class='ocrx_word' id='word_1_569' title='bbox 1154 4454 1251 4505; x_wconf 91' lang='lat' dir='ltr'><strong>autem</strong></span> <span class='ocrx_word' id='word_1_570' title='bbox 1266 4450 1380 4505; x_wconf 86' lang='lat' dir='ltr'><strong>Baraeb</strong></span> <span class='ocrx_word' id='word_1_571' title='bbox 1392 4451 1537 4507; x_wconf 81' lang='lat' dir='ltr'><strong>Debborae</strong></span> <span class='ocrx_word' id='word_1_572' title='bbox 1548 4453 1640 4507; x_wconf 85' lang='lat' dir='ltr'><strong>filiam</strong></span> <span class='ocrx_word' id='word_1_573' title='bbox 1654 4454 1727 4509; x_wconf 89' lang='lat' dir='ltr'><strong>dicit</strong></span> 
     </span>
     <span class='ocr_line' id='line_1_48' title="bbox 84 4521 1725 4596; baseline 0 -15"><span class='ocrx_word' id='word_1_574' title='bbox 84 4527 263 4590; x_wconf 79' lang='lat' dir='ltr'><strong>memorant,</strong></span> <span class='ocrx_word' id='word_1_575' title='bbox 276 4525 465 4596; x_wconf 83' lang='lat' dir='ltr'><strong>ducernqueB</strong></span> <span class='ocrx_word' id='word_1_576' title='bbox 476 4526 752 4582; x_wconf 87' lang='lat' dir='ltr'><strong>aracharbitrantur</strong></span> <span class='ocrx_word' id='word_1_577' title='bbox 763 4529 839 4583; x_wconf 89' lang='lat' dir='ltr'><strong>Deb-</strong></span> <span class='ocrx_word' id='word_1_578' title='bbox 895 4523 1083 4592; x_wconf 79' lang='lat' dir='ltr'><strong>Ambrosius,</strong></span> <span class='ocrx_word' id='word_1_579' title='bbox 1099 4522 1219 4593; x_wconf 81' lang='lat' dir='ltr'><strong>neganti</strong></span> <span class='ocrx_word' id='word_1_580' title='bbox 1235 4521 1353 4592; x_wconf 89' lang='lat' dir='ltr'><strong>quidem</strong></span> <span class='ocrx_word' id='word_1_581' title='bbox 1368 4521 1548 4591; x_wconf 75' lang='lat' dir='ltr'><strong>Hieronymo</strong></span> <span class='ocrx_word' id='word_1_582' title='bbox 1564 4523 1665 4595; x_wconf 93' lang='lat' dir='ltr'><strong>plures</strong></span> <span class='ocrx_word' id='word_1_583' title='bbox 1680 4541 1725 4581; x_wconf 79' lang='lat' dir='ltr'><strong>as·</strong></span> 
     </span>
     <span class='ocr_line' id='line_1_49' title="bbox 77 4591 1725 4690; baseline 0 -38"><span class='ocrx_word' id='word_1_584' title='bbox 77 4613 85 4652; x_wconf 78' lang='lat' dir='ltr'><strong>r</strong></span> <span class='ocrx_word' id='word_1_585' title='bbox 112 4595 220 4662; x_wconf 88' lang='lat' dir='ltr'><strong>illium,</strong></span> <span class='ocrx_word' id='word_1_586' title='bbox 242 4612 308 4650; x_wconf 88' lang='lat' dir='ltr'><strong>cum</strong></span> <span class='ocrx_word' id='word_1_587' title='bbox 333 4596 412 4650; x_wconf 90' lang='lat' dir='ltr'><strong>aliud</strong></span> <span class='ocrx_word' id='word_1_588' title='bbox 439 4596 590 4667; x_wconf 90' lang='lat' dir='ltr'><strong>Scriptura</strong></span> <span class='ocrx_word' id='word_1_589' title='bbox 619 4603 877 4690; x_wconf 63' lang='lat' dir='ltr'><strong>commemoret„</strong></span> <span class='ocrx_word' id='word_1_590' title='bbox 895 4597 1071 4651; x_wconf 89' lang='lat' dir='ltr'><strong>sentiuntur.</strong></span> <span class='ocrx_word' id='word_1_591' title='bbox 1089 4593 1146 4674; x_wconf 85' lang='lat' dir='ltr'><strong>Sed</strong></span> <span class='ocrx_word' id='word_1_592' title='bbox 1163 4592 1198 4646; x_wconf 91' lang='lat' dir='ltr'><strong>de</strong></span> <span class='ocrx_word' id='word_1_593' title='bbox 1214 4591 1260 4646; x_wconf 90' lang='lat' dir='ltr'><strong>his</strong></span> <span class='ocrx_word' id='word_1_594' title='bbox 1284 4591 1423 4647; x_wconf 90' lang='lat' dir='ltr'><strong>omnibus</strong></span> <span class='ocrx_word' id='word_1_595' title='bbox 1437 4595 1562 4649; x_wconf 90' lang='lat' dir='ltr'><strong>turmam</strong></span> <span class='ocrx_word' id='word_1_596' title='bbox 1578 4596 1725 4667; x_wconf 89' lang='lat' dir='ltr'><strong>interpre-</strong></span> 
     </span>
     <span class='ocr_line' id='line_1_50' title="bbox 77 4663 1204 4740; baseline -0.006 -17"><span class='ocrx_word' id='word_1_597' title='bbox 77 4666 153 4723; x_wconf 84' lang='lat' dir='ltr'><strong>issd</strong></span> <span class='ocrx_word' id='word_1_598' title='bbox 178 4666 236 4720; x_wconf 91' lang='lat' dir='ltr'><strong>hoc</strong></span> <span class='ocrx_word' id='word_1_599' title='bbox 252 4667 460 4732; x_wconf 88' lang='lat' dir='ltr'><strong>nominabitur,</strong></span> <span class='ocrx_word' id='word_1_600' title='bbox 476 4668 555 4738; x_wconf 93' lang='lat' dir='ltr'><strong>quod</strong></span> <span class='ocrx_word' id='word_1_601' title='bbox 569 4669 758 4740; x_wconf 90' lang='lat' dir='ltr'><strong>prophetissa</strong></span> <span class='ocrx_word' id='word_1_602' title='bbox 778 4671 840 4726; x_wconf 90' lang='lat' dir='ltr'><strong>iue-</strong></span> <span class='ocrx_word' id='word_1_603' title='bbox 896 4672 955 4722; x_wconf 92' lang='lat' dir='ltr'><strong>tum</strong></span> <span class='ocrx_word' id='word_1_604' title='bbox 971 4665 1111 4721; x_wconf 90' lang='lat' dir='ltr'><strong>consulas</strong></span> <span class='ocrx_word' id='word_1_605' title='bbox 1127 4663 1204 4717; x_wconf 85' lang='lat' dir='ltr'><strong>hcet.</strong></span> 
     </span>
    </p>

    <p class='ocr_par' dir='ltr' id='par_1_4' title="bbox 77 4733 1728 5524">
     <span class='ocr_line' id='line_1_51' title="bbox 77 4733 1726 4808; baseline 0.001 -15"><span class='ocrx_word' id='word_1_606' title='bbox 77 4737 142 4793; x_wconf 76' lang='lat' dir='ltr'><strong>etio</strong></span> <span class='ocrx_word' id='word_1_607' title='bbox 159 4738 263 4791; x_wconf 87' lang='lat' dir='ltr'><strong>ordine</strong></span> <span class='ocrx_word' id='word_1_608' title='bbox 272 4737 406 4808; x_wconf 82' lang='lat' dir='ltr'><strong>judicum</strong></span> <span class='ocrx_word' id='word_1_609' title='bbox 421 4742 605 4808; x_wconf 84' lang='lat' dir='ltr'><strong>supputetur.</strong></span> <span class='ocrx_word' id='word_1_610' title='bbox 617 4763 627 4787; x_wconf 68' lang='grc' dir='ltr'><strong>»ι</strong></span> <span class='ocrx_word' id='word_1_611' title='bbox 643 4739 757 4804; x_wconf 76' lang='lat' dir='ltr'><strong>Quibus</strong></span> <span class='ocrx_word' id='word_1_612' title='bbox 772 4758 840 4797; x_wconf 74' lang='lat' dir='ltr'><strong>ver·-</strong></span> <span class='ocrx_word' id='word_1_613' title='bbox 930 4737 986 4807; x_wconf 74' lang='lat'>(48)</span> <span class='ocrx_word' id='word_1_614' title='bbox 1007 4736 1044 4791; x_wconf 86' lang='lat' dir='ltr'><strong>Ut</strong></span> <span class='ocrx_word' id='word_1_615' title='bbox 1060 4734 1230 4806; x_wconf 78' lang='lat' dir='ltr'><strong>aquoscatis</strong></span> <span class='ocrx_word' id='word_1_616' title='bbox 1245 4733 1320 4804; x_wconf 91' lang='lat' dir='ltr'><strong>quod</strong></span> <span class='ocrx_word' id='word_1_617' title='bbox 1340 4740 1437 4806; x_wconf 79' lang='lat' dir='ltr'><strong>possit</strong></span> <span class='ocrx_word' id='word_1_618' title='bbox 1459 4734 1622 4794; x_wconf 87' lang='lat' dir='ltr'><strong>instituere</strong></span> <span class='ocrx_word' id='word_1_619' title='bbox 1639 4738 1726 4795; x_wconf 80' lang='lat' dir='ltr'><strong>vidua</strong></span> 
     </span>
     <span class='ocr_line' id='line_1_52' title="bbox 77 4803 1728 4886; baseline 0.002 -23"><span class='ocrx_word' id='word_1_620' title='bbox 77 4808 236 4881; x_wconf 75' lang='lat' dir='ltr'><strong>inperitiae</strong></span> <span class='ocrx_word' id='word_1_621' title='bbox 267 4809 457 4864; x_wconf 78' lang='lat' dir='ltr'><strong>Ambrosium</strong></span> <span class='ocrx_word' id='word_1_622' title='bbox 484 4811 648 4865; x_wconf 90' lang='lat' dir='ltr'><strong>insimulari</strong></span> <span class='ocrx_word' id='word_1_623' title='bbox 678 4812 840 4882; x_wconf 85' lang='lat' dir='ltr'><strong>Spencaeus</strong></span> <span class='ocrx_word' id='word_1_624' title='bbox 895 4808 1081 4876; x_wconf 86' lang='lat' dir='ltr'><strong>bellatorem,</strong></span> <span class='ocrx_word' id='word_1_625' title='bbox 1098 4806 1128 4859; x_wconf 94' lang='lat' dir='ltr'><strong>in</strong></span> <span class='ocrx_word' id='word_1_626' title='bbox 1144 4803 1218 4859; x_wconf 90' lang='lat' dir='ltr'><strong>solis</strong></span> <span class='ocrx_word' id='word_1_627' title='bbox 1231 4804 1340 4886; x_wconf 79' lang='lat' dir='ltr'><strong>aditet</strong></span> <span class='ocrx_word' id='word_1_628' title='bbox 1354 4805 1427 4861; x_wconf 89' lang='lat' dir='ltr'><strong>Tell.</strong></span> <span class='ocrx_word' id='word_1_629' title='bbox 1440 4806 1505 4861; x_wconf 89' lang='lat' dir='ltr'><strong>cod.</strong></span> <span class='ocrx_word' id='word_1_630' title='bbox 1522 4808 1677 4879; x_wconf 91' lang='lat' dir='ltr'><strong>reperitur.</strong></span> <span class='ocrx_word' id='word_1_631' title='bbox 1690 4808 1728 4867; x_wconf 83' lang='lat' dir='ltr'><strong>Et</strong></span> 
     </span>
     <span class='ocr_line' id='line_1_53' title="bbox 77 4875 1727 4955; baseline 0.003 -23"><span class='ocrx_word' id='word_1_632' title='bbox 77 4884 145 4937; x_wconf 75' lang='lat' dir='ltr'><strong>nt.</strong></span> <span class='ocrx_word' id='word_1_633' title='bbox 172 4879 263 4935; x_wconf 83' lang='lat' dir='ltr'><strong>Favet</strong></span> <span class='ocrx_word' id='word_1_634' title='bbox 287 4896 359 4935; x_wconf 88' lang='lat' dir='ltr'><strong>sano</strong></span> <span class='ocrx_word' id='word_1_635' title='bbox 383 4881 514 4952; x_wconf 89' lang='lat' dir='ltr'><strong>opinioni</strong></span> <span class='ocrx_word' id='word_1_636' title='bbox 533 4881 611 4951; x_wconf 75' lang='lat' dir='ltr'><strong>ejus,</strong></span> <span class='ocrx_word' id='word_1_637' title='bbox 636 4883 714 4955; x_wconf 87' lang='lat' dir='ltr'><strong>quad</strong></span> <span class='ocrx_word' id='word_1_638' title='bbox 738 4885 841 4939; x_wconf 78' lang='lat' dir='ltr'><strong>eadem</strong></span> <span class='ocrx_word' id='word_1_639' title='bbox 894 4884 1074 4950; x_wconf 88' lang='lat' dir='ltr'><strong>postpauca,</strong></span> <span class='ocrx_word' id='word_1_640' title='bbox 1086 4875 1338 4930; x_wconf 76' lang='lat' dir='ltr'><strong>usieaedemadrt.</strong></span> <span class='ocrx_word' id='word_1_641' title='bbox 1350 4891 1417 4930; x_wconf 86' lang='lat' dir='ltr'><strong>cum</strong></span> <span class='ocrx_word' id='word_1_642' title='bbox 1429 4876 1533 4933; x_wconf 89' lang='lat' dir='ltr'><strong>eodem</strong></span> <span class='ocrx_word' id='word_1_643' title='bbox 1552 4880 1630 4949; x_wconf 79' lang='lat' dir='ltr'><strong>eod,</strong></span> <span class='ocrx_word' id='word_1_644' title='bbox 1643 4884 1727 4955; x_wconf 87' lang='lat' dir='ltr'><strong>quasi</strong></span> 
     </span>
     <span class='ocr_line' id='line_1_54' title="bbox 77 4946 1725 5028; baseline 0.001 -20"><span class='ocrx_word' id='word_1_645' title='bbox 77 4950 132 5008; x_wconf 77' lang='lat' dir='ltr'><strong>tots</strong></span> <span class='ocrx_word' id='word_1_646' title='bbox 157 4951 268 5021; x_wconf 86' lang='lat' dir='ltr'><strong>scripta</strong></span> <span class='ocrx_word' id='word_1_647' title='bbox 296 4951 384 5006; x_wconf 86' lang='lat' dir='ltr'><strong>luerit</strong></span> <span class='ocrx_word' id='word_1_648' title='bbox 407 4967 466 5006; x_wconf 87' lang='lat' dir='ltr'><strong>aon</strong></span> <span class='ocrx_word' id='word_1_649' title='bbox 488 4953 579 5008; x_wconf 85' lang='lat' dir='ltr'><strong>mullo</strong></span> <span class='ocrx_word' id='word_1_650' title='bbox 604 4957 672 5024; x_wconf 92' lang='lat' dir='ltr'><strong>post</strong></span> <span class='ocrx_word' id='word_1_651' title='bbox 695 4956 780 5024; x_wconf 87' lang='lat' dir='ltr'><strong>epist.</strong></span> <span class='ocrx_word' id='word_1_652' title='bbox 806 4957 841 5011; x_wconf 84' lang='lat'><strong>50</strong></span> <span class='ocrx_word' id='word_1_653' title='bbox 891 4950 1049 5023; x_wconf 81' lang='lat' dir='ltr'><strong>prophetis</strong></span> <span class='ocrx_word' id='word_1_654' title='bbox 1065 4947 1198 5028; x_wconf 69' lang='lat' dir='ltr'><strong>victorias</strong></span> <span class='ocrx_word' id='word_1_655' title='bbox 1220 4951 1313 5016; x_wconf 83' lang='lat' dir='ltr'><strong>certa,</strong></span> <span class='ocrx_word' id='word_1_656' title='bbox 1330 4946 1435 5028; x_wconf 78' lang='lat' dir='ltr'><strong>reliqui</strong></span> <span class='ocrx_word' id='word_1_657' title='bbox 1452 4964 1526 5005; x_wconf 90' lang='lat' dir='ltr'><strong>mss.</strong></span> <span class='ocrx_word' id='word_1_658' title='bbox 1543 4953 1617 5006; x_wconf 91' lang='lat' dir='ltr'><strong>utin</strong></span> <span class='ocrx_word' id='word_1_659' title='bbox 1633 4955 1725 5010; x_wconf 85' lang='lat' dir='ltr'><strong>textu.</strong></span> 
     </span>
     <span class='ocr_line' id='line_1_55' title="bbox 77 5017 1726 5098; baseline -0.001 -19"><span class='ocrx_word' id='word_1_660' title='bbox 77 5022 142 5079; x_wconf 78' lang='lat' dir='ltr'><strong>dem</strong></span> <span class='ocrx_word' id='word_1_661' title='bbox 168 5022 289 5077; x_wconf 89' lang='lat' dir='ltr'><strong>Hieron.</strong></span> <span class='ocrx_word' id='word_1_662' title='bbox 316 5023 354 5077; x_wconf 88' lang='lat' dir='ltr'><strong>ud</strong></span> <span class='ocrx_word' id='word_1_663' title='bbox 375 5023 556 5089; x_wconf 68' lang='lat' dir='ltr'><strong>Pornrnaclr,</strong></span> <span class='ocrx_word' id='word_1_664' title='bbox 582 5040 629 5078; x_wconf 88' lang='lat' dir='ltr'><strong>an.</strong></span> <span class='ocrx_word' id='word_1_665' title='bbox 655 5025 708 5079; x_wconf 76' lang='lat'><strong>393</strong></span> <span class='ocrx_word' id='word_1_666' title='bbox 732 5027 839 5095; x_wconf 82' lang='lat' dir='ltr'><strong>datam,</strong></span> <span class='ocrx_word' id='word_1_667' title='bbox 930 5022 986 5092; x_wconf 70' lang='lat'>(49)</span> <span class='ocrx_word' id='word_1_668' title='bbox 1000 5019 1109 5074; x_wconf 91' lang='lat' dir='ltr'><strong>Omnes</strong></span> <span class='ocrx_word' id='word_1_669' title='bbox 1124 5017 1205 5087; x_wconf 80' lang='lat' dir='ltr'><strong>edit,</strong></span> <span class='ocrx_word' id='word_1_670' title='bbox 1219 5018 1377 5098; x_wconf 78' lang='lat' dir='ltr'><strong>prophetia</strong></span> <span class='ocrx_word' id='word_1_671' title='bbox 1402 5019 1549 5076; x_wconf 74' lang='lat' dir='ltr'><strong>Debborae</strong></span> <span class='ocrx_word' id='word_1_672' title='bbox 1567 5023 1726 5090; x_wconf 82' lang='lat' dir='ltr'><strong>militarit,·</strong></span> 
     </span>
     <span class='ocr_line' id='line_1_56' title="bbox 90 5086 1727 5165; baseline 0.001 -15"><span class='ocrx_word' id='word_1_673' title='bbox 90 5090 188 5165; x_wconf 76' lang='lat' dir='ltr'><strong>bajus</strong></span> <span class='ocrx_word' id='word_1_674' title='bbox 217 5094 312 5164; x_wconf 88' lang='lat' dir='ltr'><strong>ipsius</strong></span> <span class='ocrx_word' id='word_1_675' title='bbox 347 5094 552 5150; x_wconf 72' lang='lat' dir='ltr'><strong>Ambrosianus</strong></span> <span class='ocrx_word' id='word_1_676' title='bbox 587 5098 841 5152; x_wconf 88' lang='lat' dir='ltr'><strong>commentationis</strong></span> <span class='ocrx_word' id='word_1_677' title='bbox 895 5109 969 5148; x_wconf 80' lang='lat' dir='ltr'><strong>mss</strong></span> <span class='ocrx_word' id='word_1_678' title='bbox 992 5089 1077 5157; x_wconf 86' lang='lat' dir='ltr'><strong>Tell,</strong></span> <span class='ocrx_word' id='word_1_679' title='bbox 1095 5089 1253 5160; x_wconf 81' lang='lat' dir='ltr'><strong>prophana</strong></span> <span class='ocrx_word' id='word_1_680' title='bbox 1277 5086 1417 5145; x_wconf 87' lang='lat' dir='ltr'><strong>chborn</strong></span> <span class='ocrx_word' id='word_1_681' title='bbox 1439 5092 1601 5160; x_wconf 83' lang='lat' dir='ltr'><strong>militavit;</strong></span> <span class='ocrx_word' id='word_1_682' title='bbox 1626 5096 1727 5152; x_wconf 72' lang='lat' dir='ltr'><strong>ceteri</strong></span> 
     </span>
     <span class='ocr_line' id='line_1_57' title="bbox 77 5158 1720 5241; baseline -0.006 -18"><span class='ocrx_word' id='word_1_683' title='bbox 77 5164 184 5223; x_wconf 74' lang='lat' dir='ltr'><strong>eonem</strong></span> <span class='ocrx_word' id='word_1_684' title='bbox 202 5163 280 5219; x_wconf 81' lang='lat' dir='ltr'><strong>iacit.</strong></span> <span class='ocrx_word' id='word_1_685' title='bbox 299 5166 353 5219; x_wconf 87' lang='lat' dir='ltr'><strong>llio</strong></span> <span class='ocrx_word' id='word_1_686' title='bbox 378 5166 469 5237; x_wconf 81' lang='lat' dir='ltr'><strong>igitur</strong></span> <span class='ocrx_word' id='word_1_687' title='bbox 487 5166 608 5237; x_wconf 76' lang='lat' dir='ltr'><strong>ingenio</strong></span> <span class='ocrx_word' id='word_1_688' title='bbox 628 5183 683 5222; x_wconf 87' lang='lat' dir='ltr'><strong>suo</strong></span> <span class='ocrx_word' id='word_1_689' title='bbox 703 5183 841 5222; x_wconf 89' lang='lat' dir='ltr'><strong>nonnun-</strong></span> <span class='ocrx_word' id='word_1_690' title='bbox 896 5165 1005 5219; x_wconf 75' lang='lat' dir='ltr'><strong>nostrie</strong></span> <span class='ocrx_word' id='word_1_691' title='bbox 1020 5160 1139 5218; x_wconf 90' lang='lat' dir='ltr'><strong>lectioni</strong></span> <span class='ocrx_word' id='word_1_692' title='bbox 1152 5158 1357 5241; x_wconf 81' lang='lat' dir='ltr'><strong>astipulantur.</strong></span> <span class='ocrx_word' id='word_1_693' title='bbox 1718 5175 1720 5179; x_wconf 47' lang='lat'><strong>¹</strong></span> 
     </span>
     <span class='ocr_line' id='line_1_58' title="bbox 77 5231 1727 5365; baseline 0.002 -73"><span class='ocrx_word' id='word_1_694' title='bbox 77 5236 204 5365; x_wconf 52' lang='lat' dir='ltr'><strong>mmo</strong></span> <span class='ocrx_word' id='word_1_695' title='bbox 223 5237 436 5362; x_wconf 50' lang='lat' dir='ltr'><strong>ychptmentiolri</strong></span> <span class='ocrx_word' id='word_1_696' title='bbox 460 5236 623 5363; x_wconf 54' lang='lat' dir='ltr'><strong>⁰fl⁸⁰h⁰¹¹i¹¹⁸</strong></span> <span class='ocrx_word' id='word_1_697' title='bbox 648 5242 695 5363; x_wconf 70' lang='lat' dir='ltr'><strong>alst</strong></span> <span class='ocrx_word' id='word_1_698' title='bbox 718 5243 840 5321; x_wconf 80' lang='lat' dir='ltr'><strong>sanctus</strong></span> <span class='ocrx_word' id='word_1_699' title='bbox 930 5232 1076 5360; x_wconf 60' lang='lat' dir='ltr'><strong>(⁵⁰}M⁸{&#39;</strong></span> <span class='ocrx_word' id='word_1_700' title='bbox 1092 5231 1664 5359; x_wconf 43' lang='lat' dir='ltr'><strong>alitqugigfflrgg&#39;erarflatioBalucmanus,</strong></span> <span class='ocrx_word' id='word_1_701' title='bbox 1679 5253 1727 5296; x_wconf 81' lang='lat' dir='ltr'><strong>re·</strong></span> 
     </span>
     <span class='ocr_line' id='line_1_59' title="bbox 77 5319 1725 5461; baseline 0.002 -29"><span class='ocrx_word' id='word_1_702' title='bbox 77 5323 354 5461; x_wconf 43' lang='lat' dir='ltr'><strong>thu:s&#39;rigrlritlsgarreii.1</strong></span> <span class='ocrx_word' id='word_1_703' title='bbox 363 5323 842 5452; x_wconf 47' lang='lat' dir='ltr'><strong>&amp;affauteerrlimigoeealqlffggiihnrie</strong></span> <span class='ocrx_word' id='word_1_704' title='bbox 895 5319 1119 5458; x_wconf 42' lang='lat' dir='ltr'><strong>¹¹¹5}qussss</strong></span> <span class='ocrx_word' id='word_1_705' title='bbox 1129 5319 1210 5444; x_wconf 62' lang='lat' dir='ltr'><strong>egit,</strong></span> <span class='ocrx_word' id='word_1_706' title='bbox 1223 5320 1725 5458; x_wconf 46' lang='lat' dir='ltr'><strong>oratiqaaffisspgssiftarhaudmaler</strong></span> 
     </span>
     <span class='ocr_line' id='line_1_60' title="bbox 77 5444 1727 5524; baseline -0.002 -17"><span class='ocrx_word' id='word_1_707' title='bbox 77 5464 135 5507; x_wconf 76' lang='grc' dir='ltr'><strong>ιιι</strong></span> <span class='ocrx_word' id='word_1_708' title='bbox 155 5450 337 5520; x_wconf 77' lang='lat' dir='ltr'><strong>Hieronymo</strong></span> <span class='ocrx_word' id='word_1_709' title='bbox 361 5450 490 5506; x_wconf 86' lang='lat' dir='ltr'><strong>tribuere</strong></span> <span class='ocrx_word' id='word_1_710' title='bbox 514 5451 631 5507; x_wconf 86' lang='lat' dir='ltr'><strong>videtur</strong></span> <span class='ocrx_word' id='word_1_711' title='bbox 652 5451 730 5507; x_wconf 91' lang='lat' dir='ltr'><strong>idem</strong></span> <span class='ocrx_word' id='word_1_712' title='bbox 750 5452 843 5524; x_wconf 91' lang='lat' dir='ltr'><strong>Spen·</strong></span> <span class='ocrx_word' id='word_1_713' title='bbox 896 5449 973 5505; x_wconf 88' lang='lat' dir='ltr'><strong>intra</strong></span> <span class='ocrx_word' id='word_1_714' title='bbox 991 5461 1070 5502; x_wconf 81' lang='lat' dir='ltr'><strong>enim</strong></span> <span class='ocrx_word' id='word_1_715' title='bbox 1088 5459 1170 5501; x_wconf 89' lang='lat' dir='ltr'><strong>arma</strong></span> <span class='ocrx_word' id='word_1_716' title='bbox 1197 5444 1344 5500; x_wconf 77' lang='lat' dir='ltr'><strong>Ecclesiae</strong></span> <span class='ocrx_word' id='word_1_717' title='bbox 1371 5452 1469 5503; x_wconf 81' lang='lat' dir='ltr'><strong>oratio</strong></span> <span class='ocrx_word' id='word_1_718' title='bbox 1487 5454 1552 5513; x_wconf 82' lang='lat' dir='ltr'><strong>est,-</strong></span> <span class='ocrx_word' id='word_1_719' title='bbox 1575 5452 1605 5504; x_wconf 88' lang='lat' dir='ltr'><strong>at</strong></span> <span class='ocrx_word' id='word_1_720' title='bbox 1623 5459 1727 5504; x_wconf 81' lang='lat' dir='ltr'><strong>omnes</strong></span> 
     </span>
    </p>
   </div>
   <div class='ocr_carea' id='block_1_4' title="bbox 77 5515 1731 5814">
    <p class='ocr_par' dir='ltr' id='par_1_5' title="bbox 77 5515 1731 5814">
     <span class='ocr_line' id='line_1_61' title="bbox 115 5515 1726 5594; baseline -0.004 -15"><span class='ocrx_word' id='word_1_721' title='bbox 115 5536 178 5579; x_wconf 79' lang='lat' dir='ltr'><strong>non</strong></span> <span class='ocrx_word' id='word_1_722' title='bbox 192 5521 220 5576; x_wconf 85' lang='lat' dir='ltr'><strong>ci</strong></span> <span class='ocrx_word' id='word_1_723' title='bbox 235 5521 309 5577; x_wconf 92' lang='lat' dir='ltr'><strong>adeo</strong></span> <span class='ocrx_word' id='word_1_724' title='bbox 324 5521 410 5577; x_wconf 90' lang='lat' dir='ltr'><strong>laeile</strong></span> <span class='ocrx_word' id='word_1_725' title='bbox 420 5522 470 5577; x_wconf 92' lang='lat' dir='ltr'><strong>alii</strong></span> <span class='ocrx_word' id='word_1_726' title='bbox 487 5523 662 5594; x_wconf 90' lang='lat' dir='ltr'><strong>interpretes</strong></span> <span class='ocrx_word' id='word_1_727' title='bbox 673 5526 842 5579; x_wconf 88' lang='lat' dir='ltr'><strong>assentien·</strong></span> <span class='ocrx_word' id='word_1_728' title='bbox 896 5534 983 5591; x_wconf 82' lang='lat' dir='ltr'><strong>mss,</strong></span> <span class='ocrx_word' id='word_1_729' title='bbox 997 5519 1115 5574; x_wconf 88' lang='lat' dir='ltr'><strong>ratione</strong></span> <span class='ocrx_word' id='word_1_730' title='bbox 1130 5522 1299 5589; x_wconf 86' lang='lat' dir='ltr'><strong>superatur.</strong></span> <span class='ocrx_word' id='word_1_731' title='bbox 1315 5515 1428 5573; x_wconf 90' lang='lat' dir='ltr'><strong>ibidem</strong></span> <span class='ocrx_word' id='word_1_732' title='bbox 1451 5534 1523 5575; x_wconf 83' lang='lat' dir='ltr'><strong>vero</strong></span> <span class='ocrx_word' id='word_1_733' title='bbox 1545 5516 1610 5573; x_wconf 86' lang='lat' dir='ltr'><strong>haee</strong></span> <span class='ocrx_word' id='word_1_734' title='bbox 1623 5517 1726 5589; x_wconf 83' lang='lat' dir='ltr'><strong>rerba,</strong></span> 
     </span>
     <span class='ocr_line' id='line_1_62' title="bbox 77 5536 1727 5672; baseline -0.001 -22"><span class='ocrx_word' id='word_1_735' title='bbox 77 5536 161 5650; x_wconf 47' lang='lat' dir='ltr'><strong>itam</strong></span> <span class='ocrx_word' id='word_1_736' title='bbox 176 5592 247 5648; x_wconf 84' lang='lat' dir='ltr'><strong>ticet</strong></span> <span class='ocrx_word' id='word_1_737' title='bbox 261 5591 430 5649; x_wconf 87' lang='lat' dir='ltr'><strong>Debboram</strong></span> <span class='ocrx_word' id='word_1_738' title='bbox 448 5592 600 5664; x_wconf 82' lang='lat' dir='ltr'><strong>Scriptura</strong></span> <span class='ocrx_word' id='word_1_739' title='bbox 619 5597 706 5649; x_wconf 88' lang='lat' dir='ltr'><strong>vocet</strong></span> <span class='ocrx_word' id='word_1_740' title='bbox 722 5610 842 5650; x_wconf 79' lang='lat' dir='ltr'><strong>uxorem</strong></span> <span class='ocrx_word' id='word_1_741' title='bbox 896 5587 1235 5655; x_wconf 78' lang='lat' dir='ltr'><strong>ArmeDcelesiaeh&#39;des,</strong></span> <span class='ocrx_word' id='word_1_742' title='bbox 1243 5601 1309 5672; x_wconf 82' lang='lat' dir='ltr'><strong>que</strong></span> <span class='ocrx_word' id='word_1_743' title='bbox 1320 5586 1646 5648; x_wconf 84' lang='lat' dir='ltr'><strong>habenturiaomnibus</strong></span> <span class='ocrx_word' id='word_1_744' title='bbox 1656 5586 1727 5648; x_wconf 78' lang='lat' dir='ltr'><strong>edit·</strong></span> 
     </span>
     <span class='ocr_line' id='line_1_63' title="bbox 77 5656 1730 5745; baseline 0.001 -22"><span class='ocrx_word' id='word_1_745' title='bbox 77 5660 165 5728; x_wconf 72' lang='lat' dir='ltr'><strong>idatii,</strong></span> <span class='ocrx_word' id='word_1_746' title='bbox 181 5678 247 5719; x_wconf 82' lang='lat' dir='ltr'><strong>eam</strong></span> <span class='ocrx_word' id='word_1_747' title='bbox 257 5667 354 5721; x_wconf 84' lang='lat' dir='ltr'><strong>tamen</strong></span> <span class='ocrx_word' id='word_1_748' title='bbox 370 5665 551 5721; x_wconf 88' lang='lat' dir='ltr'><strong>contendunt</strong></span> <span class='ocrx_word' id='word_1_749' title='bbox 560 5665 678 5722; x_wconf 81' lang='lat' dir='ltr'><strong>viduam</strong></span> <span class='ocrx_word' id='word_1_750' title='bbox 688 5670 768 5722; x_wconf 83' lang='lat' dir='ltr'><strong>recte</strong></span> <span class='ocrx_word' id='word_1_751' title='bbox 783 5665 843 5720; x_wconf 89' lang='lat' dir='ltr'><strong>dici</strong></span> <span class='ocrx_word' id='word_1_752' title='bbox 897 5676 932 5719; x_wconf 88' lang='lat' dir='ltr'><strong>ao</strong></span> <span class='ocrx_word' id='word_1_753' title='bbox 947 5675 1022 5718; x_wconf 89' lang='lat' dir='ltr'><strong>mss.</strong></span> <span class='ocrx_word' id='word_1_754' title='bbox 1038 5660 1158 5745; x_wconf 84' lang='lat' dir='ltr'><strong>aliquot,</strong></span> <span class='ocrx_word' id='word_1_755' title='bbox 1173 5659 1205 5716; x_wconf 92' lang='lat' dir='ltr'><strong>in</strong></span> <span class='ocrx_word' id='word_1_756' title='bbox 1223 5659 1290 5719; x_wconf 82' lang='lat' dir='ltr'><strong>atris</strong></span> <span class='ocrx_word' id='word_1_757' title='bbox 1305 5656 1396 5720; x_wconf 82' lang='lat' dir='ltr'><strong>multo</strong></span> <span class='ocrx_word' id='word_1_758' title='bbox 1410 5660 1546 5742; x_wconf 74' lang='lat' dir='ltr'><strong>pluribus</strong></span> <span class='ocrx_word' id='word_1_759' title='bbox 1559 5657 1730 5725; x_wconf 67' lang='lat' dir='ltr'><strong>verumeti-</strong></span> 
     </span>
     <span class='ocr_line' id='line_1_64' title="bbox 77 5731 1731 5814; baseline 0.004 -21"><span class='ocrx_word' id='word_1_760' title='bbox 77 5734 843 5811; x_wconf 55' lang='lat' dir='ltr'><strong>mvelquodabapidotbquemeumdemseBarach</strong></span> <span class='ocrx_word' id='word_1_761' title='bbox 896 5733 1015 5814; x_wconf 78' lang='lat' dir='ltr'><strong>busque</strong></span> <span class='ocrx_word' id='word_1_762' title='bbox 1029 5731 1245 5800; x_wconf 76' lang='lat' dir='ltr'><strong>desiderantur.</strong></span> <span class='ocrx_word' id='word_1_763' title='bbox 1726 5736 1731 5756; x_wconf 88' lang='lat'>&#39;</span> 
     </span>
    </p>
   </div>
   <div class='ocr_carea' id='block_1_5' title="bbox 116 5806 857 5910">
    <p class='ocr_par' dir='ltr' id='par_1_6' title="bbox 116 5806 857 5910">
     <span class='ocr_line' id='line_1_65' title="bbox 116 5806 857 5910; baseline 0.018 -46"><span class='ocrx_word' id='word_1_764' title='bbox 116 5808 232 5896; x_wconf 72' lang='lat' dir='ltr'><strong>pateat,</strong></span> <span class='ocrx_word' id='word_1_765' title='bbox 249 5811 384 5890; x_wconf 72' lang='lat' dir='ltr'><strong>sapama</strong></span> <span class='ocrx_word' id='word_1_766' title='bbox 402 5806 529 5894; x_wconf 77' lang='lat' dir='ltr'><strong>quoted</strong></span> <span class='ocrx_word' id='word_1_767' title='bbox 543 5810 640 5885; x_wconf 76' lang='lat' dir='ltr'><strong>terunt</strong></span> <span class='ocrx_word' id='word_1_768' title='bbox 650 5809 779 5875; x_wconf 81' lang='lat' dir='ltr'><strong>vireret:</strong></span> <span class='ocrx_word' id='word_1_769' title='bbox 795 5808 857 5910; x_wconf 76' lang='lat' dir='ltr'><strong>ret¹</strong></span> 
     </span>
    </p>
   </div>
   <div class='ocr_carea' id='block_1_6' title="bbox 0 0 1956 6128">
    <p class='ocr_par' dir='ltr' id='par_1_7' title="bbox 0 0 1956 6128">
     <span class='ocr_line' id='line_1_66' title="bbox 0 0 1956 6128; baseline 0 0"><span class='ocrx_word' id='word_1_770' title='bbox 0 0 1956 6128; x_wconf 95' lang='lat' dir='ltr'><strong> </strong></span> 
     </span>
    </p>
   </div>
  </div>
 </body>
</html>
