3900 6128
562 308 870 384 srtsrouasun
891 316 1063 382 omssrs
1084 312 1113 383 ι,
1617 320 1699 388 roeo
1768 292 1770 296 ’

85 516 161 575 libus
177 518 293 589 spoliis,
318 518 373 591 sed
388 517 511 573 mitibus
533 517 662 590 gaudiis,
686 519 715 572 et
738 501 850 573 tested
867 517 961 574 cessit
987 516 1125 588 nuptias3
1154 531 1241 588 quem
1264 519 1361 573 tamen
1388 520 1621 591 paranymphum
1637 521 1697 577 sibi

92 605 166 663 flant
175 607 357 663 venustiore.
370 608 503 679 Denique
513 609 582 676 post
595 607 698 661 cadem
708 622 813 679 regre-
867 606 993 662 Samson
1012 606 1099 678 quasi
1122 605 1213 661 ndum
1237 606 1379 678 sodalem,
1405 624 1472 663 cum
1497 608 1617 665 duceret
1631 625 1696 665 eam

89 695 150 765 via,
167 695 266 751 lovum
295 695 325 751 in
349 698 434 750 utero
459 694 701 764 leonisollendit,
725 698 812 766 atque
867 710 1000 764 uxorem,
1028 695 1186 750 asciverat.
1211 695 1273 750 Noc
1291 696 1317 750 si
1340 699 1447 767 tamen,
1471 701 1614 767 praetento
1627 697 1697 755 licet

85 786 110 855 t,
121 785 230 840 donum
240 784 414 856 parentibus
424 800 457 838 ac
474 783 582 855 puellae
593 783 651 855 (80)
663 783 811 854 futurum3
867 783 1020 856 conjugio,
1047 782 1221 838 offensionis
1245 784 1408 855 periculum
1433 786 1546 840 avertit.
1562 786 1696 858 Namque

85 872 144 929 uim
158 889 300 944 sponsam
322 889 445 928 munera
470 873 585 942 decent,
606 889 640 927 ae
656 873 811 943 degustato
865 872 973 942 (dedic.
990 889 1039 943 xv,
1057 871 1071 926 l
1095 874 1171 944 seq.)
1188 872 1238 927 ubi
1263 888 1313 928 res
1327 873 1453 944 prodita,
1475 874 1643 947 volentique
1658 877 1696 932 ad

99 962 200 1019 favum
228 963 379 1033 praedictis
408 963 555 1018 edendum
576 961 665 1032 dedit,
692 977 812 1017 causam
866 960 1134 1033 conjugemredire
1148 961 1309 1016 interclusa
1326 962 1420 1034 copia,
1441 963 1520 1035 quod
1535 966 1618 1034 pater
1631 980 1697 1020 eam

85 1051 134 1109 git,
865 1049 1000 1105 aliivero
1030 1050 1173 1128 nupsisse
1203 1050 1315 1106 diceret
1344 1067 1479 1107 sororem
1494 1068 1565 1108 seue
1587 1053 1654 1125 ejus
1670 1055 1698 1110 si

85 1139 130 1197 led
141 1140 217 1196 torte
229 1141 354 1212 quadem
365 1140 412 1195 die
433 1139 573 1210 nuptialis
594 1138 661 1194 lasti
679 1139 813 1194 celebra·
864 1136 963 1209 vellet,
975 1138 1084 1194 ducere
1094 1137 1216 1209 liceret3
1233 1139 1481 1212 stimuloinjuriae
1498 1141 1697 1214 exulceratus,

89 1228 270 1298 convivium,
286 1229 353 1283 laeta
378 1229 408 1283 in
424 1228 520 1299 epulis
531 1227 677 1299 juventus
701 1229 812 1283 mutuis
863 1225 1012 1296 publicam
1022 1226 1348 1298 excogitavitultionem
1359 1230 1696 1300 capesseredomesticae

85 1317 180 1373 ,udum
195 1316 338 1373 invitabat
362 1317 554 1372 sermonibus
579 1316 636 1387 (81)
652 1332 720 1370 oum
735 1317 812 1371 alius
864 1314 1049 1371 contumelia
1076 1315 1296 1388 indignatione:
1321 1317 1525 1390 correptisque
1554 1320 1696 1374 trecentis

96 1404 224 1461 salsiore
249 1405 402 1460 dicacitate
422 1407 648 1477 perstringeret,
672 1406 750 1459 siout
779 1420 812 1459 se
864 1402 1013 1475 uulpidus,
1023 1403 1121 1459 adulta
1132 1408 1244 1475 aestate,
1264 1421 1332 1460 cunr
1346 1405 1409 1477 jam
1420 1410 1533 1461 matura
1550 1409 1653 1463 essent
1666 1408 1697 1462 iu

85 1493 151 1550 nodi
167 1493 814 1564 usushebet,certamenlaetitiaeuccendeba·
863 1491 945 1562 agris
972 1491 1128 1558 frumenta,
1159 1494 1245 1549 binas
1276 1495 1334 1549 sibi
1357 1495 1483 1551 invicem
1509 1496 1631 1551 caudam
1658 1495 1697 1551 ad

85 1580 120 1639 bi
148 1586 209 1637 tum
238 1585 431 1654 quaestionem
456 1582 630 1654 hujusmodi
660 1583 814 1652 proposuit
864 1580 988 1634 caudam
1001 1579 1115 1653 ligavit,
1129 1584 1216 1653 atque
1235 1583 1265 1637 in
1281 1583 1410 1638 medium
1426 1599 1526 1639 earum
1542 1585 1695 1642 ardentem

85 1669 274 1742 ujuvenibus
284 1671 525 1742 coepulantibus:
541 1671 607 1725 «De
617 1671 811 1726 manducante
863 1667 991 1725 inseruit
1005 1666 1110 1740 lucem,
1129 1670 1273 1741 nodoque
1288 1671 1426 1725 astrinxit
1450 1672 1652 1744 inexsolubili,
1669 1676 1698 1729 et

85 1775 164 1829 mee,
182 1762 210 1815 et
225 1759 260 1815 dc
276 1759 344 1814 lorti
353 1760 503 1831 processit
517 1759 627 1829 (dudic.
645 1776 706 1825 xix,
720 1757 783 1831 lt),
798 1782 808 1808 a
863 1756 943 1812 ultor
959 1756 1078 1830 injuriae
1093 1773 1184 1828 super
1204 1759 1370 1829 manipulos
1386 1761 1496 1814 messis
1511 1761 1622 1817 dimisit
1635 1760 1697 1817 fru-

85 1849 205 1905 entibus
235 1850 380 1919 polliceus
411 1849 575 1919 praernium,
599 1849 685 1919 quasi
702 1846 1026 1942 merce-Bmentariae,
1042 1862 1130 1918 quarn
1154 1850 1312 1902 secuerunt
1332 1847 1438 1903 incolae
1455 1848 1694 1907 Palestinorum.

85 1937 219 2010 pientiae,
231 1938 352 2009 triginta
368 1937 520 2003 sindones,
537 1941 565 1990 et
576 1936 696 1992 totidem
707 1937 810 2008 stolas,
864 1936 902 1989 at
915 1935 974 1990 illae
988 1935 1051 2007 igni
1067 1934 1225 2005 exterritae,
1242 1951 1418 2007 quacunque
1438 1937 1606 2008 praecipites
1623 1954 1697 1994 con·

85 2026 143 2082 lum
164 2042 319 2085 numerum
341 2027 473 2081 virorum
497 2026 739 2096 comessantium,
764 2029 814 2081 aut
864 2022 1068 2090 volvebantur,
1085 2023 1267 2095 spargebant
1294 2024 1474 2094 incendium,
1490 2030 1519 2080 et
1533 2027 1698 2084 exurebant

85 2130 118 2171 m
131 2114 348 2188 ignorantibus.
864 2113 964 2183 spicas
975 2126 1089 2168 eorum.
1100 2111 1163 2177 Quo
1174 2112 1330 2182 dispendio
1342 2113 1490 2184 commoti,
1501 2114 1580 2185 quod
1591 2130 1695 2171 omnes

85 2203 128 2271 lui
158 2220 225 2258 cum
240 2204 368 2259 enodare
397 2203 535 2279 implexa,
566 2208 594 2259 et
622 2205 811 2276 distinguere
863 2201 922 2255 sibi
932 2200 1065 2256 locorum
1076 2200 1381 2270 fructusinterierant,
1394 2200 1695 2273 lactumprincipihus

85 2309 118 2349 ua
140 2294 307 2364 nequirent,
332 2292 487 2349 mulierem
508 2293 575 2365 ejus
598 2294 703 2365 partim
724 2293 812 2348 minis
863 2290 928 2344 suis
946 2289 1165 2344 intimaverunt.
1180 2289 1216 2344 Et
1233 2288 1275 2344 illi
1287 2290 1432 2344 miserunt
1442 2289 1524 2346 viros
1536 2291 1565 2347 in
1585 2290 1695 2347 Tharn-

85 2381 281 2451 ando,partim
292 2382 601 2453 fatigandoprecibus,
613 2381 811 2452 compulere,
863 2381 970 2449 natam,
987 2378 1038 2450 qui
1057 2378 1211 2434 mulierem
1230 2393 1297 2448 quae
1313 2377 1425 2433 variato
1449 2377 1537 2434 fldem
1553 2379 1696 2453 conjugio

85 2485 119 2526 ro
132 2474 271 2543 posceret
293 2471 470 2542 questionis
494 2470 561 2542 ejus
583 2471 811 2542 absolutionem,
863 2469 1036 2536 mutaverat,
1051 2482 1086 2522 ac
1100 2468 1190 2522 totam
1206 2465 1274 2537 ejus
1289 2466 1408 2521 domum
1422 2470 1621 2540 parentesque
1632 2470 1696 2542 igni

85 2575 101 2617 e
124 2560 255 2615 futurum
280 2560 448 2632 conjugalis
473 2561 578 2632 gratiae
600 2561 630 2614 iu
645 2559 813 2614 mercedem
864 2556 1033 2628 involvere,
1049 2557 1129 2628 quod
1144 2571 1180 2611 ea
1193 2569 1283 2610 causa
1298 2571 1362 2610 suae
1373 2556 1518 2612 vastitatis
1533 2561 1562 2612 et
1575 2556 1695 2630 injuriae

85 2665 101 2704 ι.
123 2649 218 2720 Atque
234 2665 268 2704 ea
289 2665 344 2704 seu
367 2649 457 2703 animi
470 2650 581 2718 territa,
608 2664 662 2704 seu
676 2648 813 2703 muliebri
865 2644 956 2700 toret:
982 2659 1038 2700 nec
1062 2645 1231 2715 oportuisse
1252 2643 1322 2699 laedi
1335 2644 1433 2700 virum
1456 2646 1692 2717 pronuntiantes,

85 2753 99 2794 ο
121 2737 239 2807 inllexa,
265 2738 355 2792 veluti
380 2739 428 2808 pio
454 2742 571 2809 quaestu
595 2737 738 2792 maritalis
754 2737 811 2791 odii
865 2734 913 2804 qui
926 2736 1030 2804 posset
1044 2733 1121 2789 malo
1135 2732 1256 2803 publico
1271 2748 1305 2787 se
1319 2732 1436 2789 ulcisci.

85 2842 113 2883 m
126 2829 291 2897 praetexere
306 2825 364 2881 hoo
381 2827 478 2897 empit,
500 2826 579 2898 quod
594 2828 742 2881 secretum
756 2827 813 2880 viri
901 2822 945 2877 19.
963 2822 1025 2878 Nec
1054 2826 1151 2876 umen
1178 2821 1304 2877 Samson
1325 2822 1443 2894 populis
1469 2823 1696 2884 Palestinorum

85 2915 518 2987 stoliusviteeetoonsciaffit)
530 2930 588 2970 noo
600 2915 806 2984 comperisset,
866 2910 964 2965 delicti
979 2912 1105 2982 gratiam
1127 2909 1206 2981 lecit,
1223 2913 1311 2983 atque
1334 2926 1370 2967 eo
1385 2912 1524 2970 vindictae
1540 2915 1598 2971 llne
1622 2933 1696 2974 con-

85 3019 146 3076 ique
171 3004 288 3059 caeteris
313 3004 412 3059 habita
427 3003 511 3070 foret,
535 3004 582 3058 cui
602 3019 741 3058 areanum
756 3002 812 3057 viri
865 3000 964 3055 tentus
975 2999 1049 3056 tuit:
1066 2999 1120 3054 sed
1136 3000 1264 3055 concidit
1279 3015 1332 3056 eos
1343 3004 1444 3074 strage
1458 3005 1595 3076 maxima,
1605 3005 1696 3077 pluri·
1713 3043 1719 3052 -

85 3083 174 3149 5847
186 3110 245 3148 non
255 3094 442 3148 crederetur:
461 3114 473 3143 ι
490 3092 584 3148 Odisti
594 3109 650 3162 me,
667 3093 771 3164 inquit,
784 3095 814 3147 et
865 3088 1165 3160 miqueeorumlerro
1186 3089 1335 3146 interiore.
1348 3090 1415 3160 lpse
1433 3095 1530 3148 autem
1546 3096 1698 3151 concessit

85 3182 168 3254 uasti,
181 3198 268 3253 quarn
285 3182 495 3253 celestiusque
514 3181 710 3253 adhuc(lbid.
725 3182 780 3251 16).
799 3202 810 3231 »
865 3176 895 3230 in
917 3178 1009 3249 Elam,
1026 3179 1063 3233 ad
1086 3180 1247 3234 torrentem
1264 3179 1294 3233 in
1317 3179 1543 3236 desertoPetra
1558 3182 1697 3239 illiceret

85 3269 184 3343 lisque
202 3275 231 3324 et
248 3270 367 3325 cacteris
385 3270 494 3325 talibus
513 3270 641 3324 invictus
652 3270 688 3324 ad
705 3273 813 3325 caetera
827 3238 853 3303 ⁰
865 3266 988 3321 munitio
997 3266 1094 3322 tribus
1105 3266 1191 3322 luda.
1201 3267 1352 3322 Palestini
1361 3283 1444 3339 vero,
1455 3271 1546 3340 utqui
1555 3285 1623 3326 euru
1636 3287 1697 3328 non

85 3358 176 3431 ssttB),
186 3360 361 3414 mulieribus
373 3358 813 3431 emollitusblanditiis3aperuit
865 3358 1008 3413 auderent
1017 3355 1177 3426 lacessere,
1187 3371 1243 3411 neo
1253 3357 1424 3412 munitionis
1433 3363 1580 3430 praerupta
1596 3360 1699 3416 ardua·

85 3449 290 3520 epropositam
305 3449 511 3520 quaestionem,
533 3451 561 3503 ot
575 3447 624 3502 illa
643 3448 769 3503 civibus.
787 3451 812 3503 Α
866 3461 923 3519 que
932 3460 1083 3517 superare,
1096 3444 1203 3499 tribum
1212 3444 1288 3499 luda
1296 3445 1465 3502 denuntiato
1476 3446 1577 3503 adorsi
1587 3463 1696 3522 urgere

85 3537 278 3593 rvixtandem
290 3538 415 3608 septimo
426 3537 483 3607 die,
496 3538 546 3609 qui
557 3537 750 3608 praescriptus
761 3537 813 3592 ab·
865 3534 978 3606 praelio,
1009 3550 1076 3590 cum
1097 3533 1178 3605 justa
1208 3533 1313 3590 reterri
1342 3538 1500 3591 cernerent
1522 3535 1589 3608 (85),
1617 3539 1698 3610 quod

87 3626 289 3697 deparabolae
301 3626 405 3696 lueret,
417 3629 484 3681 ante
496 3642 637 3682 oceasum
649 3627 813 3682 soliseom-
866 3633 1003 3689 subditos
1017 3623 1092 3689 848
1108 3632 1165 3686 sibi
1183 3634 1212 3687 et
1235 3631 1407 3688 tributarios
1429 3635 1577 3704 perditum
1592 3635 1628 3690 iri
1641 3652 1696 3692 ne-

85 3715 175 3771 soluta
198 3718 276 3785 sunt,
294 3717 381 3788 atque
405 3715 436 3771 in
458 3716 537 3770 huuc
561 3715 681 3770 modurn
705 3715 814 3771 relata:
867 3737 1013 3795 quaquam
1027 3737 1131 3776 verum
1146 3723 1175 3775 et
1188 3736 1305 3792 aequum
1318 3721 1378 3793 (86)
1393 3725 1480 3794 atque
1491 3739 1530 3778 ex
1543 3739 1601 3780 usu
1615 3725 1699 3782 vide·

93 3802 404 3870 f0rliu⁸1001105²Quid
415 3804 532 3859 dulcius
544 3803 812 3875 malleatione„
866 3815 948 3866 retur
974 3809 1109 3881 publico,
1138 3825 1192 3879 pro
1220 3809 1317 3866 alieno
1349 3812 1517 3881 praesertim
1545 3812 1697 3871 facinore:

110 3894 279 3964 respondit:
306 3909 362 3948 nec
385 3893 509 3948 muliere
537 3893 649 3965 aliquid
672 3893 807 3965 perfidio·
867 3899 1058 3955 consulentes
1081 3898 1111 3952 iu
1126 3899 1265 3970 medium,
1294 3901 1371 3954 tradi
1396 3901 1455 3956 sibi
1478 3900 1700 3975 designatorem

85 3981 132 4052 d):
152 3982 251 4036 «Nam
263 3983 289 4037 si
301 3999 360 4037 nou
371 3982 565 4038 domuissetis
576 3981 696 4037 vitulam
707 3997 812 4053 meam,
867 3990 938 4044 tanti
953 3988 1056 4061 flagitii
1069 3987 1303 4059 postulaverunt,
1327 3993 1414 4062 atque
1429 3991 1470 4045 ita
1483 3990 1543 4046 illis
1566 3992 1645 4064 quod
1660 3993 1697 4048 ab

85 4071 526 4142 amintelligeretispurabolam
537 4087 632 4126 meam
642 4070 768 4142 (lbid.)»
785 4074 814 4126 et
867 4093 902 4133 oo
919 4078 1122 4146 commissum,
1140 4076 1270 4132 [uturum
1283 4078 1348 4133 sine
1364 4094 1441 4135 noxa
1457 4081 1549 4136 esset.

95 4159 258 4216 deseendit
272 4161 302 4214 iu
329 4160 508 4215 Ascalonem
532 4162 560 4214 et
587 4159 708 4232 triginta
730 4160 813 4216 viros
901 4168 946 4223 20.
961 4167 1033 4234 Quae
1047 4168 1221 4239 praescripta
1236 4168 1296 4224 sibi
1311 4170 1488 4241 conditione,
1501 4171 1604 4227 viride
1619 4171 1699 4228 tribu

84 4248 113 4321 it,
124 4264 250 4321 quorum
260 4249 384 4305 exuvias
395 4248 545 4319 auferere,
562 4264 615 4304 eos
641 4250 691 4320 qui
706 4264 814 4319 propo·
865 4257 942 4312 luda
954 4257 1011 4312 tria
1025 4257 1116 4312 millia
1131 4273 1168 4312 ex
1183 4259 1248 4313 suis
1264 4262 1483 4331 congregantes
1499 4260 1699 4316 ascenderunt

85 4337 275 4412 quaestionem
291 4338 450 4405 solverant,
468 4338 617 4408 promisso
632 4353 754 4393 munere
763 4338 814 4392 do·
866 4346 903 4400 ad
912 4361 989 4417 euin,
1002 4348 1030 4401 et
1037 4346 1161 4417 praelato
1170 4347 1249 4418 quod
1260 4350 1363 4402 essent
1372 4348 1515 4403 subdititii
1525 4348 1699 4403 Palaestino·

866 4450 941 4506 rum,
953 4435 1062 4506 quibus
1073 4435 1131 4490 sibi
1144 4435 1311 4490 necessitas
1323 4436 1480 4491 obediendi
1495 4452 1554 4491 non
1569 4452 1607 4491 ex
1617 4435 1699 4492 arbi·

85 4515 224 4572 lbstlnuit
235 4519 333 4571 eutem
345 4514 486 4588 conjugio
497 4515 613 4586 puellae,
626 4514 714 4588 cujus
724 4515 814 4586 1³01*ss-
865 4525 933 4594 trio,
951 4524 1006 4579 sed
1019 4539 1057 4579 ox
1071 4523 1196 4595 periculi
1216 4523 1375 4581 formidine
1401 4528 1533 4580 maneret
1559 4523 1629 4580 lacti
1653 4524 1702 4585 sui

88 4605 312 4675 aprehenderat,
325 4609 411 4675 atque
422 4604 453 4658 in
463 4604 586 4675 petriam
606 4605 729 4659 domum
744 4620 813 4659 sese
828 4602 1008 4669 Dinvidiani
1025 4613 1235 4684 retorquebant
1248 4613 1279 4667 in
1293 4628 1346 4668 eos
1361 4613 1412 4684 qui
1433 4613 1486 4685 jus
1502 4615 1629 4686 eogendi
1645 4614 1700 4669 bu·

85 4693 573 4765 t.‘turbataqueenimijuvencule,
593 4709 659 4764 quae
675 4693 813 4765 indigna·
864 4702 984 4758 bebant.
1001 4703 1074 4757 Turn
1093 4701 1159 4756 ille:
1185 4700 1222 4755 Et
1236 4716 1313 4772 quae,
1329 4701 1433 4773 inquit,
1453 4701 1578 4774 justitiae
1603 4702 1699 4758 forma

85 4781 176 4851 ilsesi,
189 4782 331 4837 ferociam
343 4782 498 4836 tortissimi
510 4782 605 4837 fraudi
616 4782 675 4836 sibi
686 4781 814 4836 futuram
866 4795 922 4862 est,
932 4806 1029 4864 genus
1038 4789 1312 4860 Abrabemidurum,
1325 4790 1698 4863 utcircumscriptaeprimo

85 4871 224 4927 ormidine
235 4873 488 4943 perhorresceret,
501 4872 530 4925 in
540 4869 662 4925 ulterius
677 4869 733 4925 viti
745 4885 812 4925 ⁰011·
868 4879 1018 4952 conjugis,
1035 4878 1140 4934 deinde
1155 4878 1290 4934 abductae
1304 4879 1473 4950 perniciose
1483 4880 1555 4936 mibi
1569 4881 1699 4936 vindicta

86 5013 161 5069 MSS·
177 5014 299 5085 aliquot,
318 5037 329 5060 ‘¹
348 5014 456 5069 donum
471 5013 643 5085 putentibus
659 5012 776 5084 puellae·
868 5025 947 5079 certe
962 5022 1096 5078 animus:
1116 5045 1127 5070 a
1145 5025 1174 5076 ut
1189 5037 1291 5077 omnes
1307 5037 1383 5078 mss.
1399 5026 1430 5078 ut
1444 5039 1500 5079 nos
1515 5024 1547 5079 in
1559 5027 1651 5095 textu,
1659 5024 1702 5079 ni·

87 5091 241 5164 losephus
257 5095 322 5149 loco
339 5095 435 5164 citato,
458 5096 503 5146 τοῦ
523 5097 603 5146 ποτοῦ
622 5090 811 5166 repedabo-noc,
869 5095 895 5150 si
906 5093 1198 5165 quoduonnullinon
1209 5096 1321 5163 ponunt
1334 5117 1344 5141 ο
1357 5095 1395 5149 ad
1414 5118 1425 5143 i
1438 5099 1505 5150 ante
1519 5117 1530 5143 r
1550 5100 1666 5155 caetera.
1685 5117 1696 5146 ι

85 5166 148 5235 ιδίας
169 5168 255 5236 οὔσης,
269 5169 310 5226 οἵα
330 5170 395 5245 pelei
404 5174 475 5247 capet
485 5179 538 5235 τοῖς
558 5172 682 5235 τοιούτοις
703 5179 811 5246 καιροῖς.
903 5175 960 5243 (84)
989 5171 1151 5243 JosephuS,
1173 5167 1228 5225 cedd
1248 5172 1365 5244 γυναικὸς
1385 5173 1450 5227 εἶναι’
1470 5193 1497 5228 τι
1516 5169 1571 5227 tob
1596 5175 1698 5249 'rspov2

85 5245 281 5301 animadverte
305 5261 393 5316 quarn
414 5250 500 5300 vetus
531 5246 619 5300 luerit
653 5245 814 5300 miscendae
870 5244 1567 5317 quceverbacumdesintinsacriscodieibus,a
1601 5248 1704 5303 eodem

85 5314 151 5372 ibus
166 5315 262 5386 epulis
282 5317 441 5372 verborum
464 5317 595 5370 lasciviae
619 5317 812 5385 consuetudo,
870 5315 1012 5371 historico
1027 5316 1177 5370 transtulit
1192 5321 1314 5371 sauctus
1329 5317 1442 5372 doctor.

85 5386 311 5442 ctbalassionis
328 5386 628 5458 fescenninorumque
650 5388 812 5442 carminum
905 5386 961 5456 (85)
974 5409 985 5434 α
998 5385 1070 5442 Cum
1083 5385 1165 5455 justa
1181 5387 1284 5442 relerri
1298 5392 1463 5456 cernerent,
1487 5411 1497 5437 ο
1515 5388 1701 5442 desideratur

85 5461 210 5513 tortum
227 5458 353 5514 duxerit.
867 5459 899 5513 in
914 5457 1030 5512 cunctis
1047 5458 1114 5513 edit.
1132 5459 1186 5513 sed
1201 5473 1217 5514 e
1233 5459 1347 5514 cunctis
1363 5477 1437 5515 mss.
1453 5459 1626 5514 restituitur.

86 5526 198 5584 Omnes
209 5530 278 5584 edit.
296 5532 325 5584 et
338 5530 425 5599 pauci
447 5545 533 5598 mss,
551 5550 562 5579 ι
580 5531 609 5582 et
623 5531 780 5599 consocia3
799 5552 809 5578 a
905 5529 962 5599 (86)
974 5526 1050 5584 uuit.
1067 5532 1095 5583 ct
1110 5529 1229 5600 quidam
1243 5547 1329 5601 mss,
1347 5553 1358 5577 r
1374 5530 1488 5602 justum
1497 5531 1524 5581 et
1535 5542 1661 5653 aequum.
1685 5547 1697 5575 v

87 5600 158 5673 ,qui
173 5603 202 5656 et
217 5600 350 5656 melioris
364 5603 452 5669 notae,
471 5623 482 5648 «ι
501 5604 529 5654 et
544 5598 675 5655 conscia.
694 5621 705 5650 ι
868 5599 948 5657 lnlra
958 5615 1112 5659 veromss.
1122 5601 1266 5674 nonnulli,
1281 5624 1292 5650 r
1305 5604 1481 5676 patratorem
1489 5598 1560 5653 tanti
1587 5596 1697 5677 agitii.e

86 5670 198 5731 Omnes
223 5672 305 5747 edit,
325 5693 335 5721 r
355 5671 410 5727 llis
431 5674 518 5749 atque
547 5669 656 5727 talibus
684 5671 813 5729 invictus
