<?xml version="1.0" encoding="UTF-8"?>
<!DOCTYPE html PUBLIC "-//W3C//DTD XHTML 1.0 Transitional//EN"
    "http://www.w3.org/TR/xhtml1/DTD/xhtml1-transitional.dtd">
<html xmlns="http://www.w3.org/1999/xhtml" xml:lang="en" lang="en">
 <head>
  <title>
</title>
<meta http-equiv="Content-Type" content="text/html;charset=utf-8" />
  <meta name='ocr-system' content='tesseract 3.04.00' />
  <meta name='ocr-capabilities' content='ocr_page ocr_carea ocr_par ocr_line ocrx_word'/>
</head>
<body>
  <div class='ocr_page' id='page_1' title='image "./patrologiaecurs70unkngoog_0418.png"; bbox 0 0 3900 6128; ppageno 0'>
   <div class='ocr_carea' id='block_1_1' title="bbox 114 320 1132 395">
    <p class='ocr_par' dir='ltr' id='par_1_1' title="bbox 114 320 1132 395">
     <span class='ocr_line' id='line_1_1' title="bbox 114 320 1132 395; baseline 0.005 -14"><span class='ocrx_word' id='word_1_1' title='bbox 114 324 173 395; x_wconf 75' lang='lat'><strong>881</strong></span> <span class='ocrx_word' id='word_1_2' title='bbox 854 321 887 385; x_wconf 87' lang='lat' dir='ltr'><strong>S.</strong></span> <span class='ocrx_word' id='word_1_3' title='bbox 909 320 1132 389; x_wconf 76' lang='lat' dir='ltr'><strong>sussosn.</strong></span> 
     </span>
    </p>
   </div>
   <div class='ocr_carea' id='block_1_2' title="bbox 114 507 1738 1576">
    <p class='ocr_par' dir='ltr' id='par_1_2' title="bbox 115 507 1738 688">
     <span class='ocr_line' id='line_1_2' title="bbox 116 507 1738 598; baseline 0 -16"><span class='ocrx_word' id='word_1_4' title='bbox 116 543 182 582; x_wconf 92' lang='lat' dir='ltr'><strong>cum</strong></span> <span class='ocrx_word' id='word_1_5' title='bbox 199 525 341 582; x_wconf 84' lang='lat' dir='ltr'><strong>Dominus</strong></span> <span class='ocrx_word' id='word_1_6' title='bbox 358 525 448 581; x_wconf 82' lang='lat' dir='ltr'><strong>lesus</strong></span> <span class='ocrx_word' id='word_1_7' title='bbox 463 525 626 581; x_wconf 87' lang='lat' dir='ltr'><strong>divinitatis</strong></span> <span class='ocrx_word' id='word_1_8' title='bbox 646 540 710 581; x_wconf 74' lang='lat' dir='ltr'><strong>suaa</strong></span> <span class='ocrx_word' id='word_1_9' title='bbox 724 523 790 580; x_wconf 93' lang='lat' dir='ltr'><strong>luce</strong></span> <span class='ocrx_word' id='word_1_10' title='bbox 806 523 837 579; x_wconf 92' lang='lat' dir='ltr'><strong>in</strong></span> <span class='ocrx_word' id='word_1_11' title='bbox 850 526 949 579; x_wconf 90' lang='lat' dir='ltr'><strong>monta</strong></span> <span class='ocrx_word' id='word_1_12' title='bbox 961 507 1122 597; x_wconf 66' lang='lat' dir='ltr'><strong>K&#39;templa,</strong></span> <span class='ocrx_word' id='word_1_13' title='bbox 1139 525 1194 580; x_wconf 90' lang='lat' dir='ltr'><strong>sed</strong></span> <span class='ocrx_word' id='word_1_14' title='bbox 1210 540 1300 580; x_wconf 88' lang='lat' dir='ltr'><strong>unum</strong></span> <span class='ocrx_word' id='word_1_15' title='bbox 1316 524 1477 596; x_wconf 80' lang='lat' dir='ltr'><strong>templum3</strong></span> <span class='ocrx_word' id='word_1_16' title='bbox 1499 525 1568 598; x_wconf 87' lang='lat' dir='ltr'><strong>quia</strong></span> <span class='ocrx_word' id='word_1_17' title='bbox 1592 525 1684 581; x_wconf 85' lang='lat' dir='ltr'><strong>unius</strong></span> <span class='ocrx_word' id='word_1_18' title='bbox 1699 525 1738 585; x_wconf 74' lang='lat' dir='ltr'><strong>tsi</strong></span> 
     </span>
     <span class='ocr_line' id='line_1_3' title="bbox 115 613 1232 688; baseline 0 -19"><span class='ocrx_word' id='word_1_19' title='bbox 115 615 265 688; x_wconf 73' lang='lat' dir='ltr'><strong>fulgeret:</strong></span> <span class='ocrx_word' id='word_1_20' title='bbox 285 638 296 663; x_wconf 80' lang='lat'><strong>‹-</strong></span> <span class='ocrx_word' id='word_1_21' title='bbox 316 615 468 685; x_wconf 75' lang='lat' dir='ltr'>Viderunt,</span> <span class='ocrx_word' id='word_1_22' title='bbox 485 615 589 686; x_wconf 90' lang='lat' dir='ltr'><strong>inquit,</strong></span> <span class='ocrx_word' id='word_1_23' title='bbox 605 614 742 685; x_wconf 85' lang='lat' dir='ltr'><strong>apostoli,</strong></span> <span class='ocrx_word' id='word_1_24' title='bbox 759 617 787 669; x_wconf 92' lang='lat' dir='ltr'><strong>et</strong></span> <span class='ocrx_word' id='word_1_25' title='bbox 803 613 949 670; x_wconf 77' lang='lat' dir='ltr'><strong>infaciem</strong></span> <span class='ocrx_word' id='word_1_26' title='bbox 1006 617 1052 669; x_wconf 88' lang='lat' dir='ltr'><strong>est</strong></span> <span class='ocrx_word' id='word_1_27' title='bbox 1066 614 1232 685; x_wconf 91' lang='lat' dir='ltr'><strong>potestatis.</strong></span> 
     </span>
    </p>

    <p class='ocr_par' dir='ltr' id='par_1_3' title="bbox 114 701 1738 1483">
     <span class='ocr_line' id='line_1_4' title="bbox 115 701 1738 775; baseline 0.001 -18"><span class='ocrx_word' id='word_1_28' title='bbox 115 702 305 775; x_wconf 88' lang='lat' dir='ltr'><strong>prociderunt</strong></span> <span class='ocrx_word' id='word_1_29' title='bbox 329 703 448 774; x_wconf 76' lang='lat' dir='ltr'><strong>(tratti.</strong></span> <span class='ocrx_word' id='word_1_30' title='bbox 473 720 544 773; x_wconf 85' lang='lat' dir='ltr'><strong>xvii,</strong></span> <span class='ocrx_word' id='word_1_31' title='bbox 569 702 639 770; x_wconf 78' lang='lat'><strong>6).»</strong></span> <span class='ocrx_word' id='word_1_32' title='bbox 665 703 795 758; x_wconf 78' lang='lat' dir='ltr'><strong>Putasne</strong></span> <span class='ocrx_word' id='word_1_33' title='bbox 818 702 887 757; x_wconf 89' lang='lat' dir='ltr'><strong>illos</strong></span> <span class='ocrx_word' id='word_1_34' title='bbox 901 701 949 756; x_wconf 86' lang='lat' dir='ltr'><strong>vel</strong></span> <span class='ocrx_word' id='word_1_35' title='bbox 1040 703 1085 758; x_wconf 74' lang='lat'><strong>92.</strong></span> <span class='ocrx_word' id='word_1_36' title='bbox 1110 703 1208 758; x_wconf 87' lang='lat' dir='ltr'><strong>Manet</strong></span> <span class='ocrx_word' id='word_1_37' title='bbox 1229 706 1327 760; x_wconf 89' lang='lat' dir='ltr'><strong>autem</strong></span> <span class='ocrx_word' id='word_1_38' title='bbox 1349 703 1380 757; x_wconf 94' lang='lat' dir='ltr'><strong>in</strong></span> <span class='ocrx_word' id='word_1_39' title='bbox 1400 703 1488 759; x_wconf 92' lang='lat' dir='ltr'><strong>nobis</strong></span> <span class='ocrx_word' id='word_1_40' title='bbox 1508 703 1597 759; x_wconf 86' lang='lat' dir='ltr'><strong>Pater</strong></span> <span class='ocrx_word' id='word_1_41' title='bbox 1618 719 1674 774; x_wconf 90' lang='lat' dir='ltr'><strong>per</strong></span> <span class='ocrx_word' id='word_1_42' title='bbox 1688 701 1738 775; x_wconf 80' lang='lat' dir='ltr'><strong>spi</strong></span> 
     </span>
     <span class='ocr_line' id='line_1_5' title="bbox 116 790 1736 865; baseline 0 -18"><span class='ocrx_word' id='word_1_43' title='bbox 116 808 181 847; x_wconf 89' lang='lat' dir='ltr'><strong>cum</strong></span> <span class='ocrx_word' id='word_1_44' title='bbox 197 793 395 862; x_wconf 73' lang='lat' dir='ltr'><strong>prociderent,</strong></span> <span class='ocrx_word' id='word_1_45' title='bbox 416 792 569 862; x_wconf 88' lang='lat' dir='ltr'><strong>adorasse,</strong></span> <span class='ocrx_word' id='word_1_46' title='bbox 596 807 663 846; x_wconf 92' lang='lat' dir='ltr'><strong>cum</strong></span> <span class='ocrx_word' id='word_1_47' title='bbox 686 791 834 865; x_wconf 77' lang='lat' dir='ltr'><strong>fulgorem</strong></span> <span class='ocrx_word' id='word_1_48' title='bbox 856 790 948 845; x_wconf 88' lang='lat' dir='ltr'><strong>divini</strong></span> <span class='ocrx_word' id='word_1_49' title='bbox 1005 806 1093 865; x_wconf 89' lang='lat' dir='ltr'><strong>quem</strong></span> <span class='ocrx_word' id='word_1_50' title='bbox 1116 791 1195 847; x_wconf 84' lang='lat' dir='ltr'>dedit</span> <span class='ocrx_word' id='word_1_51' title='bbox 1219 791 1316 847; x_wconf 90' lang='lat' dir='ltr'><strong>nohis.</strong></span> <span class='ocrx_word' id='word_1_52' title='bbox 1342 790 1494 857; x_wconf 87' lang='lat' dir='ltr'><strong>Quomodo</strong></span> <span class='ocrx_word' id='word_1_53' title='bbox 1516 792 1609 865; x_wconf 91' lang='lat' dir='ltr'><strong>igitur</strong></span> <span class='ocrx_word' id='word_1_54' title='bbox 1633 792 1736 863; x_wconf 83' lang='lat' dir='ltr'><strong>potest</strong></span> 
     </span>
     <span class='ocr_line' id='line_1_6' title="bbox 114 879 1730 953; baseline 0.001 -18"><span class='ocrx_word' id='word_1_55' title='bbox 114 880 238 935; x_wconf 86' lang='lat' dir='ltr'><strong>luminis</strong></span> <span class='ocrx_word' id='word_1_56' title='bbox 252 881 457 953; x_wconf 74' lang='lat' dir='ltr'><strong>corporalibus</strong></span> <span class='ocrx_word' id='word_1_57' title='bbox 469 880 564 936; x_wconf 93' lang='lat' dir='ltr'><strong>oculis</strong></span> <span class='ocrx_word' id='word_1_58' title='bbox 575 881 725 936; x_wconf 89' lang='lat' dir='ltr'><strong>sustinere</strong></span> <span class='ocrx_word' id='word_1_59' title='bbox 740 896 799 935; x_wconf 88' lang='lat' dir='ltr'><strong>non</strong></span> <span class='ocrx_word' id='word_1_60' title='bbox 813 884 948 952; x_wconf 88' lang='lat' dir='ltr'><strong>possent,</strong></span> <span class='ocrx_word' id='word_1_61' title='bbox 1005 879 1108 951; x_wconf 88' lang='lat' dir='ltr'><strong>dispar</strong></span> <span class='ocrx_word' id='word_1_62' title='bbox 1122 895 1241 935; x_wconf 89' lang='lat' dir='ltr'><strong>manera</strong></span> <span class='ocrx_word' id='word_1_63' title='bbox 1254 882 1382 936; x_wconf 76' lang='lat' dir='ltr'><strong>natura?</strong></span> <span class='ocrx_word' id='word_1_64' title='bbox 1409 880 1518 953; x_wconf 88' lang='lat' dir='ltr'><strong>Utique</strong></span> <span class='ocrx_word' id='word_1_65' title='bbox 1542 896 1602 935; x_wconf 94' lang='lat' dir='ltr'><strong>non</strong></span> <span class='ocrx_word' id='word_1_66' title='bbox 1618 882 1730 951; x_wconf 88' lang='lat' dir='ltr'><strong>potest.</strong></span> 
     </span>
     <span class='ocr_line' id='line_1_7' title="bbox 119 969 1738 1040; baseline 0.002 -17"><span class='ocrx_word' id='word_1_67' title='bbox 119 972 148 1023; x_wconf 91' lang='lat' dir='ltr'><strong>et</strong></span> <span class='ocrx_word' id='word_1_68' title='bbox 158 969 301 1039; x_wconf 78' lang='lat' dir='ltr'><strong>splendor</strong></span> <span class='ocrx_word' id='word_1_69' title='bbox 314 969 391 1024; x_wconf 91' lang='lat' dir='ltr'><strong>lucis</strong></span> <span class='ocrx_word' id='word_1_70' title='bbox 405 972 524 1025; x_wconf 80' lang='lat' dir='ltr'><strong>aeternae</strong></span> <span class='ocrx_word' id='word_1_71' title='bbox 539 970 633 1024; x_wconf 91' lang='lat' dir='ltr'><strong>aciem</strong></span> <span class='ocrx_word' id='word_1_72' title='bbox 647 969 733 1024; x_wconf 87' lang='lat' dir='ltr'><strong>visus</strong></span> <span class='ocrx_word' id='word_1_73' title='bbox 748 969 881 1025; x_wconf 89' lang='lat' dir='ltr'><strong>mortalis</strong></span> <span class='ocrx_word' id='word_1_74' title='bbox 898 970 950 1025; x_wconf 90' lang='lat' dir='ltr'><strong>ob·</strong></span> <span class='ocrx_word' id='word_1_75' title='bbox 1004 972 1102 1024; x_wconf 90' lang='lat' dir='ltr'><strong>autam</strong></span> <span class='ocrx_word' id='word_1_76' title='bbox 1118 985 1185 1023; x_wconf 94' lang='lat' dir='ltr'><strong>cum</strong></span> <span class='ocrx_word' id='word_1_77' title='bbox 1198 970 1285 1024; x_wconf 89' lang='lat' dir='ltr'><strong>Patre</strong></span> <span class='ocrx_word' id='word_1_78' title='bbox 1301 972 1329 1024; x_wconf 90' lang='lat' dir='ltr'><strong>et</strong></span> <span class='ocrx_word' id='word_1_79' title='bbox 1347 969 1421 1024; x_wconf 82' lang='lat' dir='ltr'><strong>Filio</strong></span> <span class='ocrx_word' id='word_1_80' title='bbox 1445 969 1574 1040; x_wconf 73' lang='lat' dir='ltr'><strong>Spiritus</strong></span> <span class='ocrx_word' id='word_1_81' title='bbox 1599 973 1738 1027; x_wconf 59' lang='lat' dir='ltr'><strong>sanctus}</strong></span> 
     </span>
     <span class='ocr_line' id='line_1_8' title="bbox 115 1054 1738 1130; baseline 0.002 -18"><span class='ocrx_word' id='word_1_82' title='bbox 115 1054 261 1113; x_wconf 77' lang='lat' dir='ltr'><strong>duceret?</strong></span> <span class='ocrx_word' id='word_1_83' title='bbox 276 1061 334 1112; x_wconf 89' lang='lat' dir='ltr'><strong>Aut</strong></span> <span class='ocrx_word' id='word_1_84' title='bbox 348 1058 418 1129; x_wconf 89' lang='lat' dir='ltr'><strong>quid</strong></span> <span class='ocrx_word' id='word_1_85' title='bbox 429 1058 509 1112; x_wconf 89' lang='lat' dir='ltr'><strong>aliud</strong></span> <span class='ocrx_word' id='word_1_86' title='bbox 520 1062 589 1113; x_wconf 90' lang='lat' dir='ltr'><strong>tuuc</strong></span> <span class='ocrx_word' id='word_1_87' title='bbox 600 1057 743 1128; x_wconf 89' lang='lat' dir='ltr'><strong>temporis</strong></span> <span class='ocrx_word' id='word_1_88' title='bbox 754 1058 893 1115; x_wconf 89' lang='lat' dir='ltr'><strong>dixerunt</strong></span> <span class='ocrx_word' id='word_1_89' title='bbox 907 1059 951 1114; x_wconf 94' lang='lat' dir='ltr'><strong>illi</strong></span> <span class='ocrx_word' id='word_1_90' title='bbox 1005 1061 1034 1113; x_wconf 89' lang='lat' dir='ltr'><strong>et</strong></span> <span class='ocrx_word' id='word_1_91' title='bbox 1048 1058 1209 1128; x_wconf 87' lang='lat' dir='ltr'><strong>Apostolus</strong></span> <span class='ocrx_word' id='word_1_92' title='bbox 1226 1073 1292 1112; x_wconf 90' lang='lat' dir='ltr'><strong>cum</strong></span> <span class='ocrx_word' id='word_1_93' title='bbox 1309 1058 1402 1130; x_wconf 86' lang='lat' dir='ltr'><strong>gratia</strong></span> <span class='ocrx_word' id='word_1_94' title='bbox 1418 1058 1492 1113; x_wconf 78' lang='lat' dir='ltr'><strong>lesu</strong></span> <span class='ocrx_word' id='word_1_95' title='bbox 1506 1056 1619 1113; x_wconf 84' lang='lat' dir='ltr'><strong>Christi</strong></span> <span class='ocrx_word' id='word_1_96' title='bbox 1634 1057 1738 1115; x_wconf 80' lang='lat' dir='ltr'><strong>chariti</strong></span> 
     </span>
     <span class='ocr_line' id='line_1_9' title="bbox 115 1144 1738 1220; baseline 0.001 -20"><span class='ocrx_word' id='word_1_97' title='bbox 115 1147 250 1201; x_wconf 90' lang='lat' dir='ltr'><strong>videntes</strong></span> <span class='ocrx_word' id='word_1_98' title='bbox 267 1146 393 1220; x_wconf 82' lang='lat' dir='ltr'><strong>gloriani</strong></span> <span class='ocrx_word' id='word_1_99' title='bbox 408 1146 486 1219; x_wconf 82' lang='lat' dir='ltr'><strong>ejus,</strong></span> <span class='ocrx_word' id='word_1_100' title='bbox 501 1144 582 1202; x_wconf 90' lang='lat' dir='ltr'><strong>nisi:</strong></span> <span class='ocrx_word' id='word_1_101' title='bbox 612 1168 623 1194; x_wconf 73' lang='lat' dir='ltr'><strong>a</strong></span> <span class='ocrx_word' id='word_1_102' title='bbox 641 1147 755 1217; x_wconf 87' lang='lat' dir='ltr'><strong>Venite,</strong></span> <span class='ocrx_word' id='word_1_103' title='bbox 778 1147 947 1218; x_wconf 88' lang='lat' dir='ltr'><strong>adoremus,</strong></span> <span class='ocrx_word' id='word_1_104' title='bbox 1007 1147 1302 1202; x_wconf 90' lang='lat' dir='ltr'><strong>communicationem</strong></span> <span class='ocrx_word' id='word_1_105' title='bbox 1310 1146 1406 1202; x_wconf 89' lang='lat' dir='ltr'><strong>sancti</strong></span> <span class='ocrx_word' id='word_1_106' title='bbox 1417 1146 1545 1217; x_wconf 87' lang='lat' dir='ltr'><strong>Spiritus</strong></span> <span class='ocrx_word' id='word_1_107' title='bbox 1556 1144 1738 1218; x_wconf 86' lang='lat' dir='ltr'><strong>copulavitd</strong></span> 
     </span>
     <span class='ocr_line' id='line_1_10' title="bbox 115 1234 1738 1310; baseline 0.001 -20"><span class='ocrx_word' id='word_1_108' title='bbox 115 1238 144 1290; x_wconf 91' lang='lat' dir='ltr'><strong>et</strong></span> <span class='ocrx_word' id='word_1_109' title='bbox 167 1235 355 1305; x_wconf 78' lang='lat' dir='ltr'><strong>procidamus</strong></span> <span class='ocrx_word' id='word_1_110' title='bbox 378 1238 444 1290; x_wconf 89' lang='lat' dir='ltr'><strong>anta</strong></span> <span class='ocrx_word' id='word_1_111' title='bbox 462 1251 529 1290; x_wconf 88' lang='lat' dir='ltr'><strong>eum</strong></span> <span class='ocrx_word' id='word_1_112' title='bbox 553 1234 647 1305; x_wconf 84' lang='lat' dir='ltr'><strong>(Psal.</strong></span> <span class='ocrx_word' id='word_1_113' title='bbox 669 1253 748 1306; x_wconf 86' lang='lat' dir='ltr'><strong>xciv,</strong></span> <span class='ocrx_word' id='word_1_114' title='bbox 765 1235 803 1307; x_wconf 89' lang='lat'><strong>6).</strong></span> <span class='ocrx_word' id='word_1_115' title='bbox 823 1259 835 1285; x_wconf 75' lang='grc' dir='ltr'>ι</span> <span class='ocrx_word' id='word_1_116' title='bbox 852 1234 950 1310; x_wconf 89' lang='lat' dir='ltr'><strong>[Alias</strong></span> <span class='ocrx_word' id='word_1_117' title='bbox 1008 1236 1135 1291; x_wconf 77' lang='lat' dir='ltr'><strong>«Gratia</strong></span> <span class='ocrx_word' id='word_1_118' title='bbox 1151 1235 1266 1290; x_wconf 87' lang='lat' dir='ltr'><strong>Domini</strong></span> <span class='ocrx_word' id='word_1_119' title='bbox 1291 1236 1387 1291; x_wconf 92' lang='lat' dir='ltr'><strong>nostri</strong></span> <span class='ocrx_word' id='word_1_120' title='bbox 1412 1235 1487 1291; x_wconf 80' lang='lat' dir='ltr'><strong>lesu</strong></span> <span class='ocrx_word' id='word_1_121' title='bbox 1511 1234 1633 1305; x_wconf 85' lang='lat' dir='ltr'><strong>Christi,</strong></span> <span class='ocrx_word' id='word_1_122' title='bbox 1660 1239 1692 1292; x_wconf 85' lang='lat' dir='ltr'><strong>et</strong></span> <span class='ocrx_word' id='word_1_123' title='bbox 1714 1234 1738 1292; x_wconf 87' lang='lat' dir='ltr'><strong>el</strong></span> 
     </span>
     <span class='ocr_line' id='line_1_11' title="bbox 115 1322 1738 1396; baseline 0.001 -17"><span class='ocrx_word' id='word_1_124' title='bbox 115 1338 179 1395; x_wconf 91' lang='lat' dir='ltr'><strong>cap.</strong></span> <span class='ocrx_word' id='word_1_125' title='bbox 195 1322 281 1396; x_wconf 81' lang='lat' dir='ltr'><strong>xiii]</strong></span> <span class='ocrx_word' id='word_1_126' title='bbox 308 1346 319 1371; x_wconf 74' lang='lat' dir='ltr'><strong>a</strong></span> <span class='ocrx_word' id='word_1_127' title='bbox 337 1323 434 1378; x_wconf 86' lang='lat' dir='ltr'><strong>llluxit</strong></span> <span class='ocrx_word' id='word_1_128' title='bbox 447 1325 525 1379; x_wconf 90' lang='lat' dir='ltr'><strong>enim</strong></span> <span class='ocrx_word' id='word_1_129' title='bbox 543 1348 553 1373; x_wconf 79' lang='lat' dir='ltr'><strong>i</strong></span> <span class='ocrx_word' id='word_1_130' title='bbox 580 1326 659 1380; x_wconf 90' lang='lat' dir='ltr'><strong>Deus</strong></span> <span class='ocrx_word' id='word_1_131' title='bbox 676 1325 706 1380; x_wconf 91' lang='lat' dir='ltr'><strong>in</strong></span> <span class='ocrx_word' id='word_1_132' title='bbox 722 1324 863 1381; x_wconf 84' lang='lat' dir='ltr'><strong>cordibus</strong></span> <span class='ocrx_word' id='word_1_133' title='bbox 877 1341 950 1381; x_wconf 89' lang='lat' dir='ltr'><strong>nos·</strong></span> <span class='ocrx_word' id='word_1_134' title='bbox 1007 1323 1070 1393; x_wconf 90' lang='lat' dir='ltr'><strong>Dei,</strong></span> <span class='ocrx_word' id='word_1_135' title='bbox 1087 1328 1116 1380; x_wconf 93' lang='lat' dir='ltr'><strong>et</strong></span> <span class='ocrx_word' id='word_1_136' title='bbox 1131 1324 1354 1379; x_wconf 85' lang='lat' dir='ltr'><strong>communicatio</strong></span> <span class='ocrx_word' id='word_1_137' title='bbox 1370 1324 1498 1395; x_wconf 85' lang='lat' dir='ltr'><strong>Spiritus</strong></span> <span class='ocrx_word' id='word_1_138' title='bbox 1513 1325 1689 1379; x_wconf 87' lang='lat' dir='ltr'><strong>sencticam</strong></span> <span class='ocrx_word' id='word_1_139' title='bbox 1704 1330 1738 1381; x_wconf 82' lang='lat' dir='ltr'><strong>o&#39;u</strong></span> 
     </span>
     <span class='ocr_line' id='line_1_12' title="bbox 115 1411 1414 1483; baseline -0.002 -17"><span class='ocrx_word' id='word_1_140' title='bbox 115 1412 169 1466; x_wconf 90' lang='lat' dir='ltr'><strong>tris</strong></span> <span class='ocrx_word' id='word_1_141' title='bbox 185 1412 222 1466; x_wconf 87' lang='lat' dir='ltr'><strong>ad</strong></span> <span class='ocrx_word' id='word_1_142' title='bbox 239 1411 481 1467; x_wconf 84' lang='lat' dir='ltr'><strong>illuminationem</strong></span> <span class='ocrx_word' id='word_1_143' title='bbox 496 1413 629 1469; x_wconf 84' lang='lat' dir='ltr'><strong>scientiae</strong></span> <span class='ocrx_word' id='word_1_144' title='bbox 640 1414 783 1470; x_wconf 88' lang='lat' dir='ltr'><strong>claritatis</strong></span> <span class='ocrx_word' id='word_1_145' title='bbox 798 1413 850 1470; x_wconf 88' lang='lat' dir='ltr'><strong>Dei</strong></span> <span class='ocrx_word' id='word_1_146' title='bbox 865 1414 896 1469; x_wconf 93' lang='lat' dir='ltr'><strong>in</strong></span> <span class='ocrx_word' id='word_1_147' title='bbox 910 1413 950 1469; x_wconf 84' lang='lat' dir='ltr'><strong>ta·</strong></span> <span class='ocrx_word' id='word_1_148' title='bbox 1006 1412 1093 1467; x_wconf 81' lang='lat' dir='ltr'><strong>vohis</strong></span> <span class='ocrx_word' id='word_1_149' title='bbox 1109 1412 1152 1480; x_wconf 89' lang='lat' dir='ltr'><strong>(II</strong></span> <span class='ocrx_word' id='word_1_150' title='bbox 1164 1412 1231 1469; x_wconf 85' lang='lat' dir='ltr'><strong>Cor.</strong></span> <span class='ocrx_word' id='word_1_151' title='bbox 1249 1430 1310 1483; x_wconf 83' lang='lat' dir='ltr'><strong>xiii,</strong></span> <span class='ocrx_word' id='word_1_152' title='bbox 1328 1412 1383 1481; x_wconf 80' lang='lat' dir='ltr'><strong>ia).</strong></span> <span class='ocrx_word' id='word_1_153' title='bbox 1403 1433 1414 1462; x_wconf 85' lang='lat' dir='ltr'><strong>it</strong></span> 
     </span>
    </p>

    <p class='ocr_par' dir='ltr' id='par_1_4' title="bbox 116 1499 1542 1576">
     <span class='ocr_line' id='line_1_13' title="bbox 116 1499 1542 1576; baseline -0.003 -20"><span class='ocrx_word' id='word_1_154' title='bbox 116 1501 161 1556; x_wconf 82' lang='lat' dir='ltr'><strong>oio</strong></span> <span class='ocrx_word' id='word_1_155' title='bbox 176 1500 250 1555; x_wconf 75' lang='lat' dir='ltr'><strong>iesu</strong></span> <span class='ocrx_word' id='word_1_156' title='bbox 263 1499 373 1556; x_wconf 81' lang='lat' dir='ltr'><strong>Christi</strong></span> <span class='ocrx_word' id='word_1_157' title='bbox 386 1500 429 1573; x_wconf 84' lang='lat' dir='ltr'><strong>(II</strong></span> <span class='ocrx_word' id='word_1_158' title='bbox 445 1500 512 1557; x_wconf 82' lang='lat' dir='ltr'><strong>Cor.</strong></span> <span class='ocrx_word' id='word_1_159' title='bbox 529 1519 570 1572; x_wconf 80' lang='lat' dir='ltr'><strong>ix,</strong></span> <span class='ocrx_word' id='word_1_160' title='bbox 587 1503 626 1572; x_wconf 73' lang='lat' dir='ltr'><strong>o).</strong></span> <span class='ocrx_word' id='word_1_161' title='bbox 646 1526 657 1552; x_wconf 75' lang='lat' dir='ltr'><strong>a</strong></span> <span class='ocrx_word' id='word_1_162' title='bbox 1320 1518 1447 1576; x_wconf 56' lang='lat' dir='ltr'>CAPUT</span> <span class='ocrx_word' id='word_1_163' title='bbox 1466 1519 1542 1575; x_wconf 43' lang='grc' dir='ltr'><strong>χω,</strong></span> 
     </span>
    </p>
   </div>
   <div class='ocr_carea' id='block_1_3' title="bbox 114 1606 1738 1769">
    <p class='ocr_par' dir='ltr' id='par_1_5' title="bbox 114 1606 1738 1769">
     <span class='ocr_line' id='line_1_14' title="bbox 149 1606 1738 1683; baseline 0.003 -23"><span class='ocrx_word' id='word_1_164' title='bbox 149 1606 193 1660; x_wconf 86' lang='grc'><strong>88.</strong></span> <span class='ocrx_word' id='word_1_165' title='bbox 218 1606 291 1672; x_wconf 87' lang='lat' dir='ltr'><strong>Quis</strong></span> <span class='ocrx_word' id='word_1_166' title='bbox 316 1610 362 1662; x_wconf 92' lang='lat' dir='ltr'><strong>est</strong></span> <span class='ocrx_word' id='word_1_167' title='bbox 383 1622 456 1680; x_wconf 90' lang='lat' dir='ltr'><strong>ergo</strong></span> <span class='ocrx_word' id='word_1_168' title='bbox 480 1609 530 1681; x_wconf 94' lang='lat' dir='ltr'><strong>qui</strong></span> <span class='ocrx_word' id='word_1_169' title='bbox 554 1609 660 1680; x_wconf 81' lang='lat' dir='ltr'><strong>illuxit,</strong></span> <span class='ocrx_word' id='word_1_170' title='bbox 680 1612 713 1664; x_wconf 92' lang='lat' dir='ltr'><strong>ut</strong></span> <span class='ocrx_word' id='word_1_171' title='bbox 728 1624 948 1683; x_wconf 75' lang='lat' dir='ltr'><strong>cognoscamus</strong></span> <span class='ocrx_word' id='word_1_172' title='bbox 1007 1606 1226 1680; x_wconf 75' lang='lat' dir='ltr'><strong>Olpicientilius</strong></span> <span class='ocrx_word' id='word_1_173' title='bbox 1240 1608 1409 1677; x_wconf 86' lang='lat' dir='ltr'><strong>catholicos,</strong></span> <span class='ocrx_word' id='word_1_174' title='bbox 1435 1608 1502 1663; x_wconf 90' lang='lat' dir='ltr'><strong>dum</strong></span> <span class='ocrx_word' id='word_1_175' title='bbox 1521 1607 1653 1680; x_wconf 86' lang='lat' dir='ltr'><strong>Spiritui</strong></span> <span class='ocrx_word' id='word_1_176' title='bbox 1670 1612 1738 1664; x_wconf 81' lang='lat' dir='ltr'><strong>attii</strong></span> 
     </span>
     <span class='ocr_line' id='line_1_15' title="bbox 114 1679 1738 1769; baseline 0.002 -21"><span class='ocrx_word' id='word_1_177' title='bbox 114 1694 206 1749; x_wconf 76' lang='lat' dir='ltr'><strong>neum</strong></span> <span class='ocrx_word' id='word_1_178' title='bbox 221 1694 278 1764; x_wconf 83' lang='lat' dir='ltr'><strong>(aa)</strong></span> <span class='ocrx_word' id='word_1_179' title='bbox 295 1695 324 1749; x_wconf 79' lang='lat' dir='ltr'><strong>in</strong></span> <span class='ocrx_word' id='word_1_180' title='bbox 335 1695 410 1751; x_wconf 70' lang='lat' dir='ltr'><strong>rios</strong></span> <span class='ocrx_word' id='word_1_181' title='bbox 421 1695 531 1751; x_wconf 63' lang='lat' dir='ltr'><strong>curisti</strong></span> <span class='ocrx_word' id='word_1_182' title='bbox 542 1697 639 1754; x_wconf 75' lang='lat' dir='ltr'><strong>resur</strong></span> <span class='ocrx_word' id='word_1_183' title='bbox 654 1699 733 1753; x_wconf 69' lang='lat' dir='ltr'><strong>nixu</strong></span> <span class='ocrx_word' id='word_1_184' title='bbox 747 1699 836 1769; x_wconf 74' lang='lat' dir='ltr'><strong>enim,</strong></span> <span class='ocrx_word' id='word_1_185' title='bbox 849 1699 949 1753; x_wconf 79' lang='lat' dir='ltr'><strong>uiuxu</strong></span> <span class='ocrx_word' id='word_1_186' title='bbox 1040 1680 1239 1747; x_wconf 60' lang='lat' dir='ltr'><strong>trinitatem,</strong></span> <span class='ocrx_word' id='word_1_187' title='bbox 1256 1679 1403 1734; x_wconf 60' lang='lat' dir='ltr'><strong>‘redeas</strong></span> <span class='ocrx_word' id='word_1_188' title='bbox 1418 1679 1570 1748; x_wconf 68' lang='lat' dir='ltr'><strong>indecere</strong></span> <span class='ocrx_word' id='word_1_189' title='bbox 1588 1685 1738 1752; x_wconf 65' lang='lat' dir='ltr'><strong>retorem</strong></span> 
     </span>
    </p>
   </div>
   <div class='ocr_carea' id='block_1_4' title="bbox 114 1749 1738 1894">
    <p class='ocr_par' dir='ltr' id='par_1_6' title="bbox 114 1749 1738 1894">
     <span class='ocr_line' id='line_1_16' title="bbox 114 1749 1738 1894; baseline 0.002 -56"><span class='ocrx_word' id='word_1_190' title='bbox 114 1784 205 1853; x_wconf 90' lang='lat' dir='ltr'><strong>Deus,</strong></span> <span class='ocrx_word' id='word_1_191' title='bbox 216 1807 227 1831; x_wconf 81' lang='lat' dir='ltr'><strong>i</strong></span> <span class='ocrx_word' id='word_1_192' title='bbox 237 1787 269 1838; x_wconf 91' lang='lat' dir='ltr'><strong>ut</strong></span> <span class='ocrx_word' id='word_1_193' title='bbox 284 1787 484 1856; x_wconf 75' lang='lat' dir='ltr'><strong>cognoscatur</strong></span> <span class='ocrx_word' id='word_1_194' title='bbox 498 1786 617 1841; x_wconf 84' lang='lat' dir='ltr'><strong>claritas</strong></span> <span class='ocrx_word' id='word_1_195' title='bbox 633 1786 686 1842; x_wconf 92' lang='lat' dir='ltr'><strong>Dei</strong></span> <span class='ocrx_word' id='word_1_196' title='bbox 702 1788 730 1843; x_wconf 93' lang='lat' dir='ltr'><strong>in</strong></span> <span class='ocrx_word' id='word_1_197' title='bbox 746 1786 949 1844; x_wconf 81' lang='lat' dir='ltr'><strong>lecieChristi</strong></span> <span class='ocrx_word' id='word_1_198' title='bbox 1039 1767 1049 1804; x_wconf 86' lang='lat'><em>¹</em></span> <span class='ocrx_word' id='word_1_199' title='bbox 1061 1749 1664 1894; x_wconf 42' lang='grc' dir='ltr'><strong>1-ῗῇ,9ιίἕπῃ-’0οέἒέζΐθὲῗῶηἶθῗέἕὲ</strong></span> <span class='ocrx_word' id='word_1_200' title='bbox 1675 1750 1738 1879; x_wconf 54' lang='lat' dir='ltr'><strong>gx}</strong></span> 
     </span>
    </p>
   </div>
   <div class='ocr_carea' id='block_1_5' title="bbox 115 1873 1364 1964">
    <p class='ocr_par' dir='ltr' id='par_1_7' title="bbox 115 1873 1364 1964">
     <span class='ocr_line' id='line_1_17' title="bbox 115 1873 1364 1964; baseline 0.003 -37"><span class='ocrx_word' id='word_1_201' title='bbox 115 1873 188 1928; x_wconf 85' lang='lat' dir='ltr'><strong>lesu</strong></span> <span class='ocrx_word' id='word_1_202' title='bbox 206 1888 212 1928; x_wconf 93' lang='lat'>:</span> <span class='ocrx_word' id='word_1_203' title='bbox 230 1888 318 1944; x_wconf 85' lang='lat' dir='ltr'><strong>qnam</strong></span> <span class='ocrx_word' id='word_1_204' title='bbox 332 1877 470 1943; x_wconf 91' lang='lat' dir='ltr'><strong>putamus</strong></span> <span class='ocrx_word' id='word_1_205' title='bbox 485 1874 575 1929; x_wconf 88' lang='lat' dir='ltr'><strong>alium</strong></span> <span class='ocrx_word' id='word_1_206' title='bbox 589 1878 698 1945; x_wconf 86' lang='lat' dir='ltr'><strong>praeter</strong></span> <span class='ocrx_word' id='word_1_207' title='bbox 713 1876 853 1946; x_wconf 88' lang='lat' dir='ltr'><strong>Spiritum</strong></span> <span class='ocrx_word' id='word_1_208' title='bbox 875 1892 947 1931; x_wconf 89' lang='lat' dir='ltr'><strong>san·</strong></span> <span class='ocrx_word' id='word_1_209' title='bbox 964 1885 1003 1950; x_wconf 78' lang='grc' dir='ltr'><strong>Β,</strong></span> <span class='ocrx_word' id='word_1_210' title='bbox 1039 1893 1176 1948; x_wconf 55' lang='lat' dir='ltr'><strong>poema„</strong></span> <span class='ocrx_word' id='word_1_211' title='bbox 1196 1893 1364 1964; x_wconf 52' lang='lat' dir='ltr'><strong>exponam,</strong></span> 
     </span>
    </p>
   </div>
   <div class='ocr_carea' id='block_1_6' title="bbox 114 1961 1738 2072">
    <p class='ocr_par' dir='ltr' id='par_1_8' title="bbox 114 1961 1738 2072">
     <span class='ocr_line' id='line_1_18' title="bbox 114 1961 1738 2072; baseline 0.002 -56"><span class='ocrx_word' id='word_1_212' title='bbox 114 1961 541 2033; x_wconf 73' lang='lat' dir='ltr'><strong>ctumdeclaratumihutquis</strong></span> <span class='ocrx_word' id='word_1_213' title='bbox 551 1966 597 2018; x_wconf 91' lang='lat' dir='ltr'><strong>est</strong></span> <span class='ocrx_word' id='word_1_214' title='bbox 606 1963 798 2035; x_wconf 87' lang='lat' dir='ltr'><strong>aliuspraeter</strong></span> <span class='ocrx_word' id='word_1_215' title='bbox 806 1964 948 2036; x_wconf 89' lang='lat' dir='ltr'><strong>Spiritum</strong></span> <span class='ocrx_word' id='word_1_216' title='bbox 1039 1997 1074 2054; x_wconf 62' lang='lat'><strong>92</strong></span> <span class='ocrx_word' id='word_1_217' title='bbox 1087 1998 1107 2054; x_wconf 79' lang='lat'><strong>‘.</strong></span> <span class='ocrx_word' id='word_1_218' title='bbox 1124 1996 1221 2071; x_wconf 51' lang='lat' dir='ltr'><strong><em>[Alias</em></strong></span> <span class='ocrx_word' id='word_1_219' title='bbox 1234 2015 1298 2070; x_wconf 43' lang='lat' dir='ltr'><strong>cap·</strong></span> <span class='ocrx_word' id='word_1_220' title='bbox 1315 1997 1405 2072; x_wconf 62' lang='lat' dir='ltr'><strong>xia]</strong></span> <span class='ocrx_word' id='word_1_221' title='bbox 1421 1999 1479 2054; x_wconf 62' lang='lat' dir='ltr'><strong>Sed</strong></span> <span class='ocrx_word' id='word_1_222' title='bbox 1495 1998 1564 2071; x_wconf 69' lang='lat' dir='ltr'>quid</span> <span class='ocrx_word' id='word_1_223' title='bbox 1581 1997 1738 2071; x_wconf 50' lang='lat' dir='ltr'><strong>veremini.</strong></span> 
     </span>
    </p>
   </div>
   <div class='ocr_carea' id='block_1_7' title="bbox 114 2050 1739 2214">
    <p class='ocr_par' dir='ltr' id='par_1_9' title="bbox 114 2050 1739 2214">
     <span class='ocr_line' id='line_1_19' title="bbox 114 2050 1739 2159; baseline 0.001 -55"><span class='ocrx_word' id='word_1_224' title='bbox 114 2053 248 2150; x_wconf 76' lang='lat' dir='ltr'><strong>sunctum</strong></span> <span class='ocrx_word' id='word_1_225' title='bbox 260 2050 307 2105; x_wconf 90' lang='lat' dir='ltr'><strong>cui</strong></span> <span class='ocrx_word' id='word_1_226' title='bbox 318 2050 479 2107; x_wconf 87' lang='lat' dir='ltr'><strong>divinitatis</strong></span> <span class='ocrx_word' id='word_1_227' title='bbox 488 2053 615 2123; x_wconf 91' lang='lat' dir='ltr'><strong>potentia</strong></span> <span class='ocrx_word' id='word_1_228' title='bbox 625 2053 794 2153; x_wconf 78' lang='lat' dir='ltr'><strong>deteratur?</strong></span> <span class='ocrx_word' id='word_1_229' title='bbox 803 2052 858 2120; x_wconf 87' lang='lat' dir='ltr'><strong>Qui</strong></span> <span class='ocrx_word' id='word_1_230' title='bbox 869 2055 948 2110; x_wconf 88' lang='lat' dir='ltr'><strong>enini</strong></span> <span class='ocrx_word' id='word_1_231' title='bbox 1003 2086 1053 2142; x_wconf 70' lang='lat' dir='ltr'><strong>lud</strong></span> <span class='ocrx_word' id='word_1_232' title='bbox 1064 2088 1143 2159; x_wconf 67' lang='lat' dir='ltr'>quod</span> <span class='ocrx_word' id='word_1_233' title='bbox 1154 2087 1299 2142; x_wconf 51' lang='lat' dir='ltr'><strong>oblatrare</strong></span> <span class='ocrx_word' id='word_1_234' title='bbox 1309 2087 1489 2156; x_wconf 43' lang='lat' dir='ltr'><strong>consuestis,</strong></span> <span class='ocrx_word' id='word_1_235' title='bbox 1501 2091 1609 2142; x_wconf 55' lang='lat' dir='ltr'><strong>mres</strong></span> <span class='ocrx_word' id='word_1_236' title='bbox 1620 2086 1739 2143; x_wconf 52' lang='lat' dir='ltr'><strong>facinus</strong></span> 
     </span>
     <span class='ocr_line' id='line_1_20' title="bbox 114 2138 945 2214; baseline 0.004 -20"><span class='ocrx_word' id='word_1_237' title='bbox 114 2138 254 2210; x_wconf 87' lang='lat' dir='ltr'><strong>Spiritum</strong></span> <span class='ocrx_word' id='word_1_238' title='bbox 273 2139 443 2210; x_wconf 81' lang='lat' dir='ltr'><strong>excludunt,</strong></span> <span class='ocrx_word' id='word_1_239' title='bbox 465 2156 593 2196; x_wconf 89' lang='lat' dir='ltr'><strong>necesse</strong></span> <span class='ocrx_word' id='word_1_240' title='bbox 615 2148 662 2197; x_wconf 90' lang='lat' dir='ltr'><strong>est</strong></span> <span class='ocrx_word' id='word_1_241' title='bbox 683 2143 823 2198; x_wconf 86' lang='lat' dir='ltr'><strong>inducant</strong></span> <span class='ocrx_word' id='word_1_242' title='bbox 845 2143 945 2214; x_wconf 91' lang='lat' dir='ltr'><strong>alium,</strong></span> 
     </span>
    </p>
   </div>
   <div class='ocr_carea' id='block_1_8' title="bbox 113 2175 1738 2304">
    <p class='ocr_par' dir='ltr' id='par_1_10' title="bbox 113 2175 1738 2304">
     <span class='ocr_line' id='line_1_21' title="bbox 113 2175 1738 2304; baseline 0 -22"><span class='ocrx_word' id='word_1_243' title='bbox 113 2227 164 2299; x_wconf 90' lang='lat' dir='ltr'><strong>qui</strong></span> <span class='ocrx_word' id='word_1_244' title='bbox 180 2243 247 2283; x_wconf 91' lang='lat' dir='ltr'><strong>oum</strong></span> <span class='ocrx_word' id='word_1_245' title='bbox 262 2228 348 2284; x_wconf 88' lang='lat' dir='ltr'><strong>Patre</strong></span> <span class='ocrx_word' id='word_1_246' title='bbox 364 2231 393 2284; x_wconf 90' lang='lat' dir='ltr'><strong>at</strong></span> <span class='ocrx_word' id='word_1_247' title='bbox 406 2228 480 2284; x_wconf 83' lang='lat' dir='ltr'><strong>Filio</strong></span> <span class='ocrx_word' id='word_1_248' title='bbox 494 2230 619 2304; x_wconf 89' lang='lat' dir='ltr'><strong>gloriam</strong></span> <span class='ocrx_word' id='word_1_249' title='bbox 633 2231 795 2287; x_wconf 89' lang='lat' dir='ltr'><strong>divinitatis</strong></span> <span class='ocrx_word' id='word_1_250' title='bbox 809 2232 945 2304; x_wconf 88' lang='lat' dir='ltr'><strong>accipiat.</strong></span> <span class='ocrx_word' id='word_1_251' title='bbox 1003 2176 1107 2245; x_wconf 46' lang='grc' dir='ltr'><strong>ΑΜ</strong></span> <span class='ocrx_word' id='word_1_252' title='bbox 1124 2176 1174 2231; x_wconf 58' lang='lat' dir='ltr'><strong>nbl</strong></span> <span class='ocrx_word' id='word_1_253' title='bbox 1189 2192 1267 2231; x_wconf 57' lang='lat' dir='ltr'><strong>emm</strong></span> <span class='ocrx_word' id='word_1_254' title='bbox 1283 2192 1340 2231; x_wconf 58' lang='lat' dir='ltr'><strong>una</strong></span> <span class='ocrx_word' id='word_1_255' title='bbox 1356 2176 1450 2231; x_wconf 53' lang='lat' dir='ltr'>denas</span> <span class='ocrx_word' id='word_1_256' title='bbox 1465 2175 1651 2248; x_wconf 52' lang='lat' dir='ltr'><strong>mtenlgstur’</strong></span> <span class='ocrx_word' id='word_1_257' title='bbox 1670 2191 1738 2235; x_wconf 59' lang='lat' dir='ltr'><strong>unm</strong></span> 
     </span>
    </p>
   </div>
   <div class='ocr_carea' id='block_1_9' title="bbox 112 2263 1738 2959">
    <p class='ocr_par' dir='ltr' id='par_1_11' title="bbox 1003 2263 1738 2336">
     <span class='ocr_line' id='line_1_22' title="bbox 1003 2263 1738 2336; baseline 0 -16"><span class='ocrx_word' id='word_1_258' title='bbox 1003 2264 1120 2320; x_wconf 88' lang='lat' dir='ltr'><strong>dicitur.</strong></span> <span class='ocrx_word' id='word_1_259' title='bbox 1141 2265 1245 2336; x_wconf 88' lang='lat' dir='ltr'><strong>Neque</strong></span> <span class='ocrx_word' id='word_1_260' title='bbox 1267 2266 1345 2320; x_wconf 91' lang='lat' dir='ltr'><strong>enim</strong></span> <span class='ocrx_word' id='word_1_261' title='bbox 1370 2281 1438 2319; x_wconf 89' lang='lat' dir='ltr'><strong>cum</strong></span> <span class='ocrx_word' id='word_1_262' title='bbox 1463 2265 1569 2320; x_wconf 89' lang='lat' dir='ltr'><strong>Filium</strong></span> <span class='ocrx_word' id='word_1_263' title='bbox 1590 2265 1686 2321; x_wconf 90' lang='lat' dir='ltr'><strong>Deum</strong></span> <span class='ocrx_word' id='word_1_264' title='bbox 1700 2263 1738 2321; x_wconf 81' lang='lat' dir='ltr'><strong>dii</strong></span> 
     </span>
    </p>

    <p class='ocr_par' dir='ltr' id='par_1_12' title="bbox 112 2351 1738 2959">
     <span class='ocr_line' id='line_1_23' title="bbox 148 2351 1738 2427; baseline 0.004 -22"><span class='ocrx_word' id='word_1_265' title='bbox 148 2351 192 2408; x_wconf 84' lang='lat'><strong>89.</strong></span> <span class='ocrx_word' id='word_1_266' title='bbox 210 2351 319 2407; x_wconf 84' lang='lat' dir='ltr'><strong>Eadem</strong></span> <span class='ocrx_word' id='word_1_267' title='bbox 335 2353 426 2426; x_wconf 88' lang='lat' dir='ltr'><strong>igitur</strong></span> <span class='ocrx_word' id='word_1_268' title='bbox 439 2354 530 2409; x_wconf 89' lang='lat' dir='ltr'><strong>verba</strong></span> <span class='ocrx_word' id='word_1_269' title='bbox 544 2358 720 2426; x_wconf 85' lang='lat' dir='ltr'><strong>repetamus</strong></span> <span class='ocrx_word' id='word_1_270' title='bbox 737 2371 744 2412; x_wconf 76' lang='grc' dir='ltr'><strong>ς</strong></span> <span class='ocrx_word' id='word_1_271' title='bbox 769 2379 780 2404; x_wconf 75' lang='lat' dir='ltr'><strong>a</strong></span> <span class='ocrx_word' id='word_1_272' title='bbox 797 2356 877 2412; x_wconf 91' lang='lat' dir='ltr'><strong>Deus</strong></span> <span class='ocrx_word' id='word_1_273' title='bbox 900 2360 947 2411; x_wconf 90' lang='lat' dir='ltr'><strong>est</strong></span> <span class='ocrx_word' id='word_1_274' title='bbox 1003 2353 1079 2408; x_wconf 90' lang='lat' dir='ltr'><strong>duos</strong></span> <span class='ocrx_word' id='word_1_275' title='bbox 1095 2351 1167 2407; x_wconf 90' lang='lat' dir='ltr'><strong>deos</strong></span> <span class='ocrx_word' id='word_1_276' title='bbox 1183 2353 1319 2408; x_wconf 86' lang='lat' dir='ltr'><strong>dicimus.</strong></span> <span class='ocrx_word' id='word_1_277' title='bbox 1337 2353 1411 2408; x_wconf 91' lang='lat' dir='ltr'><strong>Nam</strong></span> <span class='ocrx_word' id='word_1_278' title='bbox 1427 2353 1453 2407; x_wconf 89' lang='lat' dir='ltr'><strong>si</strong></span> <span class='ocrx_word' id='word_1_279' title='bbox 1469 2369 1536 2408; x_wconf 93' lang='lat' dir='ltr'><strong>cum</strong></span> <span class='ocrx_word' id='word_1_280' title='bbox 1556 2352 1696 2409; x_wconf 82' lang='lat' dir='ltr'><strong>deitatem</strong></span> <span class='ocrx_word' id='word_1_281' title='bbox 1710 2352 1738 2427; x_wconf 70' lang='lat' dir='ltr'><strong>Sp</strong></span> 
     </span>
     <span class='ocr_line' id='line_1_24' title="bbox 113 2440 1738 2515; baseline 0.003 -20"><span class='ocrx_word' id='word_1_282' title='bbox 113 2442 163 2513; x_wconf 90' lang='lat' dir='ltr'><strong>qui</strong></span> <span class='ocrx_word' id='word_1_283' title='bbox 179 2440 275 2496; x_wconf 81' lang='lat' dir='ltr'><strong>illuxit</strong></span> <span class='ocrx_word' id='word_1_284' title='bbox 289 2443 325 2496; x_wconf 88' lang='lat' dir='ltr'><strong>ad</strong></span> <span class='ocrx_word' id='word_1_285' title='bbox 341 2442 583 2500; x_wconf 87' lang='lat' dir='ltr'><strong>illuminationem</strong></span> <span class='ocrx_word' id='word_1_286' title='bbox 599 2445 740 2500; x_wconf 88' lang='lat' dir='ltr'><strong>claritatis</strong></span> <span class='ocrx_word' id='word_1_287' title='bbox 756 2445 807 2500; x_wconf 91' lang='lat' dir='ltr'><strong>Dei</strong></span> <span class='ocrx_word' id='word_1_288' title='bbox 824 2445 854 2501; x_wconf 95' lang='lat' dir='ltr'><strong>in</strong></span> <span class='ocrx_word' id='word_1_289' title='bbox 871 2445 945 2500; x_wconf 85' lang='lat' dir='ltr'><strong>iacie</strong></span> <span class='ocrx_word' id='word_1_290' title='bbox 1002 2442 1192 2510; x_wconf 81' lang='lat' dir='ltr'><strong>confitemini,</strong></span> <span class='ocrx_word' id='word_1_291' title='bbox 1209 2442 1317 2512; x_wconf 91' lang='lat' dir='ltr'><strong>putatis</strong></span> <span class='ocrx_word' id='word_1_292' title='bbox 1332 2445 1394 2497; x_wconf 88' lang='lat' dir='ltr'><strong>tres</strong></span> <span class='ocrx_word' id='word_1_293' title='bbox 1409 2442 1482 2497; x_wconf 91' lang='lat' dir='ltr'><strong>deos</strong></span> <span class='ocrx_word' id='word_1_294' title='bbox 1493 2441 1552 2496; x_wconf 89' lang='lat' dir='ltr'><strong>dici</strong></span> <span class='ocrx_word' id='word_1_295' title='bbox 1566 2441 1634 2512; x_wconf 77' lang='lat' dir='ltr'><strong>(ai),</strong></span> <span class='ocrx_word' id='word_1_296' title='bbox 1646 2456 1738 2515; x_wconf 71' lang='lat' dir='ltr'><strong>argos</strong></span> 
     </span>
     <span class='ocr_line' id='line_1_25' title="bbox 113 2529 1738 2606; baseline 0.001 -21"><span class='ocrx_word' id='word_1_297' title='bbox 113 2530 186 2585; x_wconf 77' lang='lat' dir='ltr'><strong>iesu</strong></span> <span class='ocrx_word' id='word_1_298' title='bbox 202 2530 322 2586; x_wconf 88' lang='lat' dir='ltr'><strong>Christi.</strong></span> <span class='ocrx_word' id='word_1_299' title='bbox 342 2554 353 2580; x_wconf 74' lang='lat' dir='ltr'><strong>i</strong></span> <span class='ocrx_word' id='word_1_300' title='bbox 376 2531 477 2586; x_wconf 88' lang='lat' dir='ltr'><strong>Habes</strong></span> <span class='ocrx_word' id='word_1_301' title='bbox 492 2530 642 2588; x_wconf 90' lang='lat' dir='ltr'><strong>Christum</strong></span> <span class='ocrx_word' id='word_1_302' title='bbox 658 2533 810 2589; x_wconf 87' lang='lat' dir='ltr'><strong>evidenter</strong></span> <span class='ocrx_word' id='word_1_303' title='bbox 823 2550 946 2606; x_wconf 83' lang='lat' dir='ltr'><strong>expres·</strong></span> <span class='ocrx_word' id='word_1_304' title='bbox 1002 2529 1139 2587; x_wconf 89' lang='lat' dir='ltr'><strong>deitatem</strong></span> <span class='ocrx_word' id='word_1_305' title='bbox 1155 2530 1221 2585; x_wconf 82' lang='lat' dir='ltr'><strong>Filii</strong></span> <span class='ocrx_word' id='word_1_306' title='bbox 1235 2530 1343 2600; x_wconf 90' lang='lat' dir='ltr'><strong>dicitis,</strong></span> <span class='ocrx_word' id='word_1_307' title='bbox 1362 2531 1430 2602; x_wconf 87' lang='lat' dir='ltr'><strong>quia</strong></span> <span class='ocrx_word' id='word_1_308' title='bbox 1450 2544 1509 2585; x_wconf 92' lang='lat' dir='ltr'><strong>non</strong></span> <span class='ocrx_word' id='word_1_309' title='bbox 1532 2531 1672 2601; x_wconf 90' lang='lat' dir='ltr'><strong>potestis,</strong></span> <span class='ocrx_word' id='word_1_310' title='bbox 1695 2546 1738 2587; x_wconf 78' lang='lat' dir='ltr'><strong>eei</strong></span> 
     </span>
     <span class='ocr_line' id='line_1_26' title="bbox 114 2618 1738 2693; baseline 0.003 -20"><span class='ocrx_word' id='word_1_311' title='bbox 114 2634 191 2674; x_wconf 88' lang='lat' dir='ltr'><strong>sum.</strong></span> <span class='ocrx_word' id='word_1_312' title='bbox 213 2618 309 2691; x_wconf 84' lang='lat' dir='ltr'><strong>Cujus</strong></span> <span class='ocrx_word' id='word_1_313' title='bbox 332 2634 406 2693; x_wconf 85' lang='lat' dir='ltr'><strong>ergo</strong></span> <span class='ocrx_word' id='word_1_314' title='bbox 427 2621 546 2676; x_wconf 87' lang='lat' dir='ltr'><strong>claritas</strong></span> <span class='ocrx_word' id='word_1_315' title='bbox 570 2621 735 2678; x_wconf 90' lang='lat' dir='ltr'><strong>illuminare</strong></span> <span class='ocrx_word' id='word_1_316' title='bbox 758 2623 869 2679; x_wconf 88' lang='lat' dir='ltr'><strong>dicitur</strong></span> <span class='ocrx_word' id='word_1_317' title='bbox 885 2623 946 2679; x_wconf 90' lang='lat' dir='ltr'><strong>nisi</strong></span> <span class='ocrx_word' id='word_1_318' title='bbox 1002 2634 1083 2691; x_wconf 90' lang='lat' dir='ltr'><strong>gare,</strong></span> <span class='ocrx_word' id='word_1_319' title='bbox 1101 2619 1176 2674; x_wconf 92' lang='lat' dir='ltr'><strong>duos</strong></span> <span class='ocrx_word' id='word_1_320' title='bbox 1192 2619 1332 2674; x_wconf 88' lang='lat' dir='ltr'><strong>inducitis</strong></span> <span class='ocrx_word' id='word_1_321' title='bbox 1348 2619 1431 2675; x_wconf 91' lang='lat' dir='ltr'><strong>deos.</strong></span> <span class='ocrx_word' id='word_1_322' title='bbox 1448 2619 1582 2674; x_wconf 90' lang='lat' dir='ltr'><strong>Necesse</strong></span> <span class='ocrx_word' id='word_1_323' title='bbox 1597 2619 1738 2691; x_wconf 87' lang='lat' dir='ltr'><strong>estigitni</strong></span> 
     </span>
     <span class='ocr_line' id='line_1_27' title="bbox 113 2707 1738 2783; baseline 0.001 -20"><span class='ocrx_word' id='word_1_324' title='bbox 113 2707 265 2778; x_wconf 81' lang='lat' dir='ltr'><strong>Spiritus?</strong></span> <span class='ocrx_word' id='word_1_325' title='bbox 280 2709 379 2777; x_wconf 89' lang='lat' dir='ltr'><strong>lpsum</strong></span> <span class='ocrx_word' id='word_1_326' title='bbox 394 2724 467 2783; x_wconf 90' lang='lat' dir='ltr'><strong>argo</strong></span> <span class='ocrx_word' id='word_1_327' title='bbox 482 2710 574 2766; x_wconf 91' lang='lat' dir='ltr'><strong>Deum</strong></span> <span class='ocrx_word' id='word_1_328' title='bbox 595 2713 754 2782; x_wconf 78' lang='lat' dir='ltr'><strong>expressit,</strong></span> <span class='ocrx_word' id='word_1_329' title='bbox 771 2713 840 2783; x_wconf 89' lang='lat' dir='ltr'><strong>quia</strong></span> <span class='ocrx_word' id='word_1_330' title='bbox 856 2712 944 2767; x_wconf 90' lang='lat' dir='ltr'><strong>clari·</strong></span> <span class='ocrx_word' id='word_1_331' title='bbox 1001 2709 1178 2763; x_wconf 90' lang='lat' dir='ltr'><strong>sententiam</strong></span> <span class='ocrx_word' id='word_1_332' title='bbox 1192 2710 1332 2778; x_wconf 89' lang='lat' dir='ltr'><strong>vestram,</strong></span> <span class='ocrx_word' id='word_1_333' title='bbox 1350 2709 1377 2763; x_wconf 88' lang='lat' dir='ltr'><strong>si</strong></span> <span class='ocrx_word' id='word_1_334' title='bbox 1397 2708 1490 2763; x_wconf 90' lang='lat' dir='ltr'><strong>Deum</strong></span> <span class='ocrx_word' id='word_1_335' title='bbox 1505 2723 1645 2778; x_wconf 78' lang='lat' dir='ltr'><strong>personae</strong></span> <span class='ocrx_word' id='word_1_336' title='bbox 1660 2707 1738 2765; x_wconf 82' lang='lat' dir='ltr'><strong>unia</strong></span> 
     </span>
     <span class='ocr_line' id='line_1_28' title="bbox 112 2796 1738 2874; baseline 0.004 -24"><span class='ocrx_word' id='word_1_337' title='bbox 112 2799 200 2852; x_wconf 87' lang='lat' dir='ltr'><strong>tatem</strong></span> <span class='ocrx_word' id='word_1_338' title='bbox 217 2796 269 2852; x_wconf 88' lang='lat' dir='ltr'><strong>Dei</strong></span> <span class='ocrx_word' id='word_1_339' title='bbox 284 2797 358 2852; x_wconf 81' lang='lat' dir='ltr'><strong>dixit</strong></span> <span class='ocrx_word' id='word_1_340' title='bbox 375 2812 381 2854; x_wconf 95' lang='lat'><strong>:</strong></span> <span class='ocrx_word' id='word_1_341' title='bbox 398 2798 424 2852; x_wconf 89' lang='lat' dir='ltr'><strong>si</strong></span> <span class='ocrx_word' id='word_1_342' title='bbox 440 2798 546 2869; x_wconf 85' lang='lat' dir='ltr'><strong>Patris,</strong></span> <span class='ocrx_word' id='word_1_343' title='bbox 564 2804 702 2872; x_wconf 86' lang='lat' dir='ltr'><strong>superest</strong></span> <span class='ocrx_word' id='word_1_344' title='bbox 721 2804 752 2856; x_wconf 87' lang='lat' dir='ltr'><strong>ut</strong></span> <span class='ocrx_word' id='word_1_345' title='bbox 776 2824 786 2851; x_wconf 82' lang='lat'><strong>.</strong></span> <span class='ocrx_word' id='word_1_346' title='bbox 804 2802 855 2874; x_wconf 89' lang='lat' dir='ltr'><strong>qui</strong></span> <span class='ocrx_word' id='word_1_347' title='bbox 870 2802 945 2857; x_wconf 85' lang='lat' dir='ltr'><strong>dixit</strong></span> <span class='ocrx_word' id='word_1_348' title='bbox 1001 2797 1090 2852; x_wconf 85' lang='lat' dir='ltr'><strong>unius</strong></span> <span class='ocrx_word' id='word_1_349' title='bbox 1105 2800 1218 2852; x_wconf 79' lang='lat' dir='ltr'><strong>natura</strong></span> <span class='ocrx_word' id='word_1_350' title='bbox 1231 2813 1339 2852; x_wconf 87' lang='lat' dir='ltr'><strong>nomen</strong></span> <span class='ocrx_word' id='word_1_351' title='bbox 1354 2797 1473 2868; x_wconf 83' lang='lat' dir='ltr'><strong>putatis,</strong></span> <span class='ocrx_word' id='word_1_352' title='bbox 1484 2797 1619 2852; x_wconf 87' lang='lat' dir='ltr'><strong>auiduos</strong></span> <span class='ocrx_word' id='word_1_353' title='bbox 1631 2796 1738 2853; x_wconf 79' lang='lat' dir='ltr'><strong>deusd</strong></span> 
     </span>
     <span class='ocr_line' id='line_1_29' title="bbox 113 2885 1462 2959; baseline 0.005 -20"><span class='ocrx_word' id='word_1_354' title='bbox 113 2885 149 2940; x_wconf 91' lang='lat' dir='ltr'><strong>de</strong></span> <span class='ocrx_word' id='word_1_355' title='bbox 163 2885 294 2941; x_wconf 89' lang='lat' dir='ltr'><strong>tenebris</strong></span> <span class='ocrx_word' id='word_1_356' title='bbox 311 2887 409 2942; x_wconf 90' lang='lat' dir='ltr'><strong>lumen</strong></span> <span class='ocrx_word' id='word_1_357' title='bbox 425 2888 645 2959; x_wconf 90' lang='lat' dir='ltr'><strong>splendescere,</strong></span> <span class='ocrx_word' id='word_1_358' title='bbox 662 2894 690 2945; x_wconf 90' lang='lat' dir='ltr'><strong>et</strong></span> <span class='ocrx_word' id='word_1_359' title='bbox 705 2890 802 2945; x_wconf 86' lang='lat' dir='ltr'><strong>illuxit</strong></span> <span class='ocrx_word' id='word_1_360' title='bbox 823 2891 854 2946; x_wconf 91' lang='lat' dir='ltr'><strong>in</strong></span> <span class='ocrx_word' id='word_1_361' title='bbox 875 2907 944 2947; x_wconf 91' lang='lat' dir='ltr'><strong>cor·</strong></span> <span class='ocrx_word' id='word_1_362' title='bbox 1001 2888 1050 2941; x_wconf 68' lang='lat' dir='ltr'><strong>aut</strong></span> <span class='ocrx_word' id='word_1_363' title='bbox 1066 2886 1158 2941; x_wconf 81' lang='lat' dir='ltr'><strong>Deum</strong></span> <span class='ocrx_word' id='word_1_364' title='bbox 1173 2885 1279 2941; x_wconf 84' lang='lat' dir='ltr'><strong>Filium</strong></span> <span class='ocrx_word' id='word_1_365' title='bbox 1294 2886 1462 2958; x_wconf 72' lang='lat' dir='ltr'><strong>denegetis·</strong></span> 
     </span>
    </p>
   </div>
   <div class='ocr_carea' id='block_1_10' title="bbox 112 2974 1738 3152">
    <p class='ocr_par' dir='ltr' id='par_1_13' title="bbox 112 2974 1738 3152">
     <span class='ocr_line' id='line_1_30' title="bbox 112 2974 1738 3063; baseline 0.004 -34"><span class='ocrx_word' id='word_1_366' title='bbox 112 2974 200 3029; x_wconf 89' lang='lat' dir='ltr'><strong>dibus</strong></span> <span class='ocrx_word' id='word_1_367' title='bbox 216 2975 337 3045; x_wconf 89' lang='lat' dir='ltr'><strong>nostris,</strong></span> <span class='ocrx_word' id='word_1_368' title='bbox 350 2997 361 3027; x_wconf 82' lang='lat' dir='ltr'><strong>i</strong></span> <span class='ocrx_word' id='word_1_369' title='bbox 372 2976 499 3047; x_wconf 87' lang='lat' dir='ltr'><strong>Spiritus</strong></span> <span class='ocrx_word' id='word_1_370' title='bbox 510 2981 632 3033; x_wconf 89' lang='lat' dir='ltr'><strong>sanctus</strong></span> <span class='ocrx_word' id='word_1_371' title='bbox 643 2979 825 3052; x_wconf 90' lang='lat' dir='ltr'><strong>intelligatur</strong></span> <span class='ocrx_word' id='word_1_372' title='bbox 835 2995 843 3050; x_wconf 75' lang='grc' dir='ltr'><strong>ς</strong></span> <span class='ocrx_word' id='word_1_373' title='bbox 854 2979 943 3036; x_wconf 88' lang='lat' dir='ltr'><strong>alium</strong></span> <span class='ocrx_word' id='word_1_374' title='bbox 1035 2993 1080 3050; x_wconf 69' lang='lat'><strong>93,</strong></span> <span class='ocrx_word' id='word_1_375' title='bbox 1097 2993 1156 3048; x_wconf 63' lang='lat' dir='ltr'><strong>Sed</strong></span> <span class='ocrx_word' id='word_1_376' title='bbox 1171 3008 1351 3049; x_wconf 58' lang='lat' dir='ltr'><strong>excusemus</strong></span> <span class='ocrx_word' id='word_1_377' title='bbox 1374 3008 1430 3047; x_wconf 73' lang='lat' dir='ltr'><strong>vos</strong></span> <span class='ocrx_word' id='word_1_378' title='bbox 1456 2992 1492 3046; x_wconf 62' lang='lat' dir='ltr'><strong>ab</strong></span> <span class='ocrx_word' id='word_1_379' title='bbox 1516 2992 1685 3063; x_wconf 59' lang='lat' dir='ltr'><strong>inscientia,</strong></span> <span class='ocrx_word' id='word_1_380' title='bbox 1706 2993 1738 3050; x_wconf 63' lang='grc' dir='ltr'><strong>οι</strong></span> 
     </span>
     <span class='ocr_line' id='line_1_31' title="bbox 112 3063 1738 3152; baseline 0.003 -35"><span class='ocrx_word' id='word_1_381' title='bbox 112 3063 190 3118; x_wconf 89' lang='lat' dir='ltr'><strong>enim</strong></span> <span class='ocrx_word' id='word_1_382' title='bbox 205 3078 264 3120; x_wconf 90' lang='lat' dir='ltr'><strong>non</strong></span> <span class='ocrx_word' id='word_1_383' title='bbox 278 3080 441 3135; x_wconf 89' lang='lat' dir='ltr'><strong>possumus</strong></span> <span class='ocrx_word' id='word_1_384' title='bbox 465 3082 531 3122; x_wconf 90' lang='lat' dir='ltr'><strong>cnm</strong></span> <span class='ocrx_word' id='word_1_385' title='bbox 547 3067 632 3122; x_wconf 91' lang='lat' dir='ltr'><strong>Patre</strong></span> <span class='ocrx_word' id='word_1_386' title='bbox 647 3067 780 3140; x_wconf 78' lang='lat' dir='ltr'><strong>Filioque</strong></span> <span class='ocrx_word' id='word_1_387' title='bbox 796 3069 942 3125; x_wconf 87' lang='lat' dir='ltr'><strong>venerari.</strong></span> <span class='ocrx_word' id='word_1_388' title='bbox 1001 3098 1182 3138; x_wconf 59' lang='lat' dir='ltr'><strong>excusamus</strong></span> <span class='ocrx_word' id='word_1_389' title='bbox 1205 3098 1222 3136; x_wconf 64' lang='lat' dir='ltr'><strong>a</strong></span> <span class='ocrx_word' id='word_1_390' title='bbox 1248 3082 1344 3152; x_wconf 64' lang='lat' dir='ltr'><strong>culpa,</strong></span> <span class='ocrx_word' id='word_1_391' title='bbox 1370 3081 1484 3136; x_wconf 61' lang='lat' dir='ltr'><strong>Etenim</strong></span> <span class='ocrx_word' id='word_1_392' title='bbox 1511 3081 1677 3137; x_wconf 63' lang='lat' dir='ltr'><strong>secundum</strong></span> <span class='ocrx_word' id='word_1_393' title='bbox 1705 3096 1738 3138; x_wconf 61' lang='lat' dir='ltr'><strong>m</strong></span> 
     </span>
    </p>
   </div>
   <div class='ocr_carea' id='block_1_11' title="bbox 109 3151 1738 3958">
    <p class='ocr_par' dir='ltr' id='par_1_14' title="bbox 111 3151 1738 3423">
     <span class='ocr_line' id='line_1_32' title="bbox 111 3151 1732 3244; baseline 0.001 -18"><span class='ocrx_word' id='word_1_394' title='bbox 111 3151 142 3208; x_wconf 67' lang='lat' dir='ltr'><strong>St</strong></span> <span class='ocrx_word' id='word_1_395' title='bbox 156 3151 260 3226; x_wconf 51' lang='lat' dir='ltr'><strong>igitur</strong></span> <span class='ocrx_word' id='word_1_396' title='bbox 284 3153 425 3224; x_wconf 62' lang='grc' dir='ltr'><strong>8Ρἰΐῆυιῃ</strong></span> <span class='ocrx_word' id='word_1_397' title='bbox 449 3154 602 3229; x_wconf 91' lang='lat' dir='ltr'><strong>intelligis,</strong></span> <span class='ocrx_word' id='word_1_398' title='bbox 627 3159 656 3212; x_wconf 59' lang='grc' dir='ltr'><strong>θ)</strong></span> <span class='ocrx_word' id='word_1_399' title='bbox 680 3156 759 3212; x_wconf 65' lang='lat' dir='ltr'><strong>hune</strong></span> <span class='ocrx_word' id='word_1_400' title='bbox 781 3157 943 3229; x_wconf 70' lang='lat' dir='ltr'><strong>AP0⁸t⁰¹¹¹⁸</strong></span> <span class='ocrx_word' id='word_1_401' title='bbox 1001 3173 1176 3227; x_wconf 89' lang='lat' dir='ltr'><strong>sententiam</strong></span> <span class='ocrx_word' id='word_1_402' title='bbox 1191 3172 1259 3244; x_wconf 88' lang='lat' dir='ltr'><strong>quia</strong></span> <span class='ocrx_word' id='word_1_403' title='bbox 1275 3187 1352 3226; x_wconf 92' lang='lat' dir='ltr'><strong>unus</strong></span> <span class='ocrx_word' id='word_1_404' title='bbox 1364 3172 1455 3240; x_wconf 88' lang='lat' dir='ltr'><strong>Deus,</strong></span> <span class='ocrx_word' id='word_1_405' title='bbox 1465 3186 1523 3225; x_wconf 88' lang='lat' dir='ltr'><strong>una</strong></span> <span class='ocrx_word' id='word_1_406' title='bbox 1533 3171 1689 3242; x_wconf 87' lang='lat' dir='ltr'><strong>Divinitas,</strong></span> <span class='ocrx_word' id='word_1_407' title='bbox 1701 3172 1732 3227; x_wconf 87' lang='lat' dir='ltr'><strong>et</strong></span> 
     </span>
     <span class='ocr_line' id='line_1_33' title="bbox 112 3240 1738 3332; baseline 0.005 -37"><span class='ocrx_word' id='word_1_408' title='bbox 112 3240 205 3296; x_wconf 90' lang='lat' dir='ltr'><strong>Deum</strong></span> <span class='ocrx_word' id='word_1_409' title='bbox 227 3241 300 3297; x_wconf 88' lang='lat' dir='ltr'><strong>dixit</strong></span> <span class='ocrx_word' id='word_1_410' title='bbox 313 3258 321 3313; x_wconf 71' lang='grc' dir='ltr'><strong>ς</strong></span> <span class='ocrx_word' id='word_1_411' title='bbox 335 3258 472 3300; x_wconf 87' lang='lat' dir='ltr'><strong>necesse</strong></span> <span class='ocrx_word' id='word_1_412' title='bbox 491 3248 538 3299; x_wconf 90' lang='lat' dir='ltr'><strong>est</strong></span> <span class='ocrx_word' id='word_1_413' title='bbox 559 3244 650 3317; x_wconf 91' lang='lat' dir='ltr'><strong>igitur</strong></span> <span class='ocrx_word' id='word_1_414' title='bbox 663 3246 801 3302; x_wconf 90' lang='lat' dir='ltr'><strong>deitatem</strong></span> <span class='ocrx_word' id='word_1_415' title='bbox 815 3246 943 3319; x_wconf 89' lang='lat' dir='ltr'><strong>Spiritus</strong></span> <span class='ocrx_word' id='word_1_416' title='bbox 963 3245 1174 3332; x_wconf 62' lang='lat' dir='ltr'><strong>ciniflliigiiur</strong></span> <span class='ocrx_word' id='word_1_417' title='bbox 1186 3261 1352 3331; x_wconf 65' lang='lat' dir='ltr'><strong>potestatis,</strong></span> <span class='ocrx_word' id='word_1_418' title='bbox 1369 3259 1452 3314; x_wconf 73' lang='lat' dir='ltr'><strong>sicut</strong></span> <span class='ocrx_word' id='word_1_419' title='bbox 1468 3275 1557 3313; x_wconf 73' lang='lat' dir='ltr'><strong>unum</strong></span> <span class='ocrx_word' id='word_1_420' title='bbox 1576 3259 1672 3314; x_wconf 64' lang='lat' dir='ltr'><strong>neum</strong></span> <span class='ocrx_word' id='word_1_421' title='bbox 1697 3258 1738 3316; x_wconf 63' lang='lat' dir='ltr'><strong>dii</strong></span> 
     </span>
     <span class='ocr_line' id='line_1_34' title="bbox 111 3330 1738 3423; baseline 0.001 -19"><span class='ocrx_word' id='word_1_422' title='bbox 111 3330 198 3384; x_wconf 58' lang='lat' dir='ltr'><strong>ettam</strong></span> <span class='ocrx_word' id='word_1_423' title='bbox 212 3346 267 3386; x_wconf 61' lang='lat'><strong>‘¹⁰⁸</strong></span> <span class='ocrx_word' id='word_1_424' title='bbox 283 3331 442 3423; x_wconf 51' lang='lat' dir='ltr'><strong>fateamini</strong></span> <span class='ocrx_word' id='word_1_425' title='bbox 459 3333 510 3405; x_wconf 76' lang='lat' dir='ltr'><strong>(1¹¹i</strong></span> <span class='ocrx_word' id='word_1_426' title='bbox 525 3334 653 3406; x_wconf 55' lang='lat' dir='ltr'><strong>”⁰8⁸5ss-</strong></span> <span class='ocrx_word' id='word_1_427' title='bbox 1000 3353 1028 3405; x_wconf 89' lang='lat' dir='ltr'><strong>et</strong></span> <span class='ocrx_word' id='word_1_428' title='bbox 1051 3351 1169 3405; x_wconf 89' lang='lat' dir='ltr'><strong>Patrem</strong></span> <span class='ocrx_word' id='word_1_429' title='bbox 1191 3363 1263 3404; x_wconf 82' lang='lat' dir='ltr'><strong>vero</strong></span> <span class='ocrx_word' id='word_1_430' title='bbox 1285 3348 1403 3403; x_wconf 86' lang='lat' dir='ltr'><strong>deitatis</strong></span> <span class='ocrx_word' id='word_1_431' title='bbox 1429 3349 1547 3403; x_wconf 88' lang='lat' dir='ltr'><strong>nomine</strong></span> <span class='ocrx_word' id='word_1_432' title='bbox 1575 3349 1738 3406; x_wconf 74' lang='lat' dir='ltr'><strong>confitenter</strong></span> 
     </span>
    </p>

    <p class='ocr_par' dir='ltr' id='par_1_15' title="bbox 109 3436 1738 3958">
     <span class='ocr_line' id='line_1_35' title="bbox 145 3436 1738 3516; baseline 0.002 -25"><span class='ocrx_word' id='word_1_433' title='bbox 145 3436 190 3492; x_wconf 89' lang='grc'><strong>90.</strong></span> <span class='ocrx_word' id='word_1_434' title='bbox 206 3436 264 3492; x_wconf 89' lang='lat' dir='ltr'><strong>Sed</strong></span> <span class='ocrx_word' id='word_1_435' title='bbox 279 3454 366 3511; x_wconf 89' lang='lat' dir='ltr'><strong>quam</strong></span> <span class='ocrx_word' id='word_1_436' title='bbox 381 3440 567 3510; x_wconf 89' lang='lat' dir='ltr'><strong>impudenter</strong></span> <span class='ocrx_word' id='word_1_437' title='bbox 582 3442 709 3514; x_wconf 91' lang='lat' dir='ltr'><strong>negatis,</strong></span> <span class='ocrx_word' id='word_1_438' title='bbox 727 3457 794 3497; x_wconf 90' lang='lat' dir='ltr'><strong>cum</strong></span> <span class='ocrx_word' id='word_1_439' title='bbox 808 3440 943 3516; x_wconf 86' lang='lat' dir='ltr'><strong>legeritis</strong></span> <span class='ocrx_word' id='word_1_440' title='bbox 1000 3437 1106 3495; x_wconf 81' lang='lat' dir='ltr'><strong>Filium</strong></span> <span class='ocrx_word' id='word_1_441' title='bbox 1121 3438 1323 3511; x_wconf 78' lang='lat' dir='ltr'><strong>denegantes3</strong></span> <span class='ocrx_word' id='word_1_442' title='bbox 1345 3437 1384 3492; x_wconf 88' lang='lat' dir='ltr'><strong>ita</strong></span> <span class='ocrx_word' id='word_1_443' title='bbox 1402 3437 1489 3493; x_wconf 89' lang='lat' dir='ltr'><strong>etiam</strong></span> <span class='ocrx_word' id='word_1_444' title='bbox 1510 3437 1653 3509; x_wconf 79' lang='lat' dir='ltr'><strong>Spiritum</strong></span> <span class='ocrx_word' id='word_1_445' title='bbox 1669 3452 1738 3494; x_wconf 80' lang='lat' dir='ltr'><strong>sanc</strong></span> 
     </span>
     <span class='ocr_line' id='line_1_36' title="bbox 110 3525 1738 3602; baseline 0.002 -21"><span class='ocrx_word' id='word_1_446' title='bbox 110 3525 179 3598; x_wconf 90' lang='lat' dir='ltr'><strong>quia</strong></span> <span class='ocrx_word' id='word_1_447' title='bbox 194 3526 334 3598; x_wconf 88' lang='lat' dir='ltr'><strong>templum</strong></span> <span class='ocrx_word' id='word_1_448' title='bbox 344 3528 431 3584; x_wconf 89' lang='lat' dir='ltr'><strong>habel</strong></span> <span class='ocrx_word' id='word_1_449' title='bbox 442 3528 570 3599; x_wconf 90' lang='lat' dir='ltr'><strong>Spiritus</strong></span> <span class='ocrx_word' id='word_1_450' title='bbox 579 3529 720 3587; x_wconf 78' lang='lat' dir='ltr'><strong>sanctus!</strong></span> <span class='ocrx_word' id='word_1_451' title='bbox 737 3530 886 3602; x_wconf 89' lang='lat' dir='ltr'><strong>Scriptum</strong></span> <span class='ocrx_word' id='word_1_452' title='bbox 897 3535 944 3588; x_wconf 90' lang='lat' dir='ltr'><strong>est</strong></span> <span class='ocrx_word' id='word_1_453' title='bbox 999 3527 1117 3583; x_wconf 90' lang='lat' dir='ltr'><strong>deitatis</strong></span> <span class='ocrx_word' id='word_1_454' title='bbox 1139 3542 1199 3583; x_wconf 90' lang='lat' dir='ltr'><strong>non</strong></span> <span class='ocrx_word' id='word_1_455' title='bbox 1219 3526 1406 3582; x_wconf 85' lang='lat' dir='ltr'><strong>excludimus</strong></span> <span class='ocrx_word' id='word_1_456' title='bbox 1429 3527 1550 3597; x_wconf 89' lang='lat' dir='ltr'><strong>unitate,</strong></span> <span class='ocrx_word' id='word_1_457' title='bbox 1567 3529 1595 3582; x_wconf 91' lang='lat' dir='ltr'><strong>et</strong></span> <span class='ocrx_word' id='word_1_458' title='bbox 1610 3529 1674 3582; x_wconf 87' lang='lat' dir='ltr'><strong>tres</strong></span> <span class='ocrx_word' id='word_1_459' title='bbox 1688 3526 1738 3584; x_wconf 84' lang='lat' dir='ltr'><strong>dea</strong></span> 
     </span>
     <span class='ocr_line' id='line_1_37' title="bbox 110 3615 1738 3691; baseline 0.002 -22"><span class='ocrx_word' id='word_1_460' title='bbox 110 3616 188 3669; x_wconf 91' lang='lat' dir='ltr'><strong>enim</strong></span> <span class='ocrx_word' id='word_1_461' title='bbox 205 3631 211 3671; x_wconf 94' lang='lat'><strong>:</strong></span> <span class='ocrx_word' id='word_1_462' title='bbox 231 3639 242 3666; x_wconf 80' lang='grc' dir='ltr'>ι</span> <span class='ocrx_word' id='word_1_463' title='bbox 261 3617 414 3688; x_wconf 85' lang='lat' dir='ltr'><strong>Templum</strong></span> <span class='ocrx_word' id='word_1_464' title='bbox 431 3619 483 3674; x_wconf 91' lang='lat' dir='ltr'><strong>Dei</strong></span> <span class='ocrx_word' id='word_1_465' title='bbox 498 3634 554 3674; x_wconf 83' lang='lat' dir='ltr'><strong>uos</strong></span> <span class='ocrx_word' id='word_1_466' title='bbox 569 3621 653 3690; x_wconf 87' lang='lat' dir='ltr'><strong>estis,</strong></span> <span class='ocrx_word' id='word_1_467' title='bbox 680 3623 708 3676; x_wconf 90' lang='lat' dir='ltr'><strong>at</strong></span> <span class='ocrx_word' id='word_1_468' title='bbox 732 3619 861 3691; x_wconf 88' lang='lat' dir='ltr'><strong>Spiritus</strong></span> <span class='ocrx_word' id='word_1_469' title='bbox 876 3637 943 3676; x_wconf 90' lang='lat' dir='ltr'><strong>san·</strong></span> <span class='ocrx_word' id='word_1_470' title='bbox 999 3617 1175 3686; x_wconf 88' lang='lat' dir='ltr'><strong>asserimus,</strong></span> <span class='ocrx_word' id='word_1_471' title='bbox 1199 3616 1252 3671; x_wconf 93' lang='lat' dir='ltr'><strong>sed</strong></span> <span class='ocrx_word' id='word_1_472' title='bbox 1275 3631 1441 3689; x_wconf 81' lang='lat' dir='ltr'><strong>negamus3</strong></span> <span class='ocrx_word' id='word_1_473' title='bbox 1466 3619 1535 3687; x_wconf 86' lang='lat' dir='ltr'><strong>quia</strong></span> <span class='ocrx_word' id='word_1_474' title='bbox 1556 3615 1738 3685; x_wconf 77' lang='lat' dir='ltr'><strong>pluralitates</strong></span> 
     </span>
     <span class='ocr_line' id='line_1_38' title="bbox 110 3703 1738 3784; baseline 0.002 -26"><span class='ocrx_word' id='word_1_475' title='bbox 110 3707 175 3759; x_wconf 81' lang='lat' dir='ltr'><strong>otus</strong></span> <span class='ocrx_word' id='word_1_476' title='bbox 193 3704 304 3760; x_wconf 86' lang='lat' dir='ltr'><strong>habitat</strong></span> <span class='ocrx_word' id='word_1_477' title='bbox 325 3708 356 3761; x_wconf 90' lang='lat' dir='ltr'><strong>in</strong></span> <span class='ocrx_word' id='word_1_478' title='bbox 380 3707 466 3763; x_wconf 81' lang='lat' dir='ltr'><strong>vobis</strong></span> <span class='ocrx_word' id='word_1_479' title='bbox 486 3707 513 3779; x_wconf 81' lang='lat'><strong>(1</strong></span> <span class='ocrx_word' id='word_1_480' title='bbox 529 3708 596 3764; x_wconf 82' lang='lat' dir='ltr'><strong>Cor,</strong></span> <span class='ocrx_word' id='word_1_481' title='bbox 613 3726 654 3779; x_wconf 84' lang='lat'><strong>11¹,</strong></span> <span class='ocrx_word' id='word_1_482' title='bbox 671 3709 726 3781; x_wconf 83' lang='grc'>16),</span> <span class='ocrx_word' id='word_1_483' title='bbox 744 3731 756 3758; x_wconf 76' lang='lat' dir='ltr'><strong>i</strong></span> <span class='ocrx_word' id='word_1_484' title='bbox 774 3709 853 3766; x_wconf 81' lang='lat' dir='ltr'><strong>Deus</strong></span> <span class='ocrx_word' id='word_1_485' title='bbox 868 3725 942 3784; x_wconf 89' lang='lat' dir='ltr'><strong>ergo</strong></span> <span class='ocrx_word' id='word_1_486' title='bbox 998 3707 1097 3761; x_wconf 88' lang='lat' dir='ltr'><strong>unitas</strong></span> <span class='ocrx_word' id='word_1_487' title='bbox 1112 3706 1191 3777; x_wconf 83' lang='lat' dir='ltr'><strong>iacit,</strong></span> <span class='ocrx_word' id='word_1_488' title='bbox 1209 3705 1262 3762; x_wconf 81' lang='lat' dir='ltr'><strong>sod</strong></span> <span class='ocrx_word' id='word_1_489' title='bbox 1277 3704 1385 3760; x_wconf 87' lang='lat' dir='ltr'><strong>divisio</strong></span> <span class='ocrx_word' id='word_1_490' title='bbox 1401 3705 1568 3774; x_wconf 78' lang='lat' dir='ltr'><strong>potestatis.</strong></span> <span class='ocrx_word' id='word_1_491' title='bbox 1584 3703 1738 3770; x_wconf 77' lang='lat' dir='ltr'><strong>Quomodo</strong></span> 
     </span>
     <span class='ocr_line' id='line_1_39' title="bbox 110 3788 1738 3868; baseline 0.004 -23"><span class='ocrx_word' id='word_1_492' title='bbox 110 3792 250 3862; x_wconf 87' lang='lat' dir='ltr'><strong>templum</strong></span> <span class='ocrx_word' id='word_1_493' title='bbox 275 3792 372 3865; x_wconf 90' lang='lat' dir='ltr'><strong>habet,</strong></span> <span class='ocrx_word' id='word_1_494' title='bbox 397 3798 531 3852; x_wconf 91' lang='lat' dir='ltr'><strong>creatura</strong></span> <span class='ocrx_word' id='word_1_495' title='bbox 555 3799 695 3868; x_wconf 90' lang='lat' dir='ltr'><strong>templum</strong></span> <span class='ocrx_word' id='word_1_496' title='bbox 710 3788 872 3854; x_wconf 82' lang='lat' dir='ltr'><strong>nonhabet</strong></span> <span class='ocrx_word' id='word_1_497' title='bbox 887 3814 942 3854; x_wconf 86' lang='lat' dir='ltr'><strong>ve·</strong></span> <span class='ocrx_word' id='word_1_498' title='bbox 999 3795 1193 3867; x_wconf 87' lang='lat' dir='ltr'><strong>pluralitatem</strong></span> <span class='ocrx_word' id='word_1_499' title='bbox 1208 3794 1313 3865; x_wconf 87' lang='lat' dir='ltr'><strong>recipit</strong></span> <span class='ocrx_word' id='word_1_500' title='bbox 1328 3794 1426 3849; x_wconf 88' lang='lat' dir='ltr'><strong>unitas</strong></span> <span class='ocrx_word' id='word_1_501' title='bbox 1443 3793 1624 3864; x_wconf 74' lang='lat' dir='ltr'><strong>divinitatis,</strong></span> <span class='ocrx_word' id='word_1_502' title='bbox 1648 3810 1738 3866; x_wconf 78' lang='lat' dir='ltr'><strong>cuni]</strong></span> 
     </span>
     <span class='ocr_line' id='line_1_40' title="bbox 109 3881 1738 3958; baseline 0.004 -24"><span class='ocrx_word' id='word_1_503' title='bbox 109 3896 185 3935; x_wconf 90' lang='lat' dir='ltr'><strong>rum.</strong></span> <span class='ocrx_word' id='word_1_504' title='bbox 203 3881 330 3951; x_wconf 90' lang='lat' dir='ltr'><strong>Spiritus</strong></span> <span class='ocrx_word' id='word_1_505' title='bbox 341 3886 438 3938; x_wconf 89' lang='lat' dir='ltr'><strong>autem</strong></span> <span class='ocrx_word' id='word_1_506' title='bbox 448 3886 598 3956; x_wconf 90' lang='lat' dir='ltr'><strong>templum,</strong></span> <span class='ocrx_word' id='word_1_507' title='bbox 611 3886 660 3957; x_wconf 92' lang='lat' dir='ltr'><strong>qui</strong></span> <span class='ocrx_word' id='word_1_508' title='bbox 671 3885 782 3942; x_wconf 88' lang='lat' dir='ltr'><strong>habitat</strong></span> <span class='ocrx_word' id='word_1_509' title='bbox 796 3887 827 3942; x_wconf 92' lang='lat' dir='ltr'><strong>iu</strong></span> <span class='ocrx_word' id='word_1_510' title='bbox 842 3887 940 3943; x_wconf 90' lang='lat' dir='ltr'><strong>nobis.</strong></span> <span class='ocrx_word' id='word_1_511' title='bbox 998 3883 1065 3940; x_wconf 88' lang='lat' dir='ltr'><strong>litas</strong></span> <span class='ocrx_word' id='word_1_512' title='bbox 1080 3884 1196 3941; x_wconf 88' lang='lat' dir='ltr'><strong>numeri</strong></span> <span class='ocrx_word' id='word_1_513' title='bbox 1214 3884 1263 3955; x_wconf 91' lang='lat' dir='ltr'><strong>sit,</strong></span> <span class='ocrx_word' id='word_1_514' title='bbox 1280 3885 1547 3938; x_wconf 88' lang='lat' dir='ltr'><strong>numerumautem</strong></span> <span class='ocrx_word' id='word_1_515' title='bbox 1572 3898 1633 3938; x_wconf 89' lang='lat' dir='ltr'><strong>non</strong></span> <span class='ocrx_word' id='word_1_516' title='bbox 1658 3882 1738 3958; x_wconf 86' lang='lat' dir='ltr'><strong>reoip</strong></span> 
     </span>
    </p>
   </div>
   <div class='ocr_carea' id='block_1_12' title="bbox 109 3967 1214 4048">
    <p class='ocr_par' dir='ltr' id='par_1_16' title="bbox 109 3967 1214 4048">
     <span class='ocr_line' id='line_1_41' title="bbox 109 3967 1214 4048; baseline 0.004 -24"><span class='ocrx_word' id='word_1_517' title='bbox 109 3967 185 4024; x_wconf 90' lang='lat' dir='ltr'><strong>Nam</strong></span> <span class='ocrx_word' id='word_1_518' title='bbox 200 3970 344 4041; x_wconf 89' lang='lat' dir='ltr'><strong>scriptum</strong></span> <span class='ocrx_word' id='word_1_519' title='bbox 358 3974 420 4026; x_wconf 87' lang='lat' dir='ltr'><strong>est:</strong></span> <span class='ocrx_word' id='word_1_520' title='bbox 439 3973 535 4038; x_wconf 82' lang='lat' dir='ltr'><strong>«Quia</strong></span> <span class='ocrx_word' id='word_1_521' title='bbox 546 3974 785 4029; x_wconf 87' lang='lat' dir='ltr'><strong>membravestra</strong></span> <span class='ocrx_word' id='word_1_522' title='bbox 801 3977 941 4048; x_wconf 86' lang='lat' dir='ltr'><strong>temptum</strong></span> <span class='ocrx_word' id='word_1_523' title='bbox 998 3973 1067 4028; x_wconf 86' lang='lat' dir='ltr'><strong>vina</strong></span> <span class='ocrx_word' id='word_1_524' title='bbox 1081 3977 1185 4029; x_wconf 89' lang='lat' dir='ltr'><strong>natura</strong></span> <span class='ocrx_word' id='word_1_525' title='bbox 1199 3975 1214 4029; x_wconf 71' lang='lat' dir='ltr'><strong>t&gt;</strong></span> 
     </span>
    </p>
   </div>
   <div class='ocr_carea' id='block_1_13' title="bbox 110 4041 1518 4132">
    <p class='ocr_par' dir='ltr' id='par_1_17' title="bbox 110 4041 1518 4132">
     <span class='ocr_line' id='line_1_42' title="bbox 110 4041 1518 4132; baseline -0.005 -18"><span class='ocrx_word' id='word_1_526' title='bbox 110 4060 180 4114; x_wconf 82' lang='lat' dir='ltr'><strong>sunt</strong></span> <span class='ocrx_word' id='word_1_527' title='bbox 194 4058 321 4130; x_wconf 87' lang='lat' dir='ltr'><strong>Spiritus</strong></span> <span class='ocrx_word' id='word_1_528' title='bbox 338 4061 432 4115; x_wconf 89' lang='lat' dir='ltr'><strong>sancti</strong></span> <span class='ocrx_word' id='word_1_529' title='bbox 448 4061 474 4126; x_wconf 88' lang='grc' dir='ltr'><strong>(Ι</strong></span> <span class='ocrx_word' id='word_1_530' title='bbox 487 4061 555 4117; x_wconf 85' lang='lat' dir='ltr'><strong>Cor.</strong></span> <span class='ocrx_word' id='word_1_531' title='bbox 571 4079 611 4129; x_wconf 85' lang='lat' dir='ltr'><strong>vi,</strong></span> <span class='ocrx_word' id='word_1_532' title='bbox 629 4062 715 4132; x_wconf 81' lang='lat' dir='ltr'><strong>t9).›·</strong></span> <span class='ocrx_word' id='word_1_533' title='bbox 1292 4041 1419 4099; x_wconf 61' lang='lat' dir='ltr'><strong>CAPUT</strong></span> <span class='ocrx_word' id='word_1_534' title='bbox 1441 4041 1518 4098; x_wconf 74' lang='lat' dir='ltr'><strong>XiV·</strong></span> 
     </span>
    </p>
   </div>
   <div class='ocr_carea' id='block_1_14' title="bbox 143 4130 1738 4278">
    <p class='ocr_par' dir='ltr' id='par_1_18' title="bbox 143 4130 1738 4278">
     <span class='ocr_line' id='line_1_43' title="bbox 143 4130 1738 4240; baseline -0.021 -20"><span class='ocrx_word' id='word_1_535' title='bbox 143 4183 362 4239; x_wconf 59' lang='lat' dir='ltr'><strong>91·1n20m1</strong></span> <span class='ocrx_word' id='word_1_536' title='bbox 444 4187 454 4240; x_wconf 56' lang='lat' dir='ltr'><strong>p</strong></span> <span class='ocrx_word' id='word_1_537' title='bbox 679 4187 684 4198; x_wconf 94' lang='lat'><strong>.</strong></span> <span class='ocrx_word' id='word_1_538' title='bbox 998 4130 1738 4217; x_wconf 76' lang='lat' dir='ltr'><strong>Praetersuperioratestimonia,alioslocosodpi</strong></span> 
     </span>
     <span class='ocr_line' id='line_1_44' title="bbox 206 4188 1738 4278; baseline -0.021 13"><span class='ocrx_word' id='word_1_539' title='bbox 206 4225 213 4240; x_wconf 73' lang='lat'><strong>⁹</strong></span> <span class='ocrx_word' id='word_1_540' title='bbox 335 4201 382 4256; x_wconf 64' lang='grc' dir='ltr'><strong>ΡΟ</strong></span> <span class='ocrx_word' id='word_1_541' title='bbox 405 4201 502 4241; x_wconf 63' lang='lat' dir='ltr'><strong>auem</strong></span> <span class='ocrx_word' id='word_1_542' title='bbox 522 4202 581 4241; x_wconf 71' lang='lat'><strong>¹¹⁰⁰</strong></span> <span class='ocrx_word' id='word_1_543' title='bbox 600 4202 686 4258; x_wconf 54' lang='lat' dir='ltr'>quam</span> <span class='ocrx_word' id='word_1_544' title='bbox 711 4188 864 4260; x_wconf 60' lang='lat' dir='ltr'><strong>⁸⁸⁰⁰td⁰⁸i</strong></span> <span class='ocrx_word' id='word_1_545' title='bbox 887 4204 942 4245; x_wconf 74' lang='lat'><strong>¹¹0⁰</strong></span> <span class='ocrx_word' id='word_1_546' title='bbox 1034 4204 1101 4260; x_wconf 89' lang='lat' dir='ltr'><strong>dum</strong></span> <span class='ocrx_word' id='word_1_547' title='bbox 1119 4212 1208 4260; x_wconf 86' lang='lat' dir='ltr'><strong>trium</strong></span> <span class='ocrx_word' id='word_1_548' title='bbox 1220 4218 1417 4277; x_wconf 85' lang='lat' dir='ltr'><strong>personarum</strong></span> <span class='ocrx_word' id='word_1_549' title='bbox 1432 4219 1589 4274; x_wconf 85' lang='lat' dir='ltr'><strong>imperium</strong></span> <span class='ocrx_word' id='word_1_550' title='bbox 1613 4203 1723 4260; x_wconf 71' lang='lat' dir='ltr'><strong>all‘errr</strong></span> <span class='ocrx_word' id='word_1_551' title='bbox 1732 4244 1738 4278; x_wconf 84' lang='lat'><strong>,</strong></span> 
     </span>
    </p>
   </div>
   <div class='ocr_carea' id='block_1_15' title="bbox 108 4273 1728 4349">
    <p class='ocr_par' dir='ltr' id='par_1_19' title="bbox 108 4273 1728 4349">
     <span class='ocr_line' id='line_1_45' title="bbox 108 4273 1728 4349; baseline 0 -20"><span class='ocrx_word' id='word_1_552' title='bbox 108 4274 194 4346; x_wconf 87' lang='lat' dir='ltr'><strong>quasi</strong></span> <span class='ocrx_word' id='word_1_553' title='bbox 208 4274 353 4345; x_wconf 88' lang='lat' dir='ltr'><strong>minister,</strong></span> <span class='ocrx_word' id='word_1_554' title='bbox 365 4275 419 4330; x_wconf 92' lang='lat' dir='ltr'><strong>sed</strong></span> <span class='ocrx_word' id='word_1_555' title='bbox 435 4277 521 4347; x_wconf 88' lang='lat' dir='ltr'><strong>quasi</strong></span> <span class='ocrx_word' id='word_1_556' title='bbox 533 4275 612 4332; x_wconf 91' lang='lat' dir='ltr'><strong>Deus</strong></span> <span class='ocrx_word' id='word_1_557' title='bbox 623 4275 785 4346; x_wconf 87' lang='lat' dir='ltr'><strong>inhabitat;</strong></span> <span class='ocrx_word' id='word_1_558' title='bbox 802 4279 941 4349; x_wconf 87' lang='lat' dir='ltr'><strong>quoniam</strong></span> <span class='ocrx_word' id='word_1_559' title='bbox 1032 4275 1213 4331; x_wconf 84' lang='lat' dir='ltr'><strong>All&#39;eruntur</strong></span> <span class='ocrx_word' id='word_1_560' title='bbox 1226 4277 1282 4330; x_wconf 88' lang='lat' dir='ltr'><strong>duo</strong></span> <span class='ocrx_word' id='word_1_561' title='bbox 1293 4290 1332 4328; x_wconf 82' lang='lat' dir='ltr'><strong>ex</strong></span> <span class='ocrx_word' id='word_1_562' title='bbox 1346 4273 1483 4346; x_wconf 84' lang='lat' dir='ltr'><strong>epistolis</strong></span> <span class='ocrx_word' id='word_1_563' title='bbox 1497 4274 1536 4329; x_wconf 88' lang='lat' dir='ltr'><strong>ad</strong></span> <span class='ocrx_word' id='word_1_564' title='bbox 1555 4274 1728 4332; x_wconf 78' lang='lat' dir='ltr'><strong>Thessalos.</strong></span> 
     </span>
    </p>
   </div>
   <div class='ocr_carea' id='block_1_16' title="bbox 107 4345 1738 4436">
    <p class='ocr_par' dir='ltr' id='par_1_20' title="bbox 107 4345 1738 4436">
     <span class='ocr_line' id='line_1_46' title="bbox 107 4345 1738 4436; baseline -0.001 -16"><span class='ocrx_word' id='word_1_565' title='bbox 107 4363 173 4435; x_wconf 82' lang='lat' dir='ltr'><strong>ipse</strong></span> <span class='ocrx_word' id='word_1_566' title='bbox 190 4363 333 4419; x_wconf 76' lang='lat' dir='ltr'><strong>nominis</strong></span> <span class='ocrx_word' id='word_1_567' title='bbox 349 4364 422 4418; x_wconf 74' lang='lat' dir='ltr'><strong>uiae</strong></span> <span class='ocrx_word' id='word_1_568' title='bbox 437 4365 546 4420; x_wconf 76' lang='lat' dir='ltr'><strong>iesus:</strong></span> <span class='ocrx_word' id='word_1_569' title='bbox 567 4365 767 4421; x_wconf 61' lang='lat' dir='ltr'><strong>‹inhaereat›</strong></span> <span class='ocrx_word' id='word_1_570' title='bbox 782 4366 812 4421; x_wconf 81' lang='lat' dir='ltr'><strong>in</strong></span> <span class='ocrx_word' id='word_1_571' title='bbox 826 4366 896 4436; x_wconf 77' lang='lat' dir='ltr'><strong>iuis,</strong></span> <span class='ocrx_word' id='word_1_572' title='bbox 914 4369 943 4422; x_wconf 83' lang='lat' dir='ltr'><strong>et</strong></span> <span class='ocrx_word' id='word_1_573' title='bbox 1034 4347 1100 4403; x_wconf 66' lang='lat' dir='ltr'><strong>dem</strong></span> <span class='ocrx_word' id='word_1_574' title='bbox 1115 4347 1245 4428; x_wconf 53' lang='lat' dir='ltr'><strong>apiaria·</strong></span> <span class='ocrx_word' id='word_1_575' title='bbox 1262 4345 1440 4401; x_wconf 61' lang='lat' dir='ltr'><strong>dorserta·</strong></span> <span class='ocrx_word' id='word_1_576' title='bbox 1462 4345 1539 4400; x_wconf 64' lang='lat'><strong><em>⁸10⁰!</em></strong></span> <span class='ocrx_word' id='word_1_577' title='bbox 1557 4352 1587 4400; x_wconf 65' lang='grc' dir='ltr'><strong>θ’</strong></span> <span class='ocrx_word' id='word_1_578' title='bbox 1607 4345 1679 4403; x_wconf 81' lang='lat' dir='ltr'><strong>aliis</strong></span> <span class='ocrx_word' id='word_1_579' title='bbox 1695 4362 1738 4419; x_wconf 76' lang='lat' dir='ltr'><strong>ra</strong></span> 
     </span>
    </p>
   </div>
   <div class='ocr_carea' id='block_1_17' title="bbox 107 4416 1738 4546">
    <p class='ocr_par' dir='ltr' id='par_1_21' title="bbox 107 4416 1738 4546">
     <span class='ocr_line' id='line_1_47' title="bbox 107 4416 1738 4546; baseline 0 -28"><span class='ocrx_word' id='word_1_580' title='bbox 107 4462 184 4518; x_wconf 88' lang='lat' dir='ltr'><strong>inter</strong></span> <span class='ocrx_word' id='word_1_581' title='bbox 198 4478 251 4518; x_wconf 89' lang='lat' dir='ltr'><strong>eos</strong></span> <span class='ocrx_word' id='word_1_582' title='bbox 266 4463 424 4518; x_wconf 89' lang='lat' dir='ltr'><strong>ambulabo</strong></span> <span class='ocrx_word' id='word_1_583' title='bbox 437 4480 444 4534; x_wconf 78' lang='lat'>3</span> <span class='ocrx_word' id='word_1_584' title='bbox 461 4467 489 4518; x_wconf 90' lang='lat' dir='ltr'><strong>et</strong></span> <span class='ocrx_word' id='word_1_585' title='bbox 505 4479 556 4520; x_wconf 90' lang='lat' dir='ltr'><strong>ero</strong></span> <span class='ocrx_word' id='word_1_586' title='bbox 571 4463 688 4520; x_wconf 90' lang='lat' dir='ltr'><strong>illorum</strong></span> <span class='ocrx_word' id='word_1_587' title='bbox 703 4464 793 4536; x_wconf 92' lang='lat' dir='ltr'><strong>Deus,</strong></span> <span class='ocrx_word' id='word_1_588' title='bbox 818 4456 892 4522; x_wconf 84' lang='grc'><strong>684</strong></span> <span class='ocrx_word' id='word_1_589' title='bbox 913 4467 942 4519; x_wconf 89' lang='lat' dir='ltr'><strong>et</strong></span> <span class='ocrx_word' id='word_1_590' title='bbox 1033 4416 1738 4546; x_wconf 42' lang='lat' dir='ltr'><strong>gfflgfti&#39;„fllssfflmsgissigrffpgeg?gffeffl</strong></span> 
     </span>
    </p>
   </div>
   <div class='ocr_carea' id='block_1_18' title="bbox 107 4551 1738 4631">
    <p class='ocr_par' dir='ltr' id='par_1_22' title="bbox 107 4551 1738 4631">
     <span class='ocr_line' id='line_1_48' title="bbox 107 4551 1738 4631; baseline 0.007 -25"><span class='ocrx_word' id='word_1_591' title='bbox 107 4551 166 4624; x_wconf 89' lang='lat' dir='ltr'><strong>ipsi</strong></span> <span class='ocrx_word' id='word_1_592' title='bbox 181 4554 267 4607; x_wconf 89' lang='lat' dir='ltr'><strong>erunt</strong></span> <span class='ocrx_word' id='word_1_593' title='bbox 281 4552 352 4606; x_wconf 91' lang='lat' dir='ltr'><strong>mihi</strong></span> <span class='ocrx_word' id='word_1_594' title='bbox 366 4552 495 4624; x_wconf 89' lang='lat' dir='ltr'><strong>populus</strong></span> <span class='ocrx_word' id='word_1_595' title='bbox 520 4553 631 4623; x_wconf 76' lang='lat' dir='ltr'><strong>(derit.</strong></span> <span class='ocrx_word' id='word_1_596' title='bbox 654 4570 735 4622; x_wconf 84' lang='lat' dir='ltr'><strong>xxvi,</strong></span> <span class='ocrx_word' id='word_1_597' title='bbox 761 4555 814 4624; x_wconf 68' lang='lat'><strong>123</strong></span> <span class='ocrx_word' id='word_1_598' title='bbox 832 4552 857 4608; x_wconf 84' lang='lat' dir='ltr'><strong>ll</strong></span> <span class='ocrx_word' id='word_1_599' title='bbox 871 4553 939 4610; x_wconf 80' lang='lat' dir='ltr'><strong>Cor.</strong></span> <span class='ocrx_word' id='word_1_600' title='bbox 1032 4562 1125 4626; x_wconf 83' lang='lat' dir='ltr'><strong>rioth,</strong></span> <span class='ocrx_word' id='word_1_601' title='bbox 1144 4560 1239 4616; x_wconf 84' lang='lat' dir='ltr'><strong>adhuc</strong></span> <span class='ocrx_word' id='word_1_602' title='bbox 1253 4559 1445 4631; x_wconf 78' lang='lat' dir='ltr'><strong>expressiore</strong></span> <span class='ocrx_word' id='word_1_603' title='bbox 1460 4557 1533 4628; x_wconf 90' lang='lat' dir='ltr'><strong>Ioco,</strong></span> <span class='ocrx_word' id='word_1_604' title='bbox 1552 4565 1582 4614; x_wconf 87' lang='lat' dir='ltr'><strong>et</strong></span> <span class='ocrx_word' id='word_1_605' title='bbox 1593 4560 1738 4617; x_wconf 81' lang='lat' dir='ltr'><strong>Dominae</strong></span> 
     </span>
    </p>
   </div>
   <div class='ocr_carea' id='block_1_19' title="bbox 107 4614 1738 4805">
    <p class='ocr_par' dir='ltr' id='par_1_23' title="bbox 107 4614 1738 4805">
     <span class='ocr_line' id='line_1_49' title="bbox 107 4614 1738 4715; baseline -0.005 -19"><span class='ocrx_word' id='word_1_606' title='bbox 107 4656 147 4709; x_wconf 86' lang='lat' dir='ltr'><strong>vr,</strong></span> <span class='ocrx_word' id='word_1_607' title='bbox 165 4640 219 4711; x_wconf 80' lang='lat' dir='ltr'><strong>ia).</strong></span> <span class='ocrx_word' id='word_1_608' title='bbox 238 4661 249 4691; x_wconf 82' lang='lat' dir='ltr'><strong>i</strong></span> <span class='ocrx_word' id='word_1_609' title='bbox 268 4641 304 4696; x_wconf 84' lang='lat' dir='ltr'><strong>Et</strong></span> <span class='ocrx_word' id='word_1_610' title='bbox 318 4642 412 4697; x_wconf 90' lang='lat' dir='ltr'><strong>David</strong></span> <span class='ocrx_word' id='word_1_611' title='bbox 428 4642 521 4698; x_wconf 91' lang='lat' dir='ltr'><strong>dicit:</strong></span> <span class='ocrx_word' id='word_1_612' title='bbox 541 4642 707 4698; x_wconf 81' lang='lat' dir='ltr'><strong>«Dominus</strong></span> <span class='ocrx_word' id='word_1_613' title='bbox 717 4642 864 4714; x_wconf 86' lang='lat' dir='ltr'><strong>intemplo</strong></span> <span class='ocrx_word' id='word_1_614' title='bbox 873 4659 942 4699; x_wconf 89' lang='lat' dir='ltr'><strong>san·</strong></span> <span class='ocrx_word' id='word_1_615' title='bbox 959 4614 984 4677; x_wconf 71' lang='grc' dir='ltr'>ὓ</span> <span class='ocrx_word' id='word_1_616' title='bbox 1032 4634 1134 4715; x_wconf 69' lang='lat' dir='ltr'><strong>ritum</strong></span> <span class='ocrx_word' id='word_1_617' title='bbox 1146 4647 1223 4701; x_wconf 84' lang='lat' dir='ltr'><strong>esse,</strong></span> <span class='ocrx_word' id='word_1_618' title='bbox 1246 4637 1276 4688; x_wconf 87' lang='lat' dir='ltr'><strong>et</strong></span> <span class='ocrx_word' id='word_1_619' title='bbox 1299 4630 1349 4686; x_wconf 85' lang='lat' dir='ltr'><strong>ulii</strong></span> <span class='ocrx_word' id='word_1_620' title='bbox 1366 4631 1407 4685; x_wconf 90' lang='lat' dir='ltr'><strong>sit</strong></span> <span class='ocrx_word' id='word_1_621' title='bbox 1421 4630 1573 4700; x_wconf 87' lang='lat' dir='ltr'><strong>Dominus,</strong></span> <span class='ocrx_word' id='word_1_622' title='bbox 1597 4631 1738 4704; x_wconf 76' lang='lat' dir='ltr'><strong>Spiritus</strong></span> 
     </span>
     <span class='ocr_line' id='line_1_50' title="bbox 109 4702 1194 4805; baseline -0.002 -22"><span class='ocrx_word' id='word_1_623' title='bbox 109 4733 156 4783; x_wconf 76' lang='lat' dir='ltr'><strong>eo</strong></span> <span class='ocrx_word' id='word_1_624' title='bbox 178 4745 233 4784; x_wconf 78' lang='lat' dir='ltr'><strong>suo</strong></span> <span class='ocrx_word' id='word_1_625' title='bbox 253 4730 346 4801; x_wconf 74' lang='lat' dir='ltr'><strong>(rsai</strong></span> <span class='ocrx_word' id='word_1_626' title='bbox 373 4749 402 4800; x_wconf 78' lang='lat' dir='ltr'><strong>x,</strong></span> <span class='ocrx_word' id='word_1_627' title='bbox 427 4733 462 4801; x_wconf 72' lang='grc'><strong>5).</strong></span> <span class='ocrx_word' id='word_1_628' title='bbox 486 4752 497 4783; x_wconf 82' lang='lat'><strong>»</strong></span> <span class='ocrx_word' id='word_1_629' title='bbox 523 4732 603 4805; x_wconf 76' lang='lat' dir='ltr'><strong>sigo</strong></span> <span class='ocrx_word' id='word_1_630' title='bbox 627 4732 755 4802; x_wconf 81' lang='lat' dir='ltr'><strong>spiritus</strong></span> <span class='ocrx_word' id='word_1_631' title='bbox 779 4731 941 4788; x_wconf 81' lang='lat' dir='ltr'><strong>habitatin</strong></span> <span class='ocrx_word' id='word_1_632' title='bbox 1033 4702 1194 4776; x_wconf 55' lang='lat' dir='ltr'><strong>⁶⁰¹l¹i¹t¹¹o</strong></span> 
     </span>
    </p>
   </div>
   <div class='ocr_carea' id='block_1_20' title="bbox 106 4817 1738 4901">
    <p class='ocr_par' dir='ltr' id='par_1_24' title="bbox 106 4817 1738 4901">
     <span class='ocr_line' id='line_1_51' title="bbox 106 4817 1738 4901; baseline 0.006 -29"><span class='ocrx_word' id='word_1_633' title='bbox 106 4817 215 4887; x_wconf 87' lang='lat' dir='ltr'><strong>templo</strong></span> <span class='ocrx_word' id='word_1_634' title='bbox 231 4822 333 4875; x_wconf 88' lang='lat' dir='ltr'><strong>sancto</strong></span> <span class='ocrx_word' id='word_1_635' title='bbox 349 4836 415 4890; x_wconf 89' lang='lat' dir='ltr'><strong>suo,</strong></span> <span class='ocrx_word' id='word_1_636' title='bbox 437 4821 514 4876; x_wconf 88' lang='lat' dir='ltr'><strong>sicut</strong></span> <span class='ocrx_word' id='word_1_637' title='bbox 537 4820 647 4876; x_wconf 87' lang='lat' dir='ltr'><strong>habitat</strong></span> <span class='ocrx_word' id='word_1_638' title='bbox 670 4820 756 4875; x_wconf 89' lang='lat' dir='ltr'><strong>Pater</strong></span> <span class='ocrx_word' id='word_1_639' title='bbox 775 4819 884 4876; x_wconf 91' lang='lat' dir='ltr'><strong>habitat</strong></span> <span class='ocrx_word' id='word_1_640' title='bbox 913 4824 942 4876; x_wconf 90' lang='lat' dir='ltr'><strong>et</strong></span> <span class='ocrx_word' id='word_1_641' title='bbox 1034 4828 1078 4883; x_wconf 76' lang='grc'><strong>94,</strong></span> <span class='ocrx_word' id='word_1_642' title='bbox 1095 4826 1193 4901; x_wconf 80' lang='lat' dir='ltr'><strong>[Alias</strong></span> <span class='ocrx_word' id='word_1_643' title='bbox 1207 4842 1270 4897; x_wconf 86' lang='lat' dir='ltr'><strong>cap.</strong></span> <span class='ocrx_word' id='word_1_644' title='bbox 1285 4823 1361 4899; x_wconf 59' lang='grc' dir='ltr'>ΧΨ.)</span> <span class='ocrx_word' id='word_1_645' title='bbox 1377 4825 1462 4880; x_wconf 88' lang='lat' dir='ltr'><strong>Unus</strong></span> <span class='ocrx_word' id='word_1_646' title='bbox 1478 4841 1551 4899; x_wconf 88' lang='lat' dir='ltr'><strong>ergo</strong></span> <span class='ocrx_word' id='word_1_647' title='bbox 1567 4826 1659 4895; x_wconf 86' lang='lat' dir='ltr'><strong>Deus,</strong></span> <span class='ocrx_word' id='word_1_648' title='bbox 1672 4826 1738 4883; x_wconf 81' lang='lat' dir='ltr'><strong>salo</strong></span> 
     </span>
    </p>
   </div>
   <div class='ocr_carea' id='block_1_21' title="bbox 106 4904 1738 5534">
    <p class='ocr_par' dir='ltr' id='par_1_25' title="bbox 108 4904 1738 5085">
     <span class='ocr_line' id='line_1_52' title="bbox 108 4904 1738 4998; baseline 0.005 -24"><span class='ocrx_word' id='word_1_649' title='bbox 108 4904 216 4974; x_wconf 62' lang='lat' dir='ltr'><strong>Filius,</strong></span> <span class='ocrx_word' id='word_1_650' title='bbox 231 4907 281 4976; x_wconf 68' lang='lat' dir='ltr'><strong>‘lut</strong></span> <span class='ocrx_word' id='word_1_651' title='bbox 296 4907 335 4961; x_wconf 64' lang='lat' dir='ltr'><strong>att</strong></span> <span class='ocrx_word' id='word_1_652' title='bbox 351 4924 357 4963; x_wconf 73' lang='grc' dir='ltr'>ἱ</span> <span class='ocrx_word' id='word_1_653' title='bbox 377 4931 388 4956; x_wconf 69' lang='lat' dir='ltr'><strong>t</strong></span> <span class='ocrx_word' id='word_1_654' title='bbox 407 4909 470 4980; x_wconf 68' lang='grc' dir='ltr'><strong>ΕΚΘ</strong></span> <span class='ocrx_word' id='word_1_655' title='bbox 486 4913 513 4965; x_wconf 64' lang='lat' dir='ltr'><strong>et</strong></span> <span class='ocrx_word' id='word_1_656' title='bbox 530 4911 616 4965; x_wconf 63' lang='lat' dir='ltr'><strong>Patet</strong></span> <span class='ocrx_word' id='word_1_657' title='bbox 637 4910 801 4978; x_wconf 62' lang='lat' dir='ltr'><strong>veniemus,</strong></span> <span class='ocrx_word' id='word_1_658' title='bbox 818 4910 846 4964; x_wconf 64' lang='lat' dir='ltr'><strong>et</strong></span> <span class='ocrx_word' id='word_1_659' title='bbox 860 4925 941 4964; x_wconf 64' lang='grc' dir='ltr'><strong>Μ·</strong></span> <span class='ocrx_word' id='word_1_660' title='bbox 995 4925 1104 4998; x_wconf 67' lang='lat' dir='ltr'><strong>testate</strong></span> <span class='ocrx_word' id='word_1_661' title='bbox 1120 4924 1269 4980; x_wconf 89' lang='lat' dir='ltr'><strong>Trinitatis</strong></span> <span class='ocrx_word' id='word_1_662' title='bbox 1281 4927 1409 4989; x_wconf 78' lang='lat' dir='ltr'><strong>aeternae,</strong></span> <span class='ocrx_word' id='word_1_663' title='bbox 1427 4924 1505 4979; x_wconf 90' lang='lat' dir='ltr'><strong>sicut</strong></span> <span class='ocrx_word' id='word_1_664' title='bbox 1519 4926 1674 4995; x_wconf 91' lang='lat' dir='ltr'><strong>proposito</strong></span> <span class='ocrx_word' id='word_1_665' title='bbox 1689 4916 1738 4982; x_wconf 75' lang='grc'><strong>68</strong></span> 
     </span>
     <span class='ocr_line' id='line_1_53' title="bbox 108 4995 1738 5085; baseline 0.004 -20"><span class='ocrx_word' id='word_1_666' title='bbox 108 4995 314 5065; x_wconf 69' lang='lat' dir='ltr'><strong>⁶³t0¹¹0¹1¹llll¹¹tl</strong></span> <span class='ocrx_word' id='word_1_667' title='bbox 331 5012 398 5051; x_wconf 63' lang='lat' dir='ltr'><strong>eum</strong></span> <span class='ocrx_word' id='word_1_668' title='bbox 413 4997 558 5054; x_wconf 65' lang='lat' dir='ltr'><strong>sflsstemlls</strong></span> <span class='ocrx_word' id='word_1_669' title='bbox 572 5000 668 5069; x_wconf 60' lang='lat' dir='ltr'><strong>(¹103st</strong></span> <span class='ocrx_word' id='word_1_670' title='bbox 685 5016 745 5068; x_wconf 61' lang='grc' dir='ltr'><strong>ΚΝ,</strong></span> <span class='ocrx_word' id='word_1_671' title='bbox 762 4997 819 5068; x_wconf 74' lang='lat' dir='ltr'><strong>ia).</strong></span> <span class='ocrx_word' id='word_1_672' title='bbox 838 5021 849 5046; x_wconf 73' lang='lat'><strong>&#39;¹</strong></span> <span class='ocrx_word' id='word_1_673' title='bbox 997 5016 1125 5070; x_wconf 85' lang='lat' dir='ltr'><strong>claretur</strong></span> <span class='ocrx_word' id='word_1_674' title='bbox 1139 5014 1284 5085; x_wconf 87' lang='lat' dir='ltr'><strong>exemplo.</strong></span> <span class='ocrx_word' id='word_1_675' title='bbox 1301 5012 1364 5068; x_wconf 93' lang='lat' dir='ltr'><strong>Nec</strong></span> <span class='ocrx_word' id='word_1_676' title='bbox 1379 5027 1414 5068; x_wconf 89' lang='lat' dir='ltr'><strong>eo</strong></span> <span class='ocrx_word' id='word_1_677' title='bbox 1432 5015 1529 5068; x_wconf 72' lang='lat' dir='ltr'><strong>minen</strong></span> <span class='ocrx_word' id='word_1_678' title='bbox 1551 5014 1617 5069; x_wconf 90' lang='lat' dir='ltr'><strong>solo</strong></span> <span class='ocrx_word' id='word_1_679' title='bbox 1642 5015 1711 5071; x_wconf 93' lang='lat' dir='ltr'><strong>loco</strong></span> <span class='ocrx_word' id='word_1_680' title='bbox 1731 5014 1738 5036; x_wconf 89' lang='lat'>&#39;</span> 
     </span>
    </p>

    <p class='ocr_par' dir='ltr' id='par_1_26' title="bbox 106 5100 1738 5534">
     <span class='ocr_line' id='line_1_54' title="bbox 142 5100 1738 5178; baseline 0.003 -22"><span class='ocrx_word' id='word_1_681' title='bbox 142 5100 187 5156; x_wconf 85' lang='lat' dir='ltr'><strong>oi.</strong></span> <span class='ocrx_word' id='word_1_682' title='bbox 213 5102 402 5158; x_wconf 87' lang='lat' dir='ltr'><strong>Advertimus</strong></span> <span class='ocrx_word' id='word_1_683' title='bbox 422 5104 513 5178; x_wconf 90' lang='lat' dir='ltr'><strong>igitur</strong></span> <span class='ocrx_word' id='word_1_684' title='bbox 536 5106 615 5177; x_wconf 89' lang='lat' dir='ltr'><strong>quod</strong></span> <span class='ocrx_word' id='word_1_685' title='bbox 638 5106 724 5162; x_wconf 81' lang='lat' dir='ltr'><strong>l‘ater</strong></span> <span class='ocrx_word' id='word_1_686' title='bbox 747 5109 775 5162; x_wconf 91' lang='lat' dir='ltr'><strong>et</strong></span> <span class='ocrx_word' id='word_1_687' title='bbox 796 5105 889 5162; x_wconf 80' lang='lat' dir='ltr'><strong>Filius</strong></span> <span class='ocrx_word' id='word_1_688' title='bbox 912 5109 940 5161; x_wconf 89' lang='lat' dir='ltr'><strong>et</strong></span> <span class='ocrx_word' id='word_1_689' title='bbox 996 5106 1085 5160; x_wconf 89' lang='lat' dir='ltr'><strong>tatem</strong></span> <span class='ocrx_word' id='word_1_690' title='bbox 1100 5103 1235 5158; x_wconf 90' lang='lat' dir='ltr'><strong>videmus</strong></span> <span class='ocrx_word' id='word_1_691' title='bbox 1252 5102 1369 5157; x_wconf 88' lang='lat' dir='ltr'><strong>nomine</strong></span> <span class='ocrx_word' id='word_1_692' title='bbox 1392 5101 1555 5157; x_wconf 87' lang='lat' dir='ltr'><strong>divinitatis</strong></span> <span class='ocrx_word' id='word_1_693' title='bbox 1571 5117 1738 5174; x_wconf 80' lang='lat' dir='ltr'><strong>expressas</strong></span> 
     </span>
     <span class='ocr_line' id='line_1_55' title="bbox 106 5190 1738 5268; baseline 0.002 -21"><span class='ocrx_word' id='word_1_694' title='bbox 106 5190 235 5263; x_wconf 88' lang='lat' dir='ltr'><strong>Spiritus</strong></span> <span class='ocrx_word' id='word_1_695' title='bbox 249 5196 371 5247; x_wconf 90' lang='lat' dir='ltr'><strong>sanctus</strong></span> <span class='ocrx_word' id='word_1_696' title='bbox 387 5193 417 5248; x_wconf 91' lang='lat' dir='ltr'><strong>in</strong></span> <span class='ocrx_word' id='word_1_697' title='bbox 433 5210 490 5248; x_wconf 94' lang='lat' dir='ltr'><strong>uno</strong></span> <span class='ocrx_word' id='word_1_698' title='bbox 500 5195 663 5267; x_wconf 86' lang='lat' dir='ltr'><strong>eodemque</strong></span> <span class='ocrx_word' id='word_1_699' title='bbox 674 5213 728 5268; x_wconf 91' lang='lat' dir='ltr'><strong>per</strong></span> <span class='ocrx_word' id='word_1_700' title='bbox 739 5199 851 5251; x_wconf 80' lang='lat' dir='ltr'><strong>naturae</strong></span> <span class='ocrx_word' id='word_1_701' title='bbox 861 5194 941 5266; x_wconf 85' lang='lat' dir='ltr'><strong>ejus·</strong></span> <span class='ocrx_word' id='word_1_702' title='bbox 997 5209 1064 5248; x_wconf 91' lang='lat' dir='ltr'><strong>cum</strong></span> <span class='ocrx_word' id='word_1_703' title='bbox 1079 5193 1229 5265; x_wconf 89' lang='lat' dir='ltr'><strong>plerisque</strong></span> <span class='ocrx_word' id='word_1_704' title='bbox 1251 5191 1337 5260; x_wconf 89' lang='lat' dir='ltr'><strong>locis,</strong></span> <span class='ocrx_word' id='word_1_705' title='bbox 1361 5190 1439 5246; x_wconf 88' lang='lat' dir='ltr'><strong>sicut</strong></span> <span class='ocrx_word' id='word_1_706' title='bbox 1453 5193 1482 5246; x_wconf 90' lang='lat' dir='ltr'><strong>et</strong></span> <span class='ocrx_word' id='word_1_707' title='bbox 1496 5206 1589 5262; x_wconf 88' lang='lat' dir='ltr'><strong>supra</strong></span> <span class='ocrx_word' id='word_1_708' title='bbox 1612 5191 1738 5251; x_wconf 74' lang='lat' dir='ltr'><strong>diximus</strong></span> 
     </span>
     <span class='ocr_line' id='line_1_56' title="bbox 107 5279 1738 5356; baseline 0.004 -21"><span class='ocrx_word' id='word_1_709' title='bbox 107 5280 174 5336; x_wconf 90' lang='lat' dir='ltr'><strong>dem</strong></span> <span class='ocrx_word' id='word_1_710' title='bbox 189 5285 325 5336; x_wconf 89' lang='lat' dir='ltr'><strong>maneant</strong></span> <span class='ocrx_word' id='word_1_711' title='bbox 340 5282 488 5338; x_wconf 89' lang='lat' dir='ltr'><strong>unitatem.</strong></span> <span class='ocrx_word' id='word_1_712' title='bbox 507 5283 585 5356; x_wconf 81' lang='lat' dir='ltr'><strong>Ergo</strong></span> <span class='ocrx_word' id='word_1_713' title='bbox 595 5285 758 5341; x_wconf 80' lang='lat' dir='ltr'><strong>divinaeast</strong></span> <span class='ocrx_word' id='word_1_714' title='bbox 774 5286 939 5355; x_wconf 89' lang='lat' dir='ltr'><strong>potestatis,</strong></span> <span class='ocrx_word' id='word_1_715' title='bbox 997 5282 1123 5338; x_wconf 83' lang='lat' dir='ltr'><strong>maxime</strong></span> <span class='ocrx_word' id='word_1_716' title='bbox 1139 5283 1168 5336; x_wconf 90' lang='lat' dir='ltr'><strong>in</strong></span> <span class='ocrx_word' id='word_1_717' title='bbox 1183 5280 1231 5336; x_wconf 89' lang='lat' dir='ltr'><strong>his</strong></span> <span class='ocrx_word' id='word_1_718' title='bbox 1246 5279 1381 5352; x_wconf 88' lang='lat' dir='ltr'><strong>epistolis</strong></span> <span class='ocrx_word' id='word_1_719' title='bbox 1397 5295 1472 5352; x_wconf 87' lang='lat' dir='ltr'><strong>quas</strong></span> <span class='ocrx_word' id='word_1_720' title='bbox 1488 5280 1525 5335; x_wconf 90' lang='lat' dir='ltr'><strong>ad</strong></span> <span class='ocrx_word' id='word_1_721' title='bbox 1539 5280 1738 5341; x_wconf 84' lang='lat' dir='ltr'><strong>Thessalonio</strong></span> 
     </span>
     <span class='ocr_line' id='line_1_57' title="bbox 107 5368 1737 5443; baseline 0.004 -18"><span class='ocrx_word' id='word_1_722' title='bbox 107 5371 157 5442; x_wconf 92' lang='lat' dir='ltr'><strong>qui</strong></span> <span class='ocrx_word' id='word_1_723' title='bbox 174 5370 285 5426; x_wconf 87' lang='lat' dir='ltr'><strong>habitat</strong></span> <span class='ocrx_word' id='word_1_724' title='bbox 309 5372 338 5426; x_wconf 93' lang='lat' dir='ltr'><strong>in</strong></span> <span class='ocrx_word' id='word_1_725' title='bbox 362 5372 470 5443; x_wconf 88' lang='lat' dir='ltr'><strong>templo</strong></span> <span class='ocrx_word' id='word_1_726' title='bbox 492 5390 498 5428; x_wconf 75' lang='grc' dir='ltr'><strong><em>ε</em></strong></span> <span class='ocrx_word' id='word_1_727' title='bbox 522 5374 693 5429; x_wconf 90' lang='lat' dir='ltr'><strong>sicutenim</strong></span> <span class='ocrx_word' id='word_1_728' title='bbox 708 5375 848 5431; x_wconf 87' lang='lat' dir='ltr'><strong>Patrisat</strong></span> <span class='ocrx_word' id='word_1_729' title='bbox 863 5374 939 5442; x_wconf 87' lang='lat' dir='ltr'><strong>Filii,</strong></span> <span class='ocrx_word' id='word_1_730' title='bbox 997 5372 1159 5443; x_wconf 81' lang='lat' dir='ltr'><strong>Apostolus</strong></span> <span class='ocrx_word' id='word_1_731' title='bbox 1180 5369 1300 5439; x_wconf 89' lang='lat' dir='ltr'><strong>scripsit</strong></span> <span class='ocrx_word' id='word_1_732' title='bbox 1311 5369 1378 5440; x_wconf 82' lang='lat'><strong>(38),</strong></span> <span class='ocrx_word' id='word_1_733' title='bbox 1395 5368 1577 5425; x_wconf 90' lang='lat' dir='ltr'><strong>divinitatem</strong></span> <span class='ocrx_word' id='word_1_734' title='bbox 1592 5374 1683 5443; x_wconf 89' lang='lat' dir='ltr'><strong>atque</strong></span> <span class='ocrx_word' id='word_1_735' title='bbox 1697 5371 1737 5431; x_wconf 89' lang='lat' dir='ltr'><strong>do</strong></span> 
     </span>
     <span class='ocr_line' id='line_1_58' title="bbox 107 5458 1738 5534; baseline 0.003 -19"><span class='ocrx_word' id='word_1_736' title='bbox 107 5461 147 5515; x_wconf 88' lang='lat' dir='ltr'><strong>ita</strong></span> <span class='ocrx_word' id='word_1_737' title='bbox 161 5464 190 5516; x_wconf 90' lang='lat' dir='ltr'><strong>et</strong></span> <span class='ocrx_word' id='word_1_738' title='bbox 205 5460 332 5532; x_wconf 88' lang='lat' dir='ltr'><strong>Spiritus</strong></span> <span class='ocrx_word' id='word_1_739' title='bbox 348 5463 444 5517; x_wconf 88' lang='lat' dir='ltr'><strong>sancti</strong></span> <span class='ocrx_word' id='word_1_740' title='bbox 458 5479 563 5519; x_wconf 88' lang='lat' dir='ltr'><strong>sumus</strong></span> <span class='ocrx_word' id='word_1_741' title='bbox 582 5463 744 5534; x_wconf 88' lang='lat' dir='ltr'><strong>templum:</strong></span> <span class='ocrx_word' id='word_1_742' title='bbox 768 5479 828 5519; x_wconf 88' lang='lat' dir='ltr'><strong>non</strong></span> <span class='ocrx_word' id='word_1_743' title='bbox 851 5464 941 5519; x_wconf 88' lang='lat' dir='ltr'><strong>multa</strong></span> <span class='ocrx_word' id='word_1_744' title='bbox 996 5463 1058 5516; x_wconf 91' lang='lat' dir='ltr'><strong>tum</strong></span> <span class='ocrx_word' id='word_1_745' title='bbox 1072 5460 1169 5516; x_wconf 88' lang='lat' dir='ltr'><strong>Petris</strong></span> <span class='ocrx_word' id='word_1_746' title='bbox 1184 5463 1213 5515; x_wconf 90' lang='lat' dir='ltr'><strong>et</strong></span> <span class='ocrx_word' id='word_1_747' title='bbox 1228 5458 1294 5513; x_wconf 84' lang='lat' dir='ltr'><strong>Filii</strong></span> <span class='ocrx_word' id='word_1_748' title='bbox 1309 5463 1337 5514; x_wconf 86' lang='lat' dir='ltr'><strong>et</strong></span> <span class='ocrx_word' id='word_1_749' title='bbox 1352 5458 1480 5531; x_wconf 88' lang='lat' dir='ltr'><strong>Spiritus</strong></span> <span class='ocrx_word' id='word_1_750' title='bbox 1494 5458 1592 5515; x_wconf 89' lang='lat' dir='ltr'><strong>sancti</strong></span> <span class='ocrx_word' id='word_1_751' title='bbox 1606 5460 1738 5519; x_wconf 88' lang='lat' dir='ltr'><strong>evidenti</strong></span> 
     </span>
    </p>
   </div>
   <div class='ocr_carea' id='block_1_22' title="bbox 104 5603 1727 5825">
    <p class='ocr_par' dir='ltr' id='par_1_27' title="bbox 104 5603 1727 5825">
     <span class='ocr_line' id='line_1_59' title="bbox 141 5603 1305 5677; baseline 0.001 -19"><span class='ocrx_word' id='word_1_752' title='bbox 141 5603 197 5673; x_wconf 83' lang='grc'>(36)</span> <span class='ocrx_word' id='word_1_753' title='bbox 212 5605 286 5659; x_wconf 90' lang='lat' dir='ltr'><strong>Mss.</strong></span> <span class='ocrx_word' id='word_1_754' title='bbox 303 5605 424 5677; x_wconf 88' lang='lat' dir='ltr'><strong>aliquot,</strong></span> <span class='ocrx_word' id='word_1_755' title='bbox 442 5608 497 5660; x_wconf 81' lang='lat' dir='ltr'><strong>«ul</strong></span> <span class='ocrx_word' id='word_1_756' title='bbox 512 5619 732 5677; x_wconf 89' lang='lat' dir='ltr'><strong>cognoscamus</strong></span> <span class='ocrx_word' id='word_1_757' title='bbox 743 5603 939 5661; x_wconf 75' lang='lat' dir='ltr'><strong>Dominum.»</strong></span> <span class='ocrx_word' id='word_1_758' title='bbox 998 5604 1071 5660; x_wconf 91' lang='lat' dir='ltr'><strong>deos</strong></span> <span class='ocrx_word' id='word_1_759' title='bbox 1087 5603 1197 5659; x_wconf 89' lang='lat' dir='ltr'><strong>dicere.</strong></span> <span class='ocrx_word' id='word_1_760' title='bbox 1213 5625 1224 5650; x_wconf 76' lang='lat' dir='ltr'><strong>a</strong></span> <span class='ocrx_word' id='word_1_761' title='bbox 1303 5642 1305 5647; x_wconf 53' lang='lat'>&gt;</span> 
     </span>
     <span class='ocr_line' id='line_1_60' title="bbox 142 5673 1727 5748; baseline 0 -20"><span class='ocrx_word' id='word_1_762' title='bbox 142 5673 198 5744; x_wconf 80' lang='lat' dir='ltr'><strong>(oi)</strong></span> <span class='ocrx_word' id='word_1_763' title='bbox 214 5675 254 5729; x_wconf 88' lang='lat' dir='ltr'><strong>lta</strong></span> <span class='ocrx_word' id='word_1_764' title='bbox 269 5691 343 5731; x_wconf 91' lang='lat' dir='ltr'><strong>mss.</strong></span> <span class='ocrx_word' id='word_1_765' title='bbox 360 5677 461 5748; x_wconf 89' lang='lat' dir='ltr'><strong>plures</strong></span> <span class='ocrx_word' id='word_1_766' title='bbox 475 5693 510 5731; x_wconf 89' lang='lat' dir='ltr'><strong>ac</strong></span> <span class='ocrx_word' id='word_1_767' title='bbox 524 5675 797 5747; x_wconf 80' lang='lat' dir='ltr'><strong>probatioresznon</strong></span> <span class='ocrx_word' id='word_1_768' title='bbox 808 5675 941 5733; x_wconf 88' lang='lat' dir='ltr'><strong>nulliau·</strong></span> <span class='ocrx_word' id='word_1_769' title='bbox 1034 5675 1085 5744; x_wconf 77' lang='grc'>(38)</span> <span class='ocrx_word' id='word_1_770' title='bbox 1102 5673 1243 5733; x_wconf 90' lang='lat' dir='ltr'><strong>Nonnulli</strong></span> <span class='ocrx_word' id='word_1_771' title='bbox 1258 5689 1345 5745; x_wconf 81' lang='lat' dir='ltr'><strong>mss,</strong></span> <span class='ocrx_word' id='word_1_772' title='bbox 1364 5695 1375 5727; x_wconf 76' lang='grc' dir='ltr'>ι</span> <span class='ocrx_word' id='word_1_773' title='bbox 1393 5673 1556 5747; x_wconf 85' lang='lat' dir='ltr'><strong>Apostolus</strong></span> <span class='ocrx_word' id='word_1_774' title='bbox 1575 5673 1696 5733; x_wconf 82' lang='lat' dir='ltr'><strong>direxit.</strong></span> <span class='ocrx_word' id='word_1_775' title='bbox 1714 5698 1727 5728; x_wconf 73' lang='lat' dir='ltr'><strong>a</strong></span> 
     </span>
     <span class='ocr_line' id='line_1_61' title="bbox 104 5744 939 5825; baseline 0.006 -23"><span class='ocrx_word' id='word_1_776' title='bbox 104 5745 165 5815; x_wconf 83' lang='lat' dir='ltr'><strong>tem</strong></span> <span class='ocrx_word' id='word_1_777' title='bbox 174 5744 224 5801; x_wconf 89' lang='lat' dir='ltr'><strong>alii</strong></span> <span class='ocrx_word' id='word_1_778' title='bbox 234 5749 375 5806; x_wconf 88' lang='lat' dir='ltr'><strong>etomnes</strong></span> <span class='ocrx_word' id='word_1_779' title='bbox 385 5747 466 5819; x_wconf 81' lang='lat' dir='ltr'><strong>edit,</strong></span> <span class='ocrx_word' id='word_1_780' title='bbox 481 5746 685 5821; x_wconf 62' lang='lat' dir='ltr'><strong>iconismos,</strong></span> <span class='ocrx_word' id='word_1_781' title='bbox 693 5747 804 5825; x_wconf 90' lang='lat' dir='ltr'><strong>putatis</strong></span> <span class='ocrx_word' id='word_1_782' title='bbox 813 5750 939 5811; x_wconf 77' lang='lat' dir='ltr'><strong>nostes</strong></span> 
     </span>
    </p>
   </div>
   <div class='ocr_carea' id='block_1_23' title="bbox 0 0 1954 6128">
    <p class='ocr_par' dir='ltr' id='par_1_28' title="bbox 0 0 1954 6128">
     <span class='ocr_line' id='line_1_62' title="bbox 0 0 1954 6128; baseline 0 1"><span class='ocrx_word' id='word_1_783' title='bbox 0 0 1954 6128; x_wconf 95' lang='lat' dir='ltr'><strong> </strong></span> 
     </span>
    </p>
   </div>
  </div>
 </body>
</html>
