<?xml version="1.0" encoding="UTF-8"?>
<!DOCTYPE html PUBLIC "-//W3C//DTD XHTML 1.0 Transitional//EN"
    "http://www.w3.org/TR/xhtml1/DTD/xhtml1-transitional.dtd">
<html xmlns="http://www.w3.org/1999/xhtml" xml:lang="en" lang="en">
 <head>
  <title>
</title>
<meta http-equiv="Content-Type" content="text/html;charset=utf-8" />
  <meta name='ocr-system' content='tesseract 3.04.00' />
  <meta name='ocr-capabilities' content='ocr_page ocr_carea ocr_par ocr_line ocrx_word'/>
</head>
<body>
  <div class='ocr_page' id='page_1' title='image "./patrologiaecurs70unkngoog_0650.png"; bbox 0 0 3900 6128; ppageno 0'>
   <div class='ocr_carea' id='block_1_1' title="bbox 105 286 1837 371">
    <p class='ocr_par' dir='ltr' id='par_1_1' title="bbox 105 286 1837 371">
     <span class='ocr_line' id='line_1_1' title="bbox 105 286 1837 371; baseline 0.008 -17"><span class='ocrx_word' id='word_1_1' title='bbox 105 288 186 357; x_wconf 79' lang='grc'>1301</span> <span class='ocrx_word' id='word_1_2' title='bbox 695 286 1002 354; x_wconf 76' lang='lat' dir='ltr'><strong>EPISTOLARUM</strong></span> <span class='ocrx_word' id='word_1_3' title='bbox 1024 288 1194 356; x_wconf 71' lang='lat' dir='ltr'>caussis</span> <span class='ocrx_word' id='word_1_4' title='bbox 1216 292 1241 359; x_wconf 89' lang='lat'>1.</span> <span class='ocrx_word' id='word_1_5' title='bbox 1757 305 1837 371; x_wconf 73' lang='lat'>1³02</span> 
     </span>
    </p>
   </div>
   <div class='ocr_carea' id='block_1_2' title="bbox 101 484 1852 4938">
    <p class='ocr_par' dir='ltr' id='par_1_2' title="bbox 101 484 1852 4938">
     <span class='ocr_line' id='line_1_2' title="bbox 107 484 1838 578; baseline 0.008 -29"><span class='ocrx_word' id='word_1_6' title='bbox 107 493 181 561; x_wconf 90' lang='lat' dir='ltr'>Quis</span> <span class='ocrx_word' id='word_1_7' title='bbox 198 493 276 549; x_wconf 87' lang='lat' dir='ltr'>enim</span> <span class='ocrx_word' id='word_1_8' title='bbox 291 507 347 548; x_wconf 89' lang='lat' dir='ltr'>acu</span> <span class='ocrx_word' id='word_1_9' title='bbox 370 496 469 548; x_wconf 82' lang='lat' dir='ltr'>utatiu</span> <span class='ocrx_word' id='word_1_10' title='bbox 494 491 528 547; x_wconf 91' lang='lat' dir='ltr'>ad</span> <span class='ocrx_word' id='word_1_11' title='bbox 553 489 757 562; x_wconf 81' lang='lat' dir='ltr'>praeliandum,</span> <span class='ocrx_word' id='word_1_12' title='bbox 786 506 853 546; x_wconf 91' lang='lat' dir='ltr'>oum</span> <span class='ocrx_word' id='word_1_13' title='bbox 879 484 986 557; x_wconf 70' lang='lat' dir='ltr'>telis&#39;A</span> <span class='ocrx_word' id='word_1_14' title='bbox 1004 490 1114 548; x_wconf 77' lang='lat' dir='ltr'>debuit.</span> <span class='ocrx_word' id='word_1_15' title='bbox 1126 491 1184 548; x_wconf 88' lang='lat' dir='ltr'>Sed</span> <span class='ocrx_word' id='word_1_16' title='bbox 1195 493 1261 566; x_wconf 90' lang='lat' dir='ltr'>ipse</span> <span class='ocrx_word' id='word_1_17' title='bbox 1271 499 1374 553; x_wconf 89' lang='lat' dir='ltr'>auctor</span> <span class='ocrx_word' id='word_1_18' title='bbox 1394 501 1506 556; x_wconf 84' lang='lat' dir='ltr'>caturca</span> <span class='ocrx_word' id='word_1_19' title='bbox 1526 517 1585 558; x_wconf 89' lang='lat' dir='ltr'>non</span> <span class='ocrx_word' id='word_1_20' title='bbox 1600 502 1700 576; x_wconf 84' lang='lat' dir='ltr'>utiquc</span> <span class='ocrx_word' id='word_1_21' title='bbox 1717 519 1838 578; x_wconf 81' lang='lat' dir='ltr'>genera-</span> 
     </span>
     <span class='ocr_line' id='line_1_3' title="bbox 107 581 1837 658; baseline 0.009 -22"><span class='ocrx_word' id='word_1_22' title='bbox 107 583 275 639; x_wconf 88' lang='lat' dir='ltr'>iustructus</span> <span class='ocrx_word' id='word_1_23' title='bbox 294 583 332 637; x_wconf 87' lang='lat' dir='ltr'>sit</span> <span class='ocrx_word' id='word_1_24' title='bbox 347 581 564 636; x_wconf 80' lang='lat' dir='ltr'>validioribus?</span> <span class='ocrx_word' id='word_1_25' title='bbox 1002 581 1075 635; x_wconf 90' lang='lat' dir='ltr'>tioni</span> <span class='ocrx_word' id='word_1_26' title='bbox 1092 581 1254 638; x_wconf 80' lang='lat' dir='ltr'><strong>obsecutus</strong></span> <span class='ocrx_word' id='word_1_27' title='bbox 1275 589 1331 655; x_wconf 89' lang='lat' dir='ltr'>est,</span> <span class='ocrx_word' id='word_1_28' title='bbox 1348 589 1399 658; x_wconf 94' lang='lat' dir='ltr'>qui</span> <span class='ocrx_word' id='word_1_29' title='bbox 1423 589 1458 644; x_wconf 92' lang='lat' dir='ltr'>de</span> <span class='ocrx_word' id='word_1_30' title='bbox 1475 606 1518 658; x_wconf 88' lang='lat' dir='ltr'>se,</span> <span class='ocrx_word' id='word_1_31' title='bbox 1546 607 1613 646; x_wconf 89' lang='lat' dir='ltr'>cum</span> <span class='ocrx_word' id='word_1_32' title='bbox 1629 597 1710 649; x_wconf 90' lang='lat' dir='ltr'>esset</span> <span class='ocrx_word' id='word_1_33' title='bbox 1725 595 1755 649; x_wconf 90' lang='lat' dir='ltr'>in</span> <span class='ocrx_word' id='word_1_34' title='bbox 1772 611 1837 651; x_wconf 91' lang='lat' dir='ltr'>eor-</span> 
     </span>
     <span class='ocr_line' id='line_1_4' title="bbox 145 667 1839 753; baseline 0.008 -23"><span class='ocrx_word' id='word_1_35' title='bbox 145 672 189 730; x_wconf 82' lang='lat'>1³.</span> <span class='ocrx_word' id='word_1_36' title='bbox 203 673 269 728; x_wconf 80' lang='lat' dir='ltr'>iam</span> <span class='ocrx_word' id='word_1_37' title='bbox 284 670 356 725; x_wconf 90' lang='lat' dir='ltr'>illud</span> <span class='ocrx_word' id='word_1_38' title='bbox 372 671 472 744; x_wconf 78' lang='lat' dir='ltr'>quivis</span> <span class='ocrx_word' id='word_1_39' title='bbox 489 669 574 724; x_wconf 86' lang='lat' dir='ltr'>tacito</span> <span class='ocrx_word' id='word_1_40' title='bbox 599 667 793 724; x_wconf 77' lang='lat' dir='ltr'>refellendum</span> <span class='ocrx_word' id='word_1_41' title='bbox 809 668 944 741; x_wconf 77' lang='lat' dir='ltr'>advertit,</span> <span class='ocrx_word' id='word_1_42' title='bbox 1001 685 1075 741; x_wconf 90' lang='lat' dir='ltr'>pore</span> <span class='ocrx_word' id='word_1_43' title='bbox 1101 672 1289 740; x_wconf 90' lang='lat' dir='ltr'>constitutus,</span> <span class='ocrx_word' id='word_1_44' title='bbox 1316 677 1443 745; x_wconf 75' lang='lat' dir='ltr'>praebuit</span> <span class='ocrx_word' id='word_1_45' title='bbox 1462 681 1675 753; x_wconf 78' lang='lat' dir='ltr'>magisterium,</span> <span class='ocrx_word' id='word_1_46' title='bbox 1694 676 1791 739; x_wconf 77' lang='lat'>1075</span> <span class='ocrx_word' id='word_1_47' title='bbox 1808 690 1839 743; x_wconf 91' lang='grc' dir='ltr'>θῖ</span> 
     </span>
     <span class='ocr_line' id='line_1_5' title="bbox 108 757 1835 841; baseline 0.007 -22"><span class='ocrx_word' id='word_1_48' title='bbox 108 765 177 837; x_wconf 92' lang='lat' dir='ltr'>quia</span> <span class='ocrx_word' id='word_1_49' title='bbox 193 761 379 833; x_wconf 88' lang='lat' dir='ltr'>propositum</span> <span class='ocrx_word' id='word_1_50' title='bbox 395 762 441 815; x_wconf 99' lang='grc' dir='ltr'>θεῖ</span> <span class='ocrx_word' id='word_1_51' title='bbox 465 757 625 830; x_wconf 89' lang='lat' dir='ltr'>plerosque</span> <span class='ocrx_word' id='word_1_52' title='bbox 639 759 773 830; x_wconf 86' lang='lat' dir='ltr'>potuisse</span> <span class='ocrx_word' id='word_1_53' title='bbox 799 758 835 812; x_wconf 91' lang='lat' dir='ltr'>ad</span> <span class='ocrx_word' id='word_1_54' title='bbox 850 773 945 814; x_wconf 78' lang='lat' dir='ltr'>sacrae</span> <span class='ocrx_word' id='word_1_55' title='bbox 1003 759 1136 814; x_wconf 79' lang='lat' dir='ltr'><strong>hortatus</strong></span> <span class='ocrx_word' id='word_1_56' title='bbox 1160 762 1206 814; x_wconf 87' lang='lat' dir='ltr'>est</span> <span class='ocrx_word' id='word_1_57' title='bbox 1228 761 1393 834; x_wconf 89' lang='lat' dir='ltr'>discipulos</span> <span class='ocrx_word' id='word_1_58' title='bbox 1417 767 1453 820; x_wconf 91' lang='lat' dir='ltr'>ad</span> <span class='ocrx_word' id='word_1_59' title='bbox 1477 769 1686 841; x_wconf 76' lang='lat' dir='ltr'>integritatem,</span> <span class='ocrx_word' id='word_1_60' title='bbox 1714 772 1835 832; x_wconf 89' lang='lat' dir='ltr'>dicens:</span> 
     </span>
     <span class='ocr_line' id='line_1_6' title="bbox 108 846 1837 935; baseline 0.005 -24"><span class='ocrx_word' id='word_1_61' title='bbox 108 851 265 925; x_wconf 68' lang='lat' dir='ltr'>religionis</span> <span class='ocrx_word' id='word_1_62' title='bbox 277 849 435 920; x_wconf 87' lang='lat' dir='ltr'>provocari</span> <span class='ocrx_word' id='word_1_63' title='bbox 445 848 632 920; x_wconf 87' lang='lat' dir='ltr'>obsequium,</span> <span class='ocrx_word' id='word_1_64' title='bbox 646 848 703 904; x_wconf 88' lang='lat' dir='ltr'>nisi</span> <span class='ocrx_word' id='word_1_65' title='bbox 716 851 819 903; x_wconf 86' lang='lat' dir='ltr'>essent</span> <span class='ocrx_word' id='word_1_66' title='bbox 833 846 945 903; x_wconf 89' lang='lat' dir='ltr'>doloris</span> <span class='ocrx_word' id='word_1_67' title='bbox 1005 847 1266 919; x_wconf 71' lang='lat' dir='ltr'>«Suntspadones,</span> <span class='ocrx_word' id='word_1_68' title='bbox 1276 855 1837 935; x_wconf 77' lang='lat' dir='ltr'>quisecastraveruatpropterregnum</span> 
     </span>
     <span class='ocr_line' id='line_1_7' title="bbox 107 935 1836 1019; baseline 0.007 -21"><span class='ocrx_word' id='word_1_69' title='bbox 107 941 217 1010; x_wconf 88' lang='lat' dir='ltr'>timori,</span> <span class='ocrx_word' id='word_1_70' title='bbox 229 939 277 995; x_wconf 80' lang='lat' dir='ltr'>rel</span> <span class='ocrx_word' id='word_1_71' title='bbox 288 938 401 994; x_wconf 89' lang='lat' dir='ltr'>laboris</span> <span class='ocrx_word' id='word_1_72' title='bbox 422 938 553 993; x_wconf 89' lang='lat' dir='ltr'>contuitu</span> <span class='ocrx_word' id='word_1_73' title='bbox 574 937 715 992; x_wconf 87' lang='lat' dir='ltr'>revocati.</span> <span class='ocrx_word' id='word_1_74' title='bbox 728 935 763 994; x_wconf 72' lang='lat' dir='ltr'>Et</span> <span class='ocrx_word' id='word_1_75' title='bbox 779 938 873 1008; x_wconf 89' lang='lat' dir='ltr'>potuit</span> <span class='ocrx_word' id='word_1_76' title='bbox 888 936 944 991; x_wconf 92' lang='lat' dir='ltr'>hoe</span> <span class='ocrx_word' id='word_1_77' title='bbox 1002 938 1165 1008; x_wconf 85' lang='lat' dir='ltr'>coelorum;</span> <span class='ocrx_word' id='word_1_78' title='bbox 1189 941 1240 1010; x_wconf 94' lang='lat' dir='ltr'>qui</span> <span class='ocrx_word' id='word_1_79' title='bbox 1262 945 1360 1011; x_wconf 90' lang='lat' dir='ltr'>potest</span> <span class='ocrx_word' id='word_1_80' title='bbox 1386 960 1502 1015; x_wconf 89' lang='lat' dir='ltr'>capere,</span> <span class='ocrx_word' id='word_1_81' title='bbox 1528 949 1623 1019; x_wconf 87' lang='lat' dir='ltr'>capiat</span> <span class='ocrx_word' id='word_1_82' title='bbox 1638 949 1758 1019; x_wconf 78' lang='grc' dir='ltr'>(ΜθῖῖΙι.</span> <span class='ocrx_word' id='word_1_83' title='bbox 1774 971 1836 1010; x_wconf 84' lang='lat' dir='ltr'>xrx.</span> 
     </span>
     <span class='ocr_line' id='line_1_8' title="bbox 105 1024 1082 1103; baseline -0.013 -15"><span class='ocrx_word' id='word_1_84' title='bbox 105 1038 220 1088; x_wconf 88' lang='lat' dir='ltr'>terrere</span> <span class='ocrx_word' id='word_1_85' title='bbox 241 1029 397 1103; x_wconf 78' lang='lat' dir='ltr'>majorem,</span> <span class='ocrx_word' id='word_1_86' title='bbox 409 1025 488 1102; x_wconf 84' lang='lat' dir='ltr'>quod</span> <span class='ocrx_word' id='word_1_87' title='bbox 509 1025 644 1082; x_wconf 82' lang='lat' dir='ltr'>intantali</span> <span class='ocrx_word' id='word_1_88' title='bbox 662 1024 798 1100; x_wconf 80' lang='lat' dir='ltr'>plerique</span> <span class='ocrx_word' id='word_1_89' title='bbox 814 1025 944 1081; x_wconf 86' lang='lat' dir='ltr'>sustine·</span> <span class='ocrx_word' id='word_1_90' title='bbox 1001 1026 1082 1096; x_wconf 67' lang='grc' dir='ltr'>ῖ3).ι</span> 
     </span>
     <span class='ocr_line' id='line_1_9' title="bbox 107 1112 1838 1202; baseline 0.006 -25"><span class='ocrx_word' id='word_1_91' title='bbox 107 1121 178 1177; x_wconf 90' lang='lat' dir='ltr'>bant</span> <span class='ocrx_word' id='word_1_92' title='bbox 189 1120 254 1175; x_wconf 89' lang='lat' dir='ltr'>siue</span> <span class='ocrx_word' id='word_1_93' title='bbox 266 1115 425 1190; x_wconf 77' lang='lat' dir='ltr'>periculo?</span> <span class='ocrx_word' id='word_1_94' title='bbox 439 1112 512 1174; x_wconf 77' lang='lat' dir='ltr'>Esto</span> <span class='ocrx_word' id='word_1_95' title='bbox 526 1119 624 1170; x_wconf 86' lang='lat' dir='ltr'>tamea</span> <span class='ocrx_word' id='word_1_96' title='bbox 640 1112 756 1187; x_wconf 91' lang='lat' dir='ltr'>aliquos</span> <span class='ocrx_word' id='word_1_97' title='bbox 783 1113 944 1169; x_wconf 74' lang='lat' dir='ltr'>infantulos</span> <span class='ocrx_word' id='word_1_98' title='bbox 1037 1116 1080 1171; x_wconf 80' lang='lat' dir='ltr'>li.</span> <span class='ocrx_word' id='word_1_99' title='bbox 1099 1116 1172 1172; x_wconf 83' lang='lat' dir='ltr'>Cum</span> <span class='ocrx_word' id='word_1_100' title='bbox 1190 1119 1228 1174; x_wconf 92' lang='lat' dir='ltr'>sit</span> <span class='ocrx_word' id='word_1_101' title='bbox 1240 1123 1336 1176; x_wconf 91' lang='lat' dir='ltr'>autem</span> <span class='ocrx_word' id='word_1_102' title='bbox 1355 1119 1443 1178; x_wconf 90' lang='lat' dir='ltr'>homo</span> <span class='ocrx_word' id='word_1_103' title='bbox 1459 1127 1642 1197; x_wconf 90' lang='lat' dir='ltr'>compositus</span> <span class='ocrx_word' id='word_1_104' title='bbox 1659 1143 1697 1184; x_wconf 85' lang='lat' dir='ltr'>ox</span> <span class='ocrx_word' id='word_1_105' title='bbox 1712 1132 1838 1202; x_wconf 78' lang='lat' dir='ltr'>corpore</span> 
     </span>
     <span class='ocr_line' id='line_1_10' title="bbox 107 1202 1838 1290; baseline 0.006 -25"><span class='ocrx_word' id='word_1_106' title='bbox 107 1209 291 1277; x_wconf 75' lang='lat' dir='ltr'>dudoeorum,</span> <span class='ocrx_word' id='word_1_107' title='bbox 309 1222 375 1261; x_wconf 94' lang='lat' dir='ltr'>cum</span> <span class='ocrx_word' id='word_1_108' title='bbox 391 1202 523 1261; x_wconf 91' lang='lat' dir='ltr'>dolorem</span> <span class='ocrx_word' id='word_1_109' title='bbox 540 1204 709 1260; x_wconf 78' lang='lat' dir='ltr'>circumcisi</span> <span class='ocrx_word' id='word_1_110' title='bbox 733 1203 868 1276; x_wconf 85' lang='lat' dir='ltr'>corporis</span> <span class='ocrx_word' id='word_1_111' title='bbox 884 1203 945 1273; x_wconf 92' lang='lat' dir='ltr'>pla·</span> <span class='ocrx_word' id='word_1_112' title='bbox 1001 1205 1142 1272; x_wconf 87' lang='lat' dir='ltr'>etoaima,</span> <span class='ocrx_word' id='word_1_113' title='bbox 1159 1205 1241 1272; x_wconf 82' lang='lat' dir='ltr'>[satis</span> <span class='ocrx_word' id='word_1_114' title='bbox 1260 1214 1306 1265; x_wconf 91' lang='lat' dir='ltr'>est</span> <span class='ocrx_word' id='word_1_115' title='bbox 1322 1211 1399 1266; x_wconf 90' lang='lat' dir='ltr'>enim</span> <span class='ocrx_word' id='word_1_116' title='bbox 1417 1213 1534 1269; x_wconf 89' lang='lat' dir='ltr'>interim</span> <span class='ocrx_word' id='word_1_117' title='bbox 1555 1216 1610 1271; x_wconf 91' lang='lat' dir='ltr'>hoc</span> <span class='ocrx_word' id='word_1_118' title='bbox 1627 1217 1736 1290; x_wconf 92' lang='lat' dir='ltr'>dicero,</span> <span class='ocrx_word' id='word_1_119' title='bbox 1753 1225 1781 1275; x_wconf 91' lang='lat' dir='ltr'>et</span> <span class='ocrx_word' id='word_1_120' title='bbox 1797 1221 1838 1277; x_wconf 90' lang='lat' dir='ltr'>si·</span> 
     </span>
     <span class='ocr_line' id='line_1_11' title="bbox 106 1289 1837 1377; baseline 0.006 -23"><span class='ocrx_word' id='word_1_121' title='bbox 106 1313 214 1373; x_wconf 81' lang='lat' dir='ltr'>gaeqao</span> <span class='ocrx_word' id='word_1_122' title='bbox 225 1295 369 1352; x_wconf 80' lang='lat' dir='ltr'>ferventis</span> <span class='ocrx_word' id='word_1_123' title='bbox 380 1295 530 1349; x_wconf 87' lang='lat' dir='ltr'>sustinere</span> <span class='ocrx_word' id='word_1_124' title='bbox 542 1309 601 1349; x_wconf 89' lang='lat' dir='ltr'>non</span> <span class='ocrx_word' id='word_1_125' title='bbox 616 1293 776 1365; x_wconf 89' lang='lat' dir='ltr'>potuerint,</span> <span class='ocrx_word' id='word_1_126' title='bbox 787 1291 943 1348; x_wconf 74' lang='lat' dir='ltr'>defunctos</span> <span class='ocrx_word' id='word_1_127' title='bbox 1000 1289 1062 1348; x_wconf 92' lang='lat' dir='ltr'>lere</span> <span class='ocrx_word' id='word_1_128' title='bbox 1073 1294 1108 1350; x_wconf 90' lang='lat' dir='ltr'>de</span> <span class='ocrx_word' id='word_1_129' title='bbox 1119 1296 1225 1367; x_wconf 88' lang='lat' dir='ltr'>spiritu</span> <span class='ocrx_word' id='word_1_130' title='bbox 1236 1296 1315 1373; x_wconf 58' lang='lat' dir='ltr'>(lem</span> <span class='ocrx_word' id='word_1_131' title='bbox 1325 1316 1382 1354; x_wconf 92' lang='lat' dir='ltr'>uon</span> <span class='ocrx_word' id='word_1_132' title='bbox 1394 1307 1441 1356; x_wconf 89' lang='lat' dir='ltr'>est</span> <span class='ocrx_word' id='word_1_133' title='bbox 1457 1303 1486 1357; x_wconf 91' lang='lat' dir='ltr'>in</span> <span class='ocrx_word' id='word_1_134' title='bbox 1498 1309 1622 1377; x_wconf 87' lang='lat' dir='ltr'>utroque</span> <span class='ocrx_word' id='word_1_135' title='bbox 1635 1307 1713 1363; x_wconf 88' lang='lat' dir='ltr'>idem</span> <span class='ocrx_word' id='word_1_136' title='bbox 1730 1324 1837 1365; x_wconf 91' lang='lat' dir='ltr'>secun·</span> 
     </span>
     <span class='ocr_line' id='line_1_12' title="bbox 104 1380 1838 1469; baseline 0.006 -25"><span class='ocrx_word' id='word_1_137' title='bbox 104 1387 219 1444; x_wconf 81' lang='lat' dir='ltr'>ltaisso:</span> <span class='ocrx_word' id='word_1_138' title='bbox 236 1385 289 1440; x_wconf 88' lang='lat' dir='ltr'>sed</span> <span class='ocrx_word' id='word_1_139' title='bbox 302 1384 358 1439; x_wconf 91' lang='lat' dir='ltr'>hoc</span> <span class='ocrx_word' id='word_1_140' title='bbox 374 1398 429 1438; x_wconf 90' lang='lat' dir='ltr'>aec</span> <span class='ocrx_word' id='word_1_141' title='bbox 444 1386 571 1438; x_wconf 83' lang='lat' dir='ltr'>eaeteros</span> <span class='ocrx_word' id='word_1_142' title='bbox 583 1380 751 1437; x_wconf 86' lang='lat' dir='ltr'>deterrebat</span> <span class='ocrx_word' id='word_1_143' title='bbox 761 1381 941 1451; x_wconf 87' lang='lat' dir='ltr'>provectiori</span> <span class='ocrx_word' id='word_1_144' title='bbox 1000 1383 1069 1437; x_wconf 89' lang='lat' dir='ltr'>dum</span> <span class='ocrx_word' id='word_1_145' title='bbox 1095 1389 1249 1442; x_wconf 87' lang='lat' dir='ltr'>naturam:</span> <span class='ocrx_word' id='word_1_146' title='bbox 1276 1387 1329 1442; x_wconf 91' lang='lat' dir='ltr'>sed</span> <span class='ocrx_word' id='word_1_147' title='bbox 1346 1391 1424 1461; x_wconf 90' lang='lat' dir='ltr'>qaod</span> <span class='ocrx_word' id='word_1_148' title='bbox 1442 1397 1489 1446; x_wconf 87' lang='lat' dir='ltr'>est</span> <span class='ocrx_word' id='word_1_149' title='bbox 1512 1395 1677 1450; x_wconf 91' lang='lat' dir='ltr'>seeundum</span> <span class='ocrx_word' id='word_1_150' title='bbox 1702 1399 1838 1469; x_wconf 84' lang='lat' dir='ltr'>corporis</span> 
     </span>
     <span class='ocr_line' id='line_1_13' title="bbox 106 1466 1838 1559; baseline 0.003 -27"><span class='ocrx_word' id='word_1_151' title='bbox 106 1479 192 1533; x_wconf 82' lang='lat' dir='ltr'>aetate</span> <span class='ocrx_word' id='word_1_152' title='bbox 208 1475 359 1543; x_wconf 89' lang='lat' dir='ltr'>robustos,</span> <span class='ocrx_word' id='word_1_153' title='bbox 376 1475 405 1528; x_wconf 89' lang='lat' dir='ltr'>et</span> <span class='ocrx_word' id='word_1_154' title='bbox 417 1466 649 1528; x_wconf 79' lang='lat' dir='ltr'>laudabiliorem</span> <span class='ocrx_word' id='word_1_155' title='bbox 665 1468 791 1526; x_wconf 77' lang='lat' dir='ltr'>iaciebat</span> <span class='ocrx_word' id='word_1_156' title='bbox 802 1485 880 1540; x_wconf 92' lang='lat' dir='ltr'>eum,</span> <span class='ocrx_word' id='word_1_157' title='bbox 892 1469 942 1540; x_wconf 92' lang='lat' dir='ltr'>qui</span> <span class='ocrx_word' id='word_1_158' title='bbox 1000 1476 1144 1542; x_wconf 90' lang='lat' dir='ltr'>naturam,</span> <span class='ocrx_word' id='word_1_159' title='bbox 1163 1475 1190 1528; x_wconf 93' lang='lat' dir='ltr'>id</span> <span class='ocrx_word' id='word_1_160' title='bbox 1207 1482 1458 1534; x_wconf 75' lang='lat' dir='ltr'>contionaturum</span> <span class='ocrx_word' id='word_1_161' title='bbox 1483 1485 1529 1536; x_wconf 87' lang='lat' dir='ltr'>cst</span> <span class='ocrx_word' id='word_1_162' title='bbox 1552 1484 1658 1540; x_wconf 80' lang='lat' dir='ltr'>animae</span> <span class='ocrx_word' id='word_1_163' title='bbox 1672 1502 1679 1556; x_wconf 81' lang='lat'>3</span> <span class='ocrx_word' id='word_1_164' title='bbox 1705 1489 1735 1544; x_wconf 89' lang='lat' dir='ltr'>et</span> <span class='ocrx_word' id='word_1_165' title='bbox 1757 1489 1838 1559; x_wconf 84' lang='lat' dir='ltr'>quod</span> 
     </span>
     <span class='ocr_line' id='line_1_14' title="bbox 104 1559 1837 1640; baseline 0.006 -18"><span class='ocrx_word' id='word_1_166' title='bbox 104 1564 264 1638; x_wconf 72' lang='lat' dir='ltr'>praeceptis</span> <span class='ocrx_word' id='word_1_167' title='bbox 281 1562 434 1618; x_wconf 72' lang='lat' dir='ltr'>obedisset</span> <span class='ocrx_word' id='word_1_168' title='bbox 450 1559 636 1616; x_wconf 86' lang='lat' dir='ltr'>emlestibus.</span> <span class='ocrx_word' id='word_1_169' title='bbox 1001 1562 1165 1617; x_wconf 88' lang='lat' dir='ltr'>seeundum</span> <span class='ocrx_word' id='word_1_170' title='bbox 1181 1568 1315 1620; x_wconf 88' lang='lat' dir='ltr'>naturam</span> <span class='ocrx_word' id='word_1_171' title='bbox 1335 1573 1382 1622; x_wconf 91' lang='lat' dir='ltr'>est</span> <span class='ocrx_word' id='word_1_172' title='bbox 1396 1570 1512 1640; x_wconf 77' lang='lat' dir='ltr'>animm,</span> <span class='ocrx_word' id='word_1_173' title='bbox 1538 1572 1566 1626; x_wconf 91' lang='lat' dir='ltr'>id</span> <span class='ocrx_word' id='word_1_174' title='bbox 1583 1578 1685 1629; x_wconf 87' lang='lat' dir='ltr'>centra</span> <span class='ocrx_word' id='word_1_175' title='bbox 1702 1581 1837 1634; x_wconf 88' lang='lat' dir='ltr'>naturam</span> 
     </span>
     <span class='ocr_line' id='line_1_15' title="bbox 144 1642 1838 1732; baseline 0.002 -22"><span class='ocrx_word' id='word_1_176' title='bbox 144 1647 430 1722; x_wconf 71' lang='lat' dir='ltr'>ldQuodsihoein</span> <span class='ocrx_word' id='word_1_177' title='bbox 448 1651 556 1723; x_wconf 74' lang='lat' dir='ltr'>exigam</span> <span class='ocrx_word' id='word_1_178' title='bbox 569 1642 941 1706; x_wconf 87' lang='lat' dir='ltr'>dolorcarbitranturcou·</span> <span class='ocrx_word' id='word_1_179' title='bbox 1000 1654 1046 1704; x_wconf 91' lang='lat' dir='ltr'>est</span> <span class='ocrx_word' id='word_1_180' title='bbox 1074 1654 1209 1722; x_wconf 88' lang='lat' dir='ltr'>corporis</span> <span class='ocrx_word' id='word_1_181' title='bbox 1239 1654 1315 1725; x_wconf 78' lang='lat' dir='ltr'>(l&#39;l);</span> <span class='ocrx_word' id='word_1_182' title='bbox 1342 1661 1373 1712; x_wconf 93' lang='lat' dir='ltr'>ut</span> <span class='ocrx_word' id='word_1_183' title='bbox 1400 1658 1427 1711; x_wconf 92' lang='lat' dir='ltr'>si</span> <span class='ocrx_word' id='word_1_184' title='bbox 1451 1659 1545 1714; x_wconf 89' lang='lat' dir='ltr'>dicam</span> <span class='ocrx_word' id='word_1_185' title='bbox 1568 1663 1646 1732; x_wconf 89' lang='lat' dir='ltr'>quod</span> <span class='ocrx_word' id='word_1_186' title='bbox 1672 1666 1838 1722; x_wconf 78' lang='lat' dir='ltr'>secundum</span> 
     </span>
     <span class='ocr_line' id='line_1_16' title="bbox 106 1736 1837 1826; baseline 0.006 -25"><span class='ocrx_word' id='word_1_187' title='bbox 106 1743 251 1801; x_wconf 76' lang='lat' dir='ltr'>sessionis</span> <span class='ocrx_word' id='word_1_188' title='bbox 266 1741 363 1797; x_wconf 81' lang='lat' dir='ltr'>fuisse</span> <span class='ocrx_word' id='word_1_189' title='bbox 378 1738 575 1809; x_wconf 85' lang='lat' dir='ltr'>obstaculum,</span> <span class='ocrx_word' id='word_1_190' title='bbox 592 1738 663 1811; x_wconf 90' lang='lat' dir='ltr'>quid</span> <span class='ocrx_word' id='word_1_191' title='bbox 678 1737 714 1792; x_wconf 89' lang='lat' dir='ltr'>de</span> <span class='ocrx_word' id='word_1_192' title='bbox 741 1738 880 1808; x_wconf 74' lang='lat' dir='ltr'>martyrio</span> <span class='ocrx_word' id='word_1_193' title='bbox 896 1736 942 1791; x_wconf 90' lang='lat' dir='ltr'>di·</span> <span class='ocrx_word' id='word_1_194' title='bbox 999 1742 1132 1794; x_wconf 80' lang='lat' dir='ltr'>natrrram</span> <span class='ocrx_word' id='word_1_195' title='bbox 1150 1745 1196 1796; x_wconf 90' lang='lat' dir='ltr'>est</span> <span class='ocrx_word' id='word_1_196' title='bbox 1207 1742 1330 1812; x_wconf 84' lang='lat' dir='ltr'>visibili,</span> <span class='ocrx_word' id='word_1_197' title='bbox 1353 1744 1381 1799; x_wconf 91' lang='lat' dir='ltr'>id</span> <span class='ocrx_word' id='word_1_198' title='bbox 1395 1750 1497 1801; x_wconf 90' lang='lat' dir='ltr'>contra</span> <span class='ocrx_word' id='word_1_199' title='bbox 1509 1753 1641 1805; x_wconf 91' lang='lat' dir='ltr'>naturam</span> <span class='ocrx_word' id='word_1_200' title='bbox 1654 1756 1700 1807; x_wconf 90' lang='lat' dir='ltr'>est</span> <span class='ocrx_word' id='word_1_201' title='bbox 1714 1754 1743 1808; x_wconf 92' lang='lat' dir='ltr'>ei</span> <span class='ocrx_word' id='word_1_202' title='bbox 1757 1756 1837 1826; x_wconf 91' lang='lat' dir='ltr'>quod</span> 
     </span>
     <span class='ocr_line' id='line_1_17' title="bbox 105 1826 1837 1941; baseline 0.006 -53"><span class='ocrx_word' id='word_1_203' title='bbox 105 1833 201 1888; x_wconf 79' lang='lat' dir='ltr'>cunt?</span> <span class='ocrx_word' id='word_1_204' title='bbox 217 1828 292 1886; x_wconf 91' lang='lat' dir='ltr'>Nam</span> <span class='ocrx_word' id='word_1_205' title='bbox 308 1831 334 1884; x_wconf 91' lang='lat' dir='ltr'>si</span> <span class='ocrx_word' id='word_1_206' title='bbox 359 1828 580 1900; x_wconf 88' lang='lat' dir='ltr'>reprehendunt</span> <span class='ocrx_word' id='word_1_207' title='bbox 605 1826 845 1882; x_wconf 85' lang='lat' dir='ltr'>circumcisionis</span> <span class='ocrx_word' id='word_1_208' title='bbox 861 1826 942 1880; x_wconf 90' lang='lat' dir='ltr'>dolo·</span> <span class='ocrx_word' id='word_1_209' title='bbox 959 1844 1056 1941; x_wconf 69' lang='lat' dir='ltr'>nnora</span> <span class='ocrx_word' id='word_1_210' title='bbox 1081 1826 1217 1898; x_wconf 80' lang='lat' dir='ltr'>videtur3</span> <span class='ocrx_word' id='word_1_211' title='bbox 1242 1834 1271 1885; x_wconf 92' lang='grc' dir='ltr'>θῖ</span> <span class='ocrx_word' id='word_1_212' title='bbox 1294 1833 1372 1903; x_wconf 91' lang='lat' dir='ltr'>quod</span> <span class='ocrx_word' id='word_1_213' title='bbox 1398 1836 1563 1891; x_wconf 88' lang='lat' dir='ltr'>seeundum</span> <span class='ocrx_word' id='word_1_214' title='bbox 1586 1843 1720 1895; x_wconf 89' lang='lat' dir='ltr'>naturam</span> <span class='ocrx_word' id='word_1_215' title='bbox 1737 1845 1783 1897; x_wconf 91' lang='lat' dir='ltr'>est</span> <span class='ocrx_word' id='word_1_216' title='bbox 1799 1843 1837 1916; x_wconf 87' lang='lat' dir='ltr'>ei,</span> 
     </span>
     <span class='ocr_line' id='line_1_18' title="bbox 104 1913 1852 1992; baseline 0.005 -14"><span class='ocrx_word' id='word_1_217' title='bbox 104 1938 180 1990; x_wconf 89' lang='lat' dir='ltr'>rem,</span> <span class='ocrx_word' id='word_1_218' title='bbox 200 1919 457 1991; x_wconf 87' lang='lat' dir='ltr'>reprehendantet</span> <span class='ocrx_word' id='word_1_219' title='bbox 477 1921 638 1992; x_wconf 73' lang='lat' dir='ltr'>martyrum</span> <span class='ocrx_word' id='word_1_220' title='bbox 654 1918 790 1986; x_wconf 89' lang='lat' dir='ltr'>mortem,</span> <span class='ocrx_word' id='word_1_221' title='bbox 803 1929 942 1987; x_wconf 90' lang='lat' dir='ltr'>perquos</span> <span class='ocrx_word' id='word_1_222' title='bbox 998 1913 1076 1988; x_wconf 91' lang='lat' dir='ltr'>quod</span> <span class='ocrx_word' id='word_1_223' title='bbox 1093 1934 1151 1973; x_wconf 90' lang='lat' dir='ltr'>aon</span> <span class='ocrx_word' id='word_1_224' title='bbox 1166 1919 1292 1987; x_wconf 82' lang='lat' dir='ltr'>videtur,</span> <span class='ocrx_word' id='word_1_225' title='bbox 1315 1921 1344 1975; x_wconf 91' lang='lat' dir='ltr'>id</span> <span class='ocrx_word' id='word_1_226' title='bbox 1366 1928 1468 1978; x_wconf 86' lang='lat' dir='ltr'>contra</span> <span class='ocrx_word' id='word_1_227' title='bbox 1495 1929 1696 1984; x_wconf 83' lang='lat' dir='ltr'>naturam&#39;est</span> <span class='ocrx_word' id='word_1_228' title='bbox 1711 1931 1852 1989; x_wconf 80' lang='lat' dir='ltr'>visibili..</span> 
     </span>
     <span class='ocr_line' id='line_1_19' title="bbox 105 1990 1838 2090; baseline 0.005 -23"><span class='ocrx_word' id='word_1_229' title='bbox 105 2010 264 2077; x_wconf 87' lang='lat' dir='ltr'>cumulata,</span> <span class='ocrx_word' id='word_1_230' title='bbox 277 2024 335 2063; x_wconf 91' lang='lat' dir='ltr'>noa</span> <span class='ocrx_word' id='word_1_231' title='bbox 351 2009 462 2062; x_wconf 91' lang='lat' dir='ltr'>minata</span> <span class='ocrx_word' id='word_1_232' title='bbox 476 2007 582 2083; x_wconf 71' lang='lat' dir='ltr'>religio</span> <span class='ocrx_word' id='word_1_233' title='bbox 599 2009 654 2061; x_wconf 89' lang='lat' dir='ltr'>est.</span> <span class='ocrx_word' id='word_1_234' title='bbox 671 2003 702 2060; x_wconf 91' lang='lat' dir='ltr'>ln</span> <span class='ocrx_word' id='word_1_235' title='bbox 719 2009 830 2059; x_wconf 89' lang='lat' dir='ltr'>lantum</span> <span class='ocrx_word' id='word_1_236' title='bbox 845 2007 941 2059; x_wconf 90' lang='lat' dir='ltr'>autem</span> <span class='ocrx_word' id='word_1_237' title='bbox 998 2005 1079 2061; x_wconf 91' lang='lat' dir='ltr'>Nihil</span> <span class='ocrx_word' id='word_1_238' title='bbox 1095 2022 1168 2079; x_wconf 82' lang='lat' dir='ltr'>ergo</span> <span class='ocrx_word' id='word_1_239' title='bbox 1193 2008 1390 2080; x_wconf 82' lang='lat' dir='ltr'>incongruum</span> <span class='ocrx_word' id='word_1_240' title='bbox 1415 2013 1443 2066; x_wconf 90' lang='lat' dir='ltr'>in</span> <span class='ocrx_word' id='word_1_241' title='bbox 1460 1990 1635 2071; x_wconf 76' lang='lat' dir='ltr'>hominibus¹</span> <span class='ocrx_word' id='word_1_242' title='bbox 1655 2017 1708 2073; x_wconf 86' lang='lat' dir='ltr'>Dei</span> <span class='ocrx_word' id='word_1_243' title='bbox 1725 2019 1792 2090; x_wconf 88' lang='lat'>(18),</span> <span class='ocrx_word' id='word_1_244' title='bbox 1810 2021 1838 2076; x_wconf 88' lang='lat' dir='ltr'>si</span> 
     </span>
     <span class='ocr_line' id='line_1_20' title="bbox 104 2094 1837 2178; baseline 0.003 -20"><span class='ocrx_word' id='word_1_245' title='bbox 104 2103 193 2158; x_wconf 87' lang='lat' dir='ltr'>abest</span> <span class='ocrx_word' id='word_1_246' title='bbox 217 2099 360 2156; x_wconf 86' lang='lat' dir='ltr'>nocuisse</span> <span class='ocrx_word' id='word_1_247' title='bbox 385 2095 454 2151; x_wconf 86' lang='lat' dir='ltr'>fidei</span> <span class='ocrx_word' id='word_1_248' title='bbox 477 2094 716 2150; x_wconf 86' lang='lat' dir='ltr'>circumcisionis</span> <span class='ocrx_word' id='word_1_249' title='bbox 739 2094 884 2161; x_wconf 89' lang='lat' dir='ltr'>dolorem,</span> <span class='ocrx_word' id='word_1_250' title='bbox 911 2094 943 2147; x_wconf 88' lang='lat' dir='ltr'>ut</span> <span class='ocrx_word' id='word_1_251' title='bbox 998 2096 1068 2150; x_wconf 89' lang='lat' dir='ltr'>liant</span> <span class='ocrx_word' id='word_1_252' title='bbox 1082 2097 1178 2168; x_wconf 90' lang='lat' dir='ltr'>aliquo</span> <span class='ocrx_word' id='word_1_253' title='bbox 1195 2102 1296 2152; x_wconf 89' lang='lat' dir='ltr'>contra</span> <span class='ocrx_word' id='word_1_254' title='bbox 1315 2101 1447 2155; x_wconf 90' lang='lat' dir='ltr'>naturam</span> <span class='ocrx_word' id='word_1_255' title='bbox 1469 2105 1605 2174; x_wconf 89' lang='lat' dir='ltr'>eorporis</span> <span class='ocrx_word' id='word_1_256' title='bbox 1629 2121 1696 2178; x_wconf 82' lang='lat' dir='ltr'>quae</span> <span class='ocrx_word' id='word_1_257' title='bbox 1712 2107 1771 2163; x_wconf 91' lang='lat' dir='ltr'>siat</span> <span class='ocrx_word' id='word_1_258' title='bbox 1787 2125 1837 2165; x_wconf 91' lang='lat' dir='ltr'>se-</span> 
     </span>
     <span class='ocr_line' id='line_1_21' title="bbox 104 2180 1412 2262; baseline -0.002 -17"><span class='ocrx_word' id='word_1_259' title='bbox 104 2184 339 2262; x_wconf 89' lang='lat' dir='ltr'>probabiliorem</span> <span class='ocrx_word' id='word_1_260' title='bbox 354 2186 442 2241; x_wconf 88' lang='lat' dir='ltr'>tidem</span> <span class='ocrx_word' id='word_1_261' title='bbox 456 2184 544 2240; x_wconf 82' lang='lat' dir='ltr'>iaciat</span> <span class='ocrx_word' id='word_1_262' title='bbox 559 2180 660 2254; x_wconf 81' lang='lat' dir='ltr'>dolor3</span> <span class='ocrx_word' id='word_1_263' title='bbox 677 2183 773 2261; x_wconf 77' lang='lat' dir='ltr'>major</span> <span class='ocrx_word' id='word_1_264' title='bbox 784 2183 863 2237; x_wconf 88' lang='lat' dir='ltr'>enim</span> <span class='ocrx_word' id='word_1_265' title='bbox 874 2181 942 2237; x_wconf 88' lang='lat' dir='ltr'>ildei</span> <span class='ocrx_word' id='word_1_266' title='bbox 998 2185 1126 2239; x_wconf 91' lang='lat' dir='ltr'>cundum</span> <span class='ocrx_word' id='word_1_267' title='bbox 1141 2186 1248 2240; x_wconf 88' lang='lat' dir='ltr'>animae</span> <span class='ocrx_word' id='word_1_268' title='bbox 1264 2191 1412 2243; x_wconf 88' lang='lat' dir='ltr'>naturam.</span> 
     </span>
     <span class='ocr_line' id='line_1_22' title="bbox 104 2268 1836 2355; baseline 0.005 -22"><span class='ocrx_word' id='word_1_269' title='bbox 104 2281 213 2352; x_wconf 77' lang='lat' dir='ltr'>gratia,</span> <span class='ocrx_word' id='word_1_270' title='bbox 230 2277 339 2349; x_wconf 89' lang='lat' dir='ltr'>siquis</span> <span class='ocrx_word' id='word_1_271' title='bbox 363 2290 417 2347; x_wconf 94' lang='lat' dir='ltr'>pro</span> <span class='ocrx_word' id='word_1_272' title='bbox 440 2272 586 2355; x_wconf 66' lang='lat' dir='ltr'>religione</span> <span class='ocrx_word' id='word_1_273' title='bbox 602 2274 771 2328; x_wconf 87' lang='lat' dir='ltr'>contemnat</span> <span class='ocrx_word' id='word_1_274' title='bbox 787 2268 940 2327; x_wconf 88' lang='lat' dir='ltr'>dolorem:</span> <span class='ocrx_word' id='word_1_275' title='bbox 1033 2273 1077 2328; x_wconf 85' lang='lat'>18.</span> <span class='ocrx_word' id='word_1_276' title='bbox 1092 2274 1148 2341; x_wconf 86' lang='lat' dir='ltr'>Qui</span> <span class='ocrx_word' id='word_1_277' title='bbox 1163 2279 1261 2330; x_wconf 89' lang='lat' dir='ltr'>autem</span> <span class='ocrx_word' id='word_1_278' title='bbox 1286 2276 1387 2332; x_wconf 90' lang='lat' dir='ltr'>dicunt</span> <span class='ocrx_word' id='word_1_279' title='bbox 1412 2281 1551 2349; x_wconf 89' lang='lat' dir='ltr'>quoniam</span> <span class='ocrx_word' id='word_1_280' title='bbox 1566 2281 1668 2353; x_wconf 91' lang='lat' dir='ltr'>plures</span> <span class='ocrx_word' id='word_1_281' title='bbox 1694 2285 1836 2341; x_wconf 89' lang='lat' dir='ltr'>credidis·</span> 
     </span>
     <span class='ocr_line' id='line_1_23' title="bbox 104 2359 1834 2447; baseline 0.003 -23"><span class='ocrx_word' id='word_1_282' title='bbox 104 2373 135 2425; x_wconf 83' lang='grc' dir='ltr'>οῖ</span> <span class='ocrx_word' id='word_1_283' title='bbox 150 2369 199 2423; x_wconf 93' lang='lat' dir='ltr'>bic</span> <span class='ocrx_word' id='word_1_284' title='bbox 214 2367 312 2438; x_wconf 77' lang='lat' dir='ltr'>magis</span> <span class='ocrx_word' id='word_1_285' title='bbox 336 2364 425 2419; x_wconf 87' lang='lat' dir='ltr'>babet</span> <span class='ocrx_word' id='word_1_286' title='bbox 448 2363 603 2436; x_wconf 87' lang='lat' dir='ltr'>praeinium</span> <span class='ocrx_word' id='word_1_287' title='bbox 626 2375 714 2447; x_wconf 80' lang='lat' dir='ltr'>quana</span> <span class='ocrx_word' id='word_1_288' title='bbox 739 2359 788 2415; x_wconf 90' lang='lat' dir='ltr'>ille</span> <span class='ocrx_word' id='word_1_289' title='bbox 809 2361 857 2431; x_wconf 91' lang='lat' dir='ltr'>qui</span> <span class='ocrx_word' id='word_1_290' title='bbox 875 2361 942 2415; x_wconf 89' lang='lat' dir='ltr'>ideo</span> <span class='ocrx_word' id='word_1_291' title='bbox 997 2366 1073 2432; x_wconf 89' lang='lat' dir='ltr'>sent,</span> <span class='ocrx_word' id='word_1_292' title='bbox 1091 2364 1117 2418; x_wconf 92' lang='lat' dir='ltr'>si</span> <span class='ocrx_word' id='word_1_293' title='bbox 1133 2364 1321 2419; x_wconf 82' lang='lat' dir='ltr'>circumcisio</span> <span class='ocrx_word' id='word_1_294' title='bbox 1338 2381 1396 2420; x_wconf 92' lang='lat' dir='ltr'>noa</span> <span class='ocrx_word' id='word_1_295' title='bbox 1413 2367 1531 2437; x_wconf 86' lang='lat' dir='ltr'>luisset,</span> <span class='ocrx_word' id='word_1_296' title='bbox 1549 2370 1570 2424; x_wconf 93' lang='lat' dir='ltr'>ii</span> <span class='ocrx_word' id='word_1_297' title='bbox 1585 2371 1643 2426; x_wconf 93' lang='lat' dir='ltr'>sibi</span> <span class='ocrx_word' id='word_1_298' title='bbox 1655 2388 1834 2443; x_wconf 90' lang='lat' dir='ltr'>responsum</span> 
     </span>
     <span class='ocr_line' id='line_1_24' title="bbox 105 2447 1833 2531; baseline 0.003 -18"><span class='ocrx_word' id='word_1_299' title='bbox 105 2457 239 2513; x_wconf 87' lang='lat' dir='ltr'>dolorem</span> <span class='ocrx_word' id='word_1_300' title='bbox 263 2453 356 2511; x_wconf 82' lang='lat' dir='ltr'>voluit</span> <span class='ocrx_word' id='word_1_301' title='bbox 372 2452 610 2509; x_wconf 87' lang='lat' dir='ltr'>circumcisionis</span> <span class='ocrx_word' id='word_1_302' title='bbox 634 2450 736 2506; x_wconf 89' lang='lat' dir='ltr'>subire</span> <span class='ocrx_word' id='word_1_303' title='bbox 756 2453 787 2504; x_wconf 88' lang='lat' dir='ltr'>ut</span> <span class='ocrx_word' id='word_1_304' title='bbox 802 2447 943 2522; x_wconf 79' lang='lat' dir='ltr'>gloriare·</span> <span class='ocrx_word' id='word_1_305' title='bbox 998 2452 1054 2507; x_wconf 91' lang='lat' dir='ltr'>boc</span> <span class='ocrx_word' id='word_1_306' title='bbox 1069 2452 1205 2523; x_wconf 87' lang='lat' dir='ltr'>habeant,</span> <span class='ocrx_word' id='word_1_307' title='bbox 1229 2454 1366 2524; x_wconf 90' lang='lat' dir='ltr'>quoniam</span> <span class='ocrx_word' id='word_1_308' title='bbox 1391 2455 1494 2526; x_wconf 91' lang='lat' dir='ltr'>plures</span> <span class='ocrx_word' id='word_1_309' title='bbox 1517 2459 1683 2531; x_wconf 86' lang='lat' dir='ltr'>crederent,</span> <span class='ocrx_word' id='word_1_310' title='bbox 1710 2464 1738 2517; x_wconf 93' lang='lat' dir='ltr'>si</span> <span class='ocrx_word' id='word_1_311' title='bbox 1752 2479 1833 2519; x_wconf 92' lang='lat' dir='ltr'>mar-</span> 
     </span>
     <span class='ocr_line' id='line_1_25' title="bbox 104 2536 1832 2618; baseline 0.004 -16"><span class='ocrx_word' id='word_1_312' title='bbox 104 2550 154 2603; x_wconf 90' lang='lat' dir='ltr'>tur</span> <span class='ocrx_word' id='word_1_313' title='bbox 168 2548 198 2600; x_wconf 91' lang='lat' dir='ltr'>ia</span> <span class='ocrx_word' id='word_1_314' title='bbox 212 2543 289 2618; x_wconf 79' lang='lat' dir='ltr'>lege,</span> <span class='ocrx_word' id='word_1_315' title='bbox 308 2547 336 2598; x_wconf 89' lang='lat' dir='ltr'>et</span> <span class='ocrx_word' id='word_1_316' title='bbox 350 2541 467 2597; x_wconf 89' lang='lat' dir='ltr'>laudem</span> <span class='ocrx_word' id='word_1_317' title='bbox 483 2557 520 2596; x_wconf 83' lang='lat' dir='ltr'>ex</span> <span class='ocrx_word' id='word_1_318' title='bbox 545 2536 716 2595; x_wconf 83' lang='lat' dir='ltr'>hominibus</span> <span class='ocrx_word' id='word_1_319' title='bbox 740 2539 837 2611; x_wconf 81' lang='lat' dir='ltr'>magis</span> <span class='ocrx_word' id='word_1_320' title='bbox 853 2551 942 2610; x_wconf 92' lang='lat' dir='ltr'>quam</span> <span class='ocrx_word' id='word_1_321' title='bbox 996 2543 1070 2613; x_wconf 80' lang='lat' dir='ltr'>tyria</span> <span class='ocrx_word' id='word_1_322' title='bbox 1086 2557 1145 2597; x_wconf 92' lang='lat' dir='ltr'>noa</span> <span class='ocrx_word' id='word_1_323' title='bbox 1169 2542 1315 2598; x_wconf 86' lang='lat' dir='ltr'>tuissent:</span> <span class='ocrx_word' id='word_1_324' title='bbox 1340 2545 1393 2599; x_wconf 89' lang='lat' dir='ltr'>sed</span> <span class='ocrx_word' id='word_1_325' title='bbox 1411 2550 1600 2616; x_wconf 86' lang='lat' dir='ltr'>praestantior</span> <span class='ocrx_word' id='word_1_326' title='bbox 1624 2554 1670 2604; x_wconf 90' lang='lat' dir='ltr'>est</span> <span class='ocrx_word' id='word_1_327' title='bbox 1692 2550 1832 2610; x_wconf 81' lang='lat' dir='ltr'>fortitudo</span> 
     </span>
     <span class='ocr_line' id='line_1_26' title="bbox 104 2634 1833 2706; baseline 0.003 -14"><span class='ocrx_word' id='word_1_328' title='bbox 104 2635 168 2692; x_wconf 89' lang='lat' dir='ltr'>Deo</span> <span class='ocrx_word' id='word_1_329' title='bbox 185 2637 342 2706; x_wconf 86' lang='lat' dir='ltr'>quaereret.</span> <span class='ocrx_word' id='word_1_330' title='bbox 996 2647 1168 2703; x_wconf 88' lang='lat' dir='ltr'>paucorum,</span> <span class='ocrx_word' id='word_1_331' title='bbox 1186 2647 1272 2703; x_wconf 92' lang='lat' dir='ltr'>quam</span> <span class='ocrx_word' id='word_1_332' title='bbox 1295 2634 1434 2689; x_wconf 87' lang='lat' dir='ltr'>remissio</span> <span class='ocrx_word' id='word_1_333' title='bbox 1459 2637 1662 2706; x_wconf 84' lang='lat' dir='ltr'>plurimorum.</span> <span class='ocrx_word' id='word_1_334' title='bbox 1684 2639 1766 2696; x_wconf 91' lang='lat' dir='ltr'>Sicut</span> <span class='ocrx_word' id='word_1_335' title='bbox 1782 2659 1833 2698; x_wconf 92' lang='lat' dir='ltr'>au·</span> 
     </span>
     <span class='ocr_line' id='line_1_27' title="bbox 143 2715 1831 2803; baseline 0.004 -24"><span class='ocrx_word' id='word_1_336' title='bbox 143 2726 187 2779; x_wconf 83' lang='lat'>15.</span> <span class='ocrx_word' id='word_1_337' title='bbox 199 2722 333 2795; x_wconf 91' lang='lat' dir='ltr'>Oportuit</span> <span class='ocrx_word' id='word_1_338' title='bbox 353 2721 443 2793; x_wconf 67' lang='lat' dir='ltr'>igitur</span> <span class='ocrx_word' id='word_1_339' title='bbox 455 2719 713 2776; x_wconf 85' lang='lat' dir='ltr'>circumcisionem</span> <span class='ocrx_word' id='word_1_340' title='bbox 734 2733 771 2772; x_wconf 86' lang='lat' dir='ltr'>ex</span> <span class='ocrx_word' id='word_1_341' title='bbox 783 2719 864 2788; x_wconf 89' lang='lat' dir='ltr'>parte</span> <span class='ocrx_word' id='word_1_342' title='bbox 876 2715 940 2771; x_wconf 86' lang='lat' dir='ltr'>lieri</span> <span class='ocrx_word' id='word_1_343' title='bbox 997 2723 1055 2774; x_wconf 90' lang='lat' dir='ltr'>tem</span> <span class='ocrx_word' id='word_1_344' title='bbox 1071 2718 1196 2791; x_wconf 87' lang='lat' dir='ltr'>plurima</span> <span class='ocrx_word' id='word_1_345' title='bbox 1214 2720 1423 2792; x_wconf 88' lang='lat' dir='ltr'>baptismatum</span> <span class='ocrx_word' id='word_1_346' title='bbox 1440 2741 1550 2797; x_wconf 78' lang='lat' dir='ltr'>genera</span> <span class='ocrx_word' id='word_1_347' title='bbox 1576 2729 1735 2797; x_wconf 88' lang='lat' dir='ltr'>praemissa</span> <span class='ocrx_word' id='word_1_348' title='bbox 1751 2735 1831 2803; x_wconf 81' lang='lat' dir='ltr'>strat,</span> 
     </span>
     <span class='ocr_line' id='line_1_28' title="bbox 106 2804 1831 2890; baseline 0.004 -21"><span class='ocrx_word' id='word_1_349' title='bbox 106 2816 174 2870; x_wconf 91' lang='lat' dir='ltr'>ante</span> <span class='ocrx_word' id='word_1_350' title='bbox 189 2811 256 2884; x_wconf 69' lang='lat' dir='ltr'>eius</span> <span class='ocrx_word' id='word_1_351' title='bbox 277 2813 444 2877; x_wconf 87' lang='lat' dir='ltr'>advectum,</span> <span class='ocrx_word' id='word_1_352' title='bbox 469 2809 627 2882; x_wconf 89' lang='lat' dir='ltr'>quitatum</span> <span class='ocrx_word' id='word_1_353' title='bbox 652 2806 877 2864; x_wconf 89' lang='lat' dir='ltr'>circumcideret</span> <span class='ocrx_word' id='word_1_354' title='bbox 892 2805 942 2860; x_wconf 92' lang='lat' dir='ltr'>bo·</span> <span class='ocrx_word' id='word_1_355' title='bbox 997 2804 1076 2881; x_wconf 85' lang='lat' dir='ltr'>quia,</span> <span class='ocrx_word' id='word_1_356' title='bbox 1096 2812 1266 2864; x_wconf 91' lang='lat' dir='ltr'>secuturum</span> <span class='ocrx_word' id='word_1_357' title='bbox 1288 2814 1350 2866; x_wconf 92' lang='lat' dir='ltr'>erat</span> <span class='ocrx_word' id='word_1_358' title='bbox 1365 2829 1468 2867; x_wconf 82' lang='lat' dir='ltr'>verarm</span> <span class='ocrx_word' id='word_1_359' title='bbox 1483 2815 1554 2870; x_wconf 93' lang='lat' dir='ltr'>illud</span> <span class='ocrx_word' id='word_1_360' title='bbox 1570 2833 1661 2872; x_wconf 90' lang='lat' dir='ltr'>unum</span> <span class='ocrx_word' id='word_1_361' title='bbox 1677 2819 1708 2873; x_wconf 89' lang='lat' dir='ltr'>ia</span> <span class='ocrx_word' id='word_1_362' title='bbox 1723 2820 1831 2890; x_wconf 90' lang='lat' dir='ltr'>spiritu</span> 
     </span>
     <span class='ocr_line' id='line_1_29' title="bbox 105 2896 1831 2977; baseline 0.003 -19"><span class='ocrx_word' id='word_1_363' title='bbox 105 2905 235 2973; x_wconf 81' lang='lat' dir='ltr'>minem3</span> <span class='ocrx_word' id='word_1_364' title='bbox 253 2917 291 2957; x_wconf 84' lang='lat' dir='ltr'>ex</span> <span class='ocrx_word' id='word_1_365' title='bbox 305 2903 387 2974; x_wconf 87' lang='lat' dir='ltr'>parte</span> <span class='ocrx_word' id='word_1_366' title='bbox 404 2901 481 2955; x_wconf 88' lang='lat' dir='ltr'>enim</span> <span class='ocrx_word' id='word_1_367' title='bbox 497 2897 597 2954; x_wconf 86' lang='lat' dir='ltr'>debuit</span> <span class='ocrx_word' id='word_1_368' title='bbox 617 2913 796 2953; x_wconf 87' lang='lat' dir='ltr'>assuescere</span> <span class='ocrx_word' id='word_1_369' title='bbox 812 2896 940 2950; x_wconf 88' lang='lat' dir='ltr'>humana</span> <span class='ocrx_word' id='word_1_370' title='bbox 997 2902 1026 2953; x_wconf 91' lang='grc' dir='ltr'>θῖ</span> <span class='ocrx_word' id='word_1_371' title='bbox 1041 2915 1115 2970; x_wconf 90' lang='lat' dir='ltr'>aqua</span> <span class='ocrx_word' id='word_1_372' title='bbox 1132 2902 1348 2955; x_wconf 87' lang='lat' dir='ltr'>sacramentum</span> <span class='ocrx_word' id='word_1_373' title='bbox 1374 2902 1570 2973; x_wconf 83' lang='lat' dir='ltr'>baptismatis,</span> <span class='ocrx_word' id='word_1_374' title='bbox 1596 2922 1653 2977; x_wconf 90' lang='lat' dir='ltr'>quo</span> <span class='ocrx_word' id='word_1_375' title='bbox 1678 2910 1758 2962; x_wconf 91' lang='lat' dir='ltr'>totus</span> <span class='ocrx_word' id='word_1_376' title='bbox 1781 2925 1831 2964; x_wconf 86' lang='grc' dir='ltr'>ιθ-</span> 
     </span>
     <span class='ocr_line' id='line_1_30' title="bbox 105 2985 1832 3068; baseline 0.003 -21"><span class='ocrx_word' id='word_1_377' title='bbox 105 2992 248 3062; x_wconf 86' lang='lat' dir='ltr'>conditio,</span> <span class='ocrx_word' id='word_1_378' title='bbox 261 2987 509 3063; x_wconf 89' lang='lat' dir='ltr'>quemadmodum</span> <span class='ocrx_word' id='word_1_379' title='bbox 520 2990 548 3044; x_wconf 93' lang='lat' dir='ltr'>in</span> <span class='ocrx_word' id='word_1_380' title='bbox 561 2987 599 3058; x_wconf 90' lang='lat' dir='ltr'>id,</span> <span class='ocrx_word' id='word_1_381' title='bbox 613 2985 691 3060; x_wconf 89' lang='lat' dir='ltr'>quod</span> <span class='ocrx_word' id='word_1_382' title='bbox 707 2987 870 3058; x_wconf 81' lang='lat' dir='ltr'>perlectum</span> <span class='ocrx_word' id='word_1_383' title='bbox 882 2987 938 3053; x_wconf 89' lang='lat' dir='ltr'>est,</span> <span class='ocrx_word' id='word_1_384' title='bbox 998 2987 1117 3043; x_wconf 90' lang='lat' dir='ltr'>dimitur</span> <span class='ocrx_word' id='word_1_385' title='bbox 1140 2988 1248 3043; x_wconf 90' lang='lat' dir='ltr'>homo:</span> <span class='ocrx_word' id='word_1_386' title='bbox 1275 2989 1314 3043; x_wconf 92' lang='lat' dir='ltr'>ita</span> <span class='ocrx_word' id='word_1_387' title='bbox 1338 2989 1532 3061; x_wconf 91' lang='lat' dir='ltr'>plurimorum</span> <span class='ocrx_word' id='word_1_388' title='bbox 1549 2994 1740 3051; x_wconf 89' lang='lat' dir='ltr'>circumcisio</span> <span class='ocrx_word' id='word_1_389' title='bbox 1756 3014 1832 3068; x_wconf 86' lang='lat' dir='ltr'>prae·</span> 
     </span>
     <span class='ocr_line' id='line_1_31' title="bbox 105 3074 1825 3150; baseline 0.002 -12"><span class='ocrx_word' id='word_1_390' title='bbox 105 3082 288 3138; x_wconf 88' lang='lat' dir='ltr'>crederetur.</span> <span class='ocrx_word' id='word_1_391' title='bbox 310 3080 342 3136; x_wconf 86' lang='lat' dir='ltr'>Si</span> <span class='ocrx_word' id='word_1_392' title='bbox 361 3083 459 3134; x_wconf 88' lang='lat' dir='ltr'>autem</span> <span class='ocrx_word' id='word_1_393' title='bbox 479 3078 608 3150; x_wconf 91' lang='lat' dir='ltr'>oportuit</span> <span class='ocrx_word' id='word_1_394' title='bbox 633 3074 815 3146; x_wconf 89' lang='lat' dir='ltr'>circumcidi,</span> <span class='ocrx_word' id='word_1_395' title='bbox 837 3076 866 3129; x_wconf 91' lang='lat' dir='ltr'>ia</span> <span class='ocrx_word' id='word_1_396' title='bbox 883 3089 940 3146; x_wconf 93' lang='lat' dir='ltr'>qua</span> <span class='ocrx_word' id='word_1_397' title='bbox 996 3078 1136 3132; x_wconf 90' lang='lat' dir='ltr'>mittenda</span> <span class='ocrx_word' id='word_1_398' title='bbox 1148 3076 1286 3147; x_wconf 74' lang='lat' dir='ltr'>luittlll);</span> <span class='ocrx_word' id='word_1_399' title='bbox 1311 3079 1380 3150; x_wconf 91' lang='lat' dir='ltr'>quia</span> <span class='ocrx_word' id='word_1_400' title='bbox 1404 3085 1543 3136; x_wconf 88' lang='lat' dir='ltr'>secutura</span> <span class='ocrx_word' id='word_1_401' title='bbox 1559 3088 1622 3140; x_wconf 91' lang='lat' dir='ltr'>erat</span> <span class='ocrx_word' id='word_1_402' title='bbox 1636 3085 1825 3142; x_wconf 91' lang='lat' dir='ltr'>circumcisio</span> 
     </span>
     <span class='ocr_line' id='line_1_32' title="bbox 104 3164 1830 3246; baseline 0.001 -18"><span class='ocrx_word' id='word_1_403' title='bbox 104 3172 299 3245; x_wconf 79' lang='lat' dir='ltr'>magisparle</span> <span class='ocrx_word' id='word_1_404' title='bbox 319 3168 518 3225; x_wconf 88' lang='lat' dir='ltr'>membrorum</span> <span class='ocrx_word' id='word_1_405' title='bbox 538 3167 667 3239; x_wconf 90' lang='lat' dir='ltr'>oportuit</span> <span class='ocrx_word' id='word_1_406' title='bbox 681 3164 940 3221; x_wconf 82' lang='lat' dir='ltr'>circumcisionem</span> <span class='ocrx_word' id='word_1_407' title='bbox 997 3166 1158 3221; x_wconf 86' lang='lat' dir='ltr'>Dominicoe</span> <span class='ocrx_word' id='word_1_408' title='bbox 1182 3168 1344 3237; x_wconf 84' lang='lat' dir='ltr'>passionis,</span> <span class='ocrx_word' id='word_1_409' title='bbox 1368 3184 1456 3240; x_wconf 89' lang='lat' dir='ltr'>qaam</span> <span class='ocrx_word' id='word_1_410' title='bbox 1482 3172 1601 3240; x_wconf 83' lang='lat' dir='ltr'>pertulit</span> <span class='ocrx_word' id='word_1_411' title='bbox 1629 3173 1720 3227; x_wconf 86' lang='lat' dir='ltr'>desua</span> <span class='ocrx_word' id='word_1_412' title='bbox 1743 3177 1830 3246; x_wconf 90' lang='lat' dir='ltr'>quasi</span> 
     </span>
     <span class='ocr_line' id='line_1_33' title="bbox 105 3224 1774 3335; baseline 0.001 -19"><span class='ocrx_word' id='word_1_413' title='bbox 105 3260 172 3317; x_wconf 86' lang='lat' dir='ltr'>tleri</span> <span class='ocrx_word' id='word_1_414' title='bbox 188 3272 276 3333; x_wconf 91' lang='lat' dir='ltr'>quam</span> <span class='ocrx_word' id='word_1_415' title='bbox 292 3260 321 3314; x_wconf 92' lang='lat' dir='ltr'>ia</span> <span class='ocrx_word' id='word_1_416' title='bbox 345 3274 380 3314; x_wconf 90' lang='lat' dir='ltr'>ea</span> <span class='ocrx_word' id='word_1_417' title='bbox 395 3272 461 3330; x_wconf 77' lang='lat' dir='ltr'>quae</span> <span class='ocrx_word' id='word_1_418' title='bbox 487 3254 665 3330; x_wconf 89' lang='lat' dir='ltr'>quibusdam</span> <span class='ocrx_word' id='word_1_419' title='bbox 680 3252 798 3310; x_wconf 87' lang='lat' dir='ltr'>videtur</span> <span class='ocrx_word' id='word_1_420' title='bbox 813 3253 940 3308; x_wconf 89' lang='lat' dir='ltr'>inhoae-</span> <span class='ocrx_word' id='word_1_421' title='bbox 955 3224 983 3294; x_wconf 69' lang='lat' dir='ltr'>c</span> <span class='ocrx_word' id='word_1_422' title='bbox 996 3256 1101 3328; x_wconf 80' lang='lat' dir='ltr'>Agnus</span> <span class='ocrx_word' id='word_1_423' title='bbox 1114 3256 1176 3324; x_wconf 90' lang='lat' dir='ltr'>Dei,</span> <span class='ocrx_word' id='word_1_424' title='bbox 1187 3261 1217 3311; x_wconf 90' lang='lat' dir='ltr'>ut</span> <span class='ocrx_word' id='word_1_425' title='bbox 1229 3256 1342 3311; x_wconf 88' lang='lat' dir='ltr'>tolleret</span> <span class='ocrx_word' id='word_1_426' title='bbox 1352 3262 1471 3327; x_wconf 90' lang='lat' dir='ltr'>peccata</span> <span class='ocrx_word' id='word_1_427' title='bbox 1482 3260 1582 3314; x_wconf 89' lang='lat' dir='ltr'>mundi</span> <span class='ocrx_word' id='word_1_428' title='bbox 1597 3260 1708 3333; x_wconf 76' lang='lat' dir='ltr'>(donna,</span> <span class='ocrx_word' id='word_1_429' title='bbox 1718 3261 1774 3335; x_wconf 71' lang='lat'>29).</span> 
     </span>
     <span class='ocr_line' id='line_1_34' title="bbox 105 3338 1834 3424; baseline 0.001 -18"><span class='ocrx_word' id='word_1_430' title='bbox 105 3352 204 3407; x_wconf 82' lang='lat' dir='ltr'>stiorl</span> <span class='ocrx_word' id='word_1_431' title='bbox 223 3371 234 3399; x_wconf 81' lang='grc' dir='ltr'>ι</span> <span class='ocrx_word' id='word_1_432' title='bbox 254 3349 291 3404; x_wconf 90' lang='lat' dir='ltr'>Ut</span> <span class='ocrx_word' id='word_1_433' title='bbox 306 3349 343 3404; x_wconf 92' lang='lat' dir='ltr'>iis</span> <span class='ocrx_word' id='word_1_434' title='bbox 374 3360 441 3420; x_wconf 80' lang='lat' dir='ltr'>quas</span> <span class='ocrx_word' id='word_1_435' title='bbox 469 3348 642 3417; x_wconf 89' lang='lat' dir='ltr'>putarentur</span> <span class='ocrx_word' id='word_1_436' title='bbox 666 3338 844 3418; x_wconf 81' lang='lat' dir='ltr'>ignobiliora</span> <span class='ocrx_word' id='word_1_437' title='bbox 870 3356 940 3397; x_wconf 88' lang='lat' dir='ltr'>esse</span> <span class='ocrx_word' id='word_1_438' title='bbox 1031 3343 1076 3399; x_wconf 78' lang='lat' dir='ltr'>to.</span> <span class='ocrx_word' id='word_1_439' title='bbox 1095 3345 1166 3400; x_wconf 75' lang='lat' dir='ltr'>ilaec</span> <span class='ocrx_word' id='word_1_440' title='bbox 1185 3343 1250 3400; x_wconf 90' lang='lat' dir='ltr'>ideo</span> <span class='ocrx_word' id='word_1_441' title='bbox 1266 3346 1453 3417; x_wconf 89' lang='lat' dir='ltr'>scripsimus,</span> <span class='ocrx_word' id='word_1_442' title='bbox 1471 3353 1502 3403; x_wconf 92' lang='lat' dir='ltr'>ut</span> <span class='ocrx_word' id='word_1_443' title='bbox 1517 3350 1745 3407; x_wconf 85' lang='lat' dir='ltr'>ostenderemus</span> <span class='ocrx_word' id='word_1_444' title='bbox 1760 3353 1834 3424; x_wconf 73' lang='lat' dir='ltr'>qaia,</span> 
     </span>
     <span class='ocr_line' id='line_1_35' title="bbox 105 3433 1830 3510; baseline 0.001 -15"><span class='ocrx_word' id='word_1_445' title='bbox 105 3433 940 3509; x_wconf 86' lang='lat' dir='ltr'>membracorporisnostri,honestatemabundaatiorem</span> <span class='ocrx_word' id='word_1_446' title='bbox 996 3436 1026 3490; x_wconf 90' lang='lat' dir='ltr'>et</span> <span class='ocrx_word' id='word_1_447' title='bbox 1040 3434 1140 3489; x_wconf 89' lang='lat' dir='ltr'>debuit</span> <span class='ocrx_word' id='word_1_448' title='bbox 1160 3435 1296 3505; x_wconf 73' lang='lat' dir='ltr'>praemitti</span> <span class='ocrx_word' id='word_1_449' title='bbox 1321 3437 1519 3507; x_wconf 87' lang='lat' dir='ltr'>circumcisio,</span> <span class='ocrx_word' id='word_1_450' title='bbox 1538 3455 1605 3510; x_wconf 81' lang='lat' dir='ltr'>quaa</span> <span class='ocrx_word' id='word_1_451' title='bbox 1627 3439 1701 3496; x_wconf 84' lang='lat' dir='ltr'>loris</span> <span class='ocrx_word' id='word_1_452' title='bbox 1725 3445 1781 3510; x_wconf 91' lang='lat' dir='ltr'>est,</span> <span class='ocrx_word' id='word_1_453' title='bbox 1798 3446 1830 3497; x_wconf 93' lang='lat' dir='ltr'>ut</span> 
     </span>
     <span class='ocr_line' id='line_1_36' title="bbox 106 3521 1830 3601; baseline 0.002 -17"><span class='ocrx_word' id='word_1_454' title='bbox 106 3528 343 3585; x_wconf 87' lang='lat' dir='ltr'>circumdarent:</span> <span class='ocrx_word' id='word_1_455' title='bbox 370 3528 398 3582; x_wconf 91' lang='lat' dir='ltr'>et</span> <span class='ocrx_word' id='word_1_456' title='bbox 420 3542 486 3598; x_wconf 80' lang='lat' dir='ltr'>quaa</span> <span class='ocrx_word' id='word_1_457' title='bbox 503 3525 658 3580; x_wconf 81' lang='lat' dir='ltr'>inhonesta</span> <span class='ocrx_word' id='word_1_458' title='bbox 674 3528 744 3578; x_wconf 87' lang='lat' dir='ltr'>suat</span> <span class='ocrx_word' id='word_1_459' title='bbox 758 3526 871 3590; x_wconf 86' lang='lat' dir='ltr'>nostra,</span> <span class='ocrx_word' id='word_1_460' title='bbox 888 3521 941 3575; x_wconf 93' lang='lat' dir='ltr'>ho·</span> <span class='ocrx_word' id='word_1_461' title='bbox 997 3527 1025 3580; x_wconf 94' lang='lat' dir='ltr'>et</span> <span class='ocrx_word' id='word_1_462' title='bbox 1048 3540 1082 3579; x_wconf 94' lang='lat' dir='ltr'>ea</span> <span class='ocrx_word' id='word_1_463' title='bbox 1107 3523 1169 3595; x_wconf 82' lang='lat' dir='ltr'>jam</span> <span class='ocrx_word' id='word_1_464' title='bbox 1194 3528 1262 3595; x_wconf 88' lang='lat' dir='ltr'>post</span> <span class='ocrx_word' id='word_1_465' title='bbox 1283 3526 1439 3580; x_wconf 91' lang='lat' dir='ltr'>adventum</span> <span class='ocrx_word' id='word_1_466' title='bbox 1466 3527 1581 3583; x_wconf 79' lang='lat' dir='ltr'>bomini</span> <span class='ocrx_word' id='word_1_467' title='bbox 1602 3529 1671 3601; x_wconf 74' lang='lat' dir='ltr'>J‘ure</span> <span class='ocrx_word' id='word_1_468' title='bbox 1693 3531 1830 3587; x_wconf 90' lang='lat' dir='ltr'>videatur</span> 
     </span>
     <span class='ocr_line' id='line_1_37' title="bbox 105 3610 1827 3693; baseline 0.002 -21"><span class='ocrx_word' id='word_1_469' title='bbox 105 3619 252 3673; x_wconf 82' lang='lat' dir='ltr'>aestatem</span> <span class='ocrx_word' id='word_1_470' title='bbox 262 3615 505 3670; x_wconf 88' lang='lat' dir='ltr'>abundantiorem</span> <span class='ocrx_word' id='word_1_471' title='bbox 525 3613 670 3669; x_wconf 85' lang='lat' dir='ltr'>haberent</span> <span class='ocrx_word' id='word_1_472' title='bbox 687 3613 715 3684; x_wconf 90' lang='lat'>(1</span> <span class='ocrx_word' id='word_1_473' title='bbox 722 3612 790 3668; x_wconf 83' lang='lat' dir='ltr'>Gor.</span> <span class='ocrx_word' id='word_1_474' title='bbox 798 3611 938 3679; x_wconf 67' lang='lat' dir='ltr'>xrqibl»</span> <span class='ocrx_word' id='word_1_475' title='bbox 997 3614 1130 3669; x_wconf 82' lang='lat' dir='ltr'>exclusa.</span> <span class='ocrx_word' id='word_1_476' title='bbox 1147 3613 1233 3668; x_wconf 89' lang='lat' dir='ltr'>Nunc</span> <span class='ocrx_word' id='word_1_477' title='bbox 1252 3617 1349 3669; x_wconf 89' lang='lat' dir='ltr'>autem</span> <span class='ocrx_word' id='word_1_478' title='bbox 1372 3616 1560 3672; x_wconf 85' lang='lat' dir='ltr'>circumcisio</span> <span class='ocrx_word' id='word_1_479' title='bbox 1579 3610 1628 3673; x_wconf 75' lang='lat' dir='ltr'>est</span> <span class='ocrx_word' id='word_1_480' title='bbox 1644 3622 1827 3693; x_wconf 85' lang='lat' dir='ltr'>neccssaria,</span> 
     </span>
     <span class='ocr_line' id='line_1_38' title="bbox 106 3700 1828 3782; baseline 0.001 -20"><span class='ocrx_word' id='word_1_481' title='bbox 106 3705 165 3762; x_wconf 90' lang='lat' dir='ltr'>Ubi</span> <span class='ocrx_word' id='word_1_482' title='bbox 177 3706 255 3760; x_wconf 88' lang='lat' dir='ltr'>enim</span> <span class='ocrx_word' id='word_1_483' title='bbox 266 3705 363 3777; x_wconf 76' lang='lat' dir='ltr'>magis</span> <span class='ocrx_word' id='word_1_484' title='bbox 374 3703 587 3777; x_wconf 83' lang='lat' dir='ltr'>virsanguiuis</span> <span class='ocrx_word' id='word_1_485' title='bbox 599 3703 647 3758; x_wconf 90' lang='lat' dir='ltr'>sui</span> <span class='ocrx_word' id='word_1_486' title='bbox 665 3700 816 3757; x_wconf 88' lang='lat' dir='ltr'>admoueri</span> <span class='ocrx_word' id='word_1_487' title='bbox 827 3700 939 3768; x_wconf 87' lang='lat' dir='ltr'>debuit,</span> <span class='ocrx_word' id='word_1_488' title='bbox 996 3719 1063 3774; x_wconf 70' lang='lat' dir='ltr'>quse</span> <span class='ocrx_word' id='word_1_489' title='bbox 1078 3703 1107 3757; x_wconf 92' lang='lat' dir='ltr'>in</span> <span class='ocrx_word' id='word_1_490' title='bbox 1123 3703 1238 3757; x_wconf 91' lang='lat' dir='ltr'>occulto</span> <span class='ocrx_word' id='word_1_491' title='bbox 1248 3707 1304 3771; x_wconf 92' lang='lat' dir='ltr'>est,</span> <span class='ocrx_word' id='word_1_492' title='bbox 1324 3704 1401 3758; x_wconf 86' lang='lat' dir='ltr'>sicut</span> <span class='ocrx_word' id='word_1_493' title='bbox 1421 3704 1545 3761; x_wconf 71' lang='lat' dir='ltr'>iudaeus</span> <span class='ocrx_word' id='word_1_494' title='bbox 1561 3709 1760 3780; x_wconf 69' lang='lat' dir='ltr'>prestantior,</span> <span class='ocrx_word' id='word_1_495' title='bbox 1777 3711 1828 3782; x_wconf 94' lang='lat' dir='ltr'>qui</span> 
     </span>
     <span class='ocr_line' id='line_1_39' title="bbox 107 3789 1830 3870; baseline 0.002 -19"><span class='ocrx_word' id='word_1_496' title='bbox 107 3810 196 3868; x_wconf 88' lang='lat' dir='ltr'>quam</span> <span class='ocrx_word' id='word_1_497' title='bbox 210 3795 239 3849; x_wconf 90' lang='lat' dir='ltr'>in</span> <span class='ocrx_word' id='word_1_498' title='bbox 250 3810 284 3849; x_wconf 89' lang='lat' dir='ltr'>ea</span> <span class='ocrx_word' id='word_1_499' title='bbox 301 3797 383 3866; x_wconf 88' lang='lat' dir='ltr'>parte</span> <span class='ocrx_word' id='word_1_500' title='bbox 394 3810 462 3866; x_wconf 85' lang='lat' dir='ltr'>qum</span> <span class='ocrx_word' id='word_1_501' title='bbox 473 3793 671 3849; x_wconf 90' lang='lat' dir='ltr'>ministerium</span> <span class='ocrx_word' id='word_1_502' title='bbox 686 3792 780 3846; x_wconf 84' lang='lat' dir='ltr'>errori</span> <span class='ocrx_word' id='word_1_503' title='bbox 796 3790 940 3845; x_wconf 74' lang='lat' dir='ltr'>exhibet?</span> <span class='ocrx_word' id='word_1_504' title='bbox 997 3793 1026 3846; x_wconf 92' lang='lat' dir='ltr'>in</span> <span class='ocrx_word' id='word_1_505' title='bbox 1042 3789 1168 3859; x_wconf 89' lang='lat' dir='ltr'>occulto,</span> <span class='ocrx_word' id='word_1_506' title='bbox 1194 3791 1225 3847; x_wconf 91' lang='lat' dir='ltr'>iu</span> <span class='ocrx_word' id='word_1_507' title='bbox 1241 3793 1357 3863; x_wconf 87' lang='lat' dir='ltr'>spiritu,</span> <span class='ocrx_word' id='word_1_508' title='bbox 1381 3809 1440 3850; x_wconf 91' lang='lat' dir='ltr'>non</span> <span class='ocrx_word' id='word_1_509' title='bbox 1464 3796 1581 3867; x_wconf 78' lang='lat' dir='ltr'>littera3</span> <span class='ocrx_word' id='word_1_510' title='bbox 1606 3800 1746 3870; x_wconf 90' lang='lat' dir='ltr'>quoniam</span> <span class='ocrx_word' id='word_1_511' title='bbox 1763 3816 1830 3856; x_wconf 90' lang='lat' dir='ltr'>cum</span> 
     </span>
     <span class='ocr_line' id='line_1_40' title="bbox 143 3878 1830 3961; baseline 0.003 -21"><span class='ocrx_word' id='word_1_512' title='bbox 143 3884 187 3940; x_wconf 83' lang='lat' dir='ltr'>ta.</span> <span class='ocrx_word' id='word_1_513' title='bbox 207 3884 292 3940; x_wconf 88' lang='lat' dir='ltr'>Nunc</span> <span class='ocrx_word' id='word_1_514' title='bbox 307 3886 424 3954; x_wconf 91' lang='lat' dir='ltr'>tempus</span> <span class='ocrx_word' id='word_1_515' title='bbox 449 3886 505 3951; x_wconf 88' lang='lat' dir='ltr'>est,</span> <span class='ocrx_word' id='word_1_516' title='bbox 521 3885 552 3938; x_wconf 93' lang='lat' dir='ltr'>ut</span> <span class='ocrx_word' id='word_1_517' title='bbox 577 3880 680 3937; x_wconf 82' lang='lat' dir='ltr'>stillis</span> <span class='ocrx_word' id='word_1_518' title='bbox 705 3878 941 3951; x_wconf 88' lang='lat' dir='ltr'>respondeamus</span> <span class='ocrx_word' id='word_1_519' title='bbox 996 3881 1100 3936; x_wconf 91' lang='lat' dir='ltr'>sintin</span> <span class='ocrx_word' id='word_1_520' title='bbox 1123 3896 1183 3935; x_wconf 89' lang='lat' dir='ltr'>uno</span> <span class='ocrx_word' id='word_1_521' title='bbox 1208 3879 1327 3937; x_wconf 89' lang='lat' dir='ltr'>homine</span> <span class='ocrx_word' id='word_1_522' title='bbox 1347 3883 1405 3938; x_wconf 92' lang='lat' dir='ltr'>duo</span> <span class='ocrx_word' id='word_1_523' title='bbox 1427 3883 1575 3954; x_wconf 87' lang='lat' dir='ltr'>homines,</span> <span class='ocrx_word' id='word_1_524' title='bbox 1601 3887 1637 3942; x_wconf 96' lang='lat' dir='ltr'>de</span> <span class='ocrx_word' id='word_1_525' title='bbox 1661 3889 1772 3961; x_wconf 90' lang='lat' dir='ltr'>quibus</span> <span class='ocrx_word' id='word_1_526' title='bbox 1787 3890 1830 3945; x_wconf 93' lang='lat' dir='ltr'>di·</span> 
     </span>
     <span class='ocr_line' id='line_1_41' title="bbox 107 3968 1827 4047; baseline 0.003 -19"><span class='ocrx_word' id='word_1_527' title='bbox 107 3976 158 4047; x_wconf 94' lang='lat' dir='ltr'>qui</span> <span class='ocrx_word' id='word_1_528' title='bbox 174 3974 285 4043; x_wconf 88' lang='lat' dir='ltr'>dicuat,</span> <span class='ocrx_word' id='word_1_529' title='bbox 302 3973 329 4028; x_wconf 93' lang='lat' dir='ltr'>si</span> <span class='ocrx_word' id='word_1_530' title='bbox 351 3989 385 4028; x_wconf 90' lang='lat' dir='ltr'>oa</span> <span class='ocrx_word' id='word_1_531' title='bbox 409 3987 478 4042; x_wconf 93' lang='lat' dir='ltr'>pars</span> <span class='ocrx_word' id='word_1_532' title='bbox 503 3973 637 4042; x_wconf 86' lang='lat' dir='ltr'>corporis</span> <span class='ocrx_word' id='word_1_533' title='bbox 657 3971 752 4026; x_wconf 89' lang='lat' dir='ltr'>nostri</span> <span class='ocrx_word' id='word_1_534' title='bbox 776 3968 941 4025; x_wconf 90' lang='lat' dir='ltr'>secundum</span> <span class='ocrx_word' id='word_1_535' title='bbox 997 3974 1075 4025; x_wconf 88' lang='lat' dir='ltr'>etum</span> <span class='ocrx_word' id='word_1_536' title='bbox 1091 3973 1154 4025; x_wconf 91' lang='lat' dir='ltr'>est:</span> <span class='ocrx_word' id='word_1_537' title='bbox 1186 3993 1197 4017; x_wconf 72' lang='grc' dir='ltr'>ιι</span> <span class='ocrx_word' id='word_1_538' title='bbox 1220 3970 1295 4024; x_wconf 84' lang='lat' dir='ltr'>Etsi</span> <span class='ocrx_word' id='word_1_539' title='bbox 1319 3972 1412 4045; x_wconf 88' lang='lat' dir='ltr'>isqui</span> <span class='ocrx_word' id='word_1_540' title='bbox 1439 3973 1512 4029; x_wconf 88' lang='lat' dir='ltr'>ioris</span> <span class='ocrx_word' id='word_1_541' title='bbox 1537 3979 1593 4047; x_wconf 83' lang='lat' dir='ltr'>est,</span> <span class='ocrx_word' id='word_1_542' title='bbox 1620 3977 1709 4033; x_wconf 92' lang='lat' dir='ltr'>homo</span> <span class='ocrx_word' id='word_1_543' title='bbox 1723 3982 1827 4034; x_wconf 91' lang='lat' dir='ltr'>noster</span> 
     </span>
     <span class='ocr_line' id='line_1_42' title="bbox 106 4059 1830 4140; baseline 0.004 -23"><span class='ocrx_word' id='word_1_544' title='bbox 106 4066 240 4118; x_wconf 86' lang='lat' dir='ltr'>naturam</span> <span class='ocrx_word' id='word_1_545' title='bbox 251 4066 306 4132; x_wconf 91' lang='lat' dir='ltr'>est,</span> <span class='ocrx_word' id='word_1_546' title='bbox 319 4077 577 4133; x_wconf 90' lang='lat' dir='ltr'>nequaquameam</span> <span class='ocrx_word' id='word_1_547' title='bbox 589 4061 732 4132; x_wconf 90' lang='lat' dir='ltr'>amputari</span> <span class='ocrx_word' id='word_1_548' title='bbox 750 4059 938 4130; x_wconf 90' lang='lat' dir='ltr'>oportuisse:</span> <span class='ocrx_word' id='word_1_549' title='bbox 997 4060 1195 4130; x_wconf 88' lang='lat' dir='ltr'>corrumpitur</span> <span class='ocrx_word' id='word_1_550' title='bbox 1209 4060 1373 4115; x_wconf 89' lang='lat' dir='ltr'>secundum</span> <span class='ocrx_word' id='word_1_551' title='bbox 1398 4063 1545 4119; x_wconf 86' lang='lat' dir='ltr'>desideria</span> <span class='ocrx_word' id='word_1_552' title='bbox 1570 4067 1692 4138; x_wconf 89' lang='lat' dir='ltr'>erroris,</span> <span class='ocrx_word' id='word_1_553' title='bbox 1708 4069 1762 4123; x_wconf 88' lang='lat' dir='ltr'>sed</span> <span class='ocrx_word' id='word_1_554' title='bbox 1779 4070 1830 4140; x_wconf 90' lang='lat' dir='ltr'>qui</span> 
     </span>
     <span class='ocr_line' id='line_1_43' title="bbox 106 4147 1827 4227; baseline 0 -20"><span class='ocrx_word' id='word_1_555' title='bbox 106 4154 131 4207; x_wconf 92' lang='lat' dir='ltr'>si</span> <span class='ocrx_word' id='word_1_556' title='bbox 143 4168 203 4207; x_wconf 91' lang='lat' dir='ltr'>non</span> <span class='ocrx_word' id='word_1_557' title='bbox 221 4156 267 4207; x_wconf 86' lang='lat' dir='ltr'>est</span> <span class='ocrx_word' id='word_1_558' title='bbox 278 4151 441 4206; x_wconf 89' lang='lat' dir='ltr'>seeundum</span> <span class='ocrx_word' id='word_1_559' title='bbox 458 4153 601 4220; x_wconf 85' lang='lat' dir='ltr'>naturam,</span> <span class='ocrx_word' id='word_1_560' title='bbox 620 4163 678 4205; x_wconf 89' lang='lat' dir='ltr'>noa</span> <span class='ocrx_word' id='word_1_561' title='bbox 694 4149 836 4204; x_wconf 89' lang='lat' dir='ltr'>debuisse</span> <span class='ocrx_word' id='word_1_562' title='bbox 852 4147 940 4202; x_wconf 88' lang='lat' dir='ltr'>simul</span> <span class='ocrx_word' id='word_1_563' title='bbox 996 4150 1076 4205; x_wconf 92' lang='lat' dir='ltr'>intus</span> <span class='ocrx_word' id='word_1_564' title='bbox 1087 4152 1143 4219; x_wconf 87' lang='lat' dir='ltr'>est,</span> <span class='ocrx_word' id='word_1_565' title='bbox 1155 4150 1358 4206; x_wconf 76' lang='lat' dir='ltr'>renovatur-de</span> <span class='ocrx_word' id='word_1_566' title='bbox 1369 4152 1416 4207; x_wconf 92' lang='lat' dir='ltr'>die</span> <span class='ocrx_word' id='word_1_567' title='bbox 1428 4152 1456 4206; x_wconf 91' lang='lat' dir='ltr'>in</span> <span class='ocrx_word' id='word_1_568' title='bbox 1467 4154 1545 4209; x_wconf 92' lang='lat' dir='ltr'>diem</span> <span class='ocrx_word' id='word_1_569' title='bbox 1555 4155 1598 4223; x_wconf 89' lang='lat' dir='ltr'>(II</span> <span class='ocrx_word' id='word_1_570' title='bbox 1608 4156 1676 4211; x_wconf 85' lang='lat' dir='ltr'>Cor.</span> <span class='ocrx_word' id='word_1_571' title='bbox 1688 4157 1800 4227; x_wconf 78' lang='grc' dir='ltr'>ιι,16);</span> <span class='ocrx_word' id='word_1_572' title='bbox 1816 4177 1827 4207; x_wconf 78' lang='grc' dir='ltr'>ι</span> 
     </span>
     <span class='ocr_line' id='line_1_44' title="bbox 107 4235 1829 4315; baseline 0.001 -19"><span class='ocrx_word' id='word_1_573' title='bbox 107 4241 202 4297; x_wconf 90' lang='lat' dir='ltr'>nasei.</span> <span class='ocrx_word' id='word_1_574' title='bbox 218 4240 274 4306; x_wconf 88' lang='lat' dir='ltr'>Qui</span> <span class='ocrx_word' id='word_1_575' title='bbox 289 4241 428 4311; x_wconf 87' lang='lat' dir='ltr'>quoniam</span> <span class='ocrx_word' id='word_1_576' title='bbox 444 4245 501 4294; x_wconf 90' lang='lat' dir='ltr'>tam</span> <span class='ocrx_word' id='word_1_577' title='bbox 526 4238 625 4312; x_wconf 80' lang='lat' dir='ltr'>arguti</span> <span class='ocrx_word' id='word_1_578' title='bbox 640 4242 719 4308; x_wconf 86' lang='lat' dir='ltr'>sunt,</span> <span class='ocrx_word' id='word_1_579' title='bbox 743 4241 772 4293; x_wconf 91' lang='lat' dir='ltr'>et</span> <span class='ocrx_word' id='word_1_580' title='bbox 795 4236 854 4308; x_wconf 92' lang='lat' dir='ltr'>ipsi</span> <span class='ocrx_word' id='word_1_581' title='bbox 870 4235 942 4290; x_wconf 88' lang='lat' dir='ltr'>mihi</span> <span class='ocrx_word' id='word_1_582' title='bbox 995 4242 1025 4293; x_wconf 90' lang='lat' dir='ltr'>ct</span> <span class='ocrx_word' id='word_1_583' title='bbox 1049 4238 1134 4293; x_wconf 90' lang='lat' dir='ltr'>alibi:</span> <span class='ocrx_word' id='word_1_584' title='bbox 1162 4258 1173 4289; x_wconf 72' lang='grc' dir='ltr'>ι</span> <span class='ocrx_word' id='word_1_585' title='bbox 1197 4237 1394 4295; x_wconf 90' lang='lat' dir='ltr'>Condeloetor</span> <span class='ocrx_word' id='word_1_586' title='bbox 1416 4242 1495 4296; x_wconf 91' lang='lat' dir='ltr'>enim</span> <span class='ocrx_word' id='word_1_587' title='bbox 1519 4244 1579 4315; x_wconf 82' lang='lat' dir='ltr'>legi</span> <span class='ocrx_word' id='word_1_588' title='bbox 1595 4245 1646 4299; x_wconf 89' lang='lat' dir='ltr'>Dei</span> <span class='ocrx_word' id='word_1_589' title='bbox 1664 4244 1829 4299; x_wconf 90' lang='lat' dir='ltr'>seeundum</span> 
     </span>
     <span class='ocr_line' id='line_1_45' title="bbox 106 4324 1831 4401; baseline 0.001 -16"><span class='ocrx_word' id='word_1_590' title='bbox 106 4330 317 4401; x_wconf 82' lang='lat' dir='ltr'>respondeant,</span> <span class='ocrx_word' id='word_1_591' title='bbox 335 4331 432 4384; x_wconf 88' lang='lat' dir='ltr'>utrum</span> <span class='ocrx_word' id='word_1_592' title='bbox 449 4329 614 4383; x_wconf 89' lang='lat' dir='ltr'>secundum</span> <span class='ocrx_word' id='word_1_593' title='bbox 635 4332 768 4383; x_wconf 90' lang='lat' dir='ltr'>naturam</span> <span class='ocrx_word' id='word_1_594' title='bbox 784 4324 941 4381; x_wconf 88' lang='lat' dir='ltr'>successio</span> <span class='ocrx_word' id='word_1_595' title='bbox 997 4328 1166 4383; x_wconf 90' lang='lat' dir='ltr'>interiorem</span> <span class='ocrx_word' id='word_1_596' title='bbox 1186 4327 1333 4382; x_wconf 90' lang='lat' dir='ltr'>homiaem</span> <span class='ocrx_word' id='word_1_597' title='bbox 1352 4329 1445 4397; x_wconf 86' lang='lat' dir='ltr'>(ilem.</span> <span class='ocrx_word' id='word_1_598' title='bbox 1463 4348 1513 4401; x_wconf 86' lang='lat' dir='ltr'>vu,</span> <span class='ocrx_word' id='word_1_599' title='bbox 1534 4333 1599 4401; x_wconf 73' lang='lat'>2⁰2);</span> <span class='ocrx_word' id='word_1_600' title='bbox 1618 4352 1629 4381; x_wconf 83' lang='lat'><strong>»</strong></span> <span class='ocrx_word' id='word_1_601' title='bbox 1647 4333 1769 4387; x_wconf 90' lang='lat' dir='ltr'>interior</span> <span class='ocrx_word' id='word_1_602' title='bbox 1784 4335 1831 4387; x_wconf 89' lang='grc' dir='ltr'>θεῖ</span> 
     </span>
     <span class='ocr_line' id='line_1_46' title="bbox 106 4415 1830 4491; baseline 0.001 -16"><span class='ocrx_word' id='word_1_603' title='bbox 106 4420 235 4475; x_wconf 82' lang='grc' dir='ltr'>ῖιιιιιιθιιθ</span> <span class='ocrx_word' id='word_1_604' title='bbox 251 4420 300 4486; x_wconf 87' lang='lat' dir='ltr'>sit,</span> <span class='ocrx_word' id='word_1_605' title='bbox 311 4435 377 4491; x_wconf 89' lang='lat' dir='ltr'>quae</span> <span class='ocrx_word' id='word_1_606' title='bbox 392 4416 634 4490; x_wconf 77' lang='lat' dir='ltr'>generationibus</span> <span class='ocrx_word' id='word_1_607' title='bbox 650 4415 803 4472; x_wconf 89' lang='lat' dir='ltr'>adolescit.</span> <span class='ocrx_word' id='word_1_608' title='bbox 822 4431 858 4468; x_wconf 92' lang='lat' dir='ltr'>an</span> <span class='ocrx_word' id='word_1_609' title='bbox 875 4429 944 4468; x_wconf 91' lang='lat' dir='ltr'>eon·</span> <span class='ocrx_word' id='word_1_610' title='bbox 996 4416 1084 4472; x_wconf 91' lang='lat' dir='ltr'>homo</span> <span class='ocrx_word' id='word_1_611' title='bbox 1097 4420 1208 4483; x_wconf 88' lang='lat' dir='ltr'>noster,</span> <span class='ocrx_word' id='word_1_612' title='bbox 1222 4417 1271 4487; x_wconf 92' lang='lat' dir='ltr'>qai</span> <span class='ocrx_word' id='word_1_613' title='bbox 1282 4418 1372 4472; x_wconf 87' lang='lat' dir='ltr'>estad</span> <span class='ocrx_word' id='word_1_614' title='bbox 1389 4420 1547 4489; x_wconf 84' lang='lat' dir='ltr'>imaginem</span> <span class='ocrx_word' id='word_1_615' title='bbox 1559 4425 1588 4474; x_wconf 92' lang='lat' dir='ltr'>et</span> <span class='ocrx_word' id='word_1_616' title='bbox 1607 4420 1830 4476; x_wconf 88' lang='lat' dir='ltr'>similitudinem</span> 
     </span>
     <span class='ocr_line' id='line_1_47' title="bbox 106 4504 1830 4580; baseline 0.001 -16"><span class='ocrx_word' id='word_1_617' title='bbox 106 4514 151 4565; x_wconf 90' lang='lat' dir='ltr'>tra</span> <span class='ocrx_word' id='word_1_618' title='bbox 166 4508 321 4579; x_wconf 69' lang='lat' dir='ltr'>snaturam.</span> <span class='ocrx_word' id='word_1_619' title='bbox 347 4507 377 4561; x_wconf 90' lang='lat' dir='ltr'>Si</span> <span class='ocrx_word' id='word_1_620' title='bbox 403 4507 480 4561; x_wconf 83' lang='lat' dir='ltr'>enirn</span> <span class='ocrx_word' id='word_1_621' title='bbox 506 4507 669 4561; x_wconf 88' lang='lat' dir='ltr'>secundum</span> <span class='ocrx_word' id='word_1_622' title='bbox 694 4509 838 4573; x_wconf 80' lang='lat' dir='ltr'>natirram,</span> <span class='ocrx_word' id='word_1_623' title='bbox 868 4521 942 4558; x_wconf 85' lang='grc' dir='ltr'>ιιιιιι·</span> <span class='ocrx_word' id='word_1_624' title='bbox 997 4507 1048 4561; x_wconf 89' lang='lat' dir='ltr'>Dei</span> <span class='ocrx_word' id='word_1_625' title='bbox 1065 4506 1160 4561; x_wconf 89' lang='lat' dir='ltr'>iactus</span> <span class='ocrx_word' id='word_1_626' title='bbox 1176 4504 1259 4565; x_wconf 85' lang='lat' dir='ltr'>(Gen.</span> <span class='ocrx_word' id='word_1_627' title='bbox 1277 4523 1295 4575; x_wconf 85' lang='grc' dir='ltr'>ι,</span> <span class='ocrx_word' id='word_1_628' title='bbox 1316 4506 1353 4576; x_wconf 76' lang='lat'>⁶2),</span> <span class='ocrx_word' id='word_1_629' title='bbox 1372 4509 1502 4562; x_wconf 88' lang='lat' dir='ltr'>exterior</span> <span class='ocrx_word' id='word_1_630' title='bbox 1523 4509 1582 4580; x_wconf 88' lang='lat' dir='ltr'>qai&#39;</span> <span class='ocrx_word' id='word_1_631' title='bbox 1599 4509 1745 4579; x_wconf 79' lang='lat' dir='ltr'>figuratus</span> <span class='ocrx_word' id='word_1_632' title='bbox 1761 4525 1777 4566; x_wconf 93' lang='lat' dir='ltr'>e</span> <span class='ocrx_word' id='word_1_633' title='bbox 1792 4510 1830 4565; x_wconf 92' lang='lat' dir='ltr'>li-</span> 
     </span>
     <span class='ocr_line' id='line_1_48' title="bbox 103 4590 1830 4671; baseline -0.002 -18"><span class='ocrx_word' id='word_1_634' title='bbox 103 4613 196 4671; x_wconf 90' lang='lat' dir='ltr'>quam</span> <span class='ocrx_word' id='word_1_635' title='bbox 213 4596 302 4669; x_wconf 84' lang='lat' dir='ltr'>igitur</span> <span class='ocrx_word' id='word_1_636' title='bbox 326 4596 545 4651; x_wconf 88' lang='lat' dir='ltr'>intermittenda</span> <span class='ocrx_word' id='word_1_637' title='bbox 561 4599 626 4651; x_wconf 90' lang='lat' dir='ltr'>est:</span> <span class='ocrx_word' id='word_1_638' title='bbox 649 4600 677 4650; x_wconf 91' lang='lat' dir='ltr'>et</span> <span class='ocrx_word' id='word_1_639' title='bbox 702 4594 849 4666; x_wconf 92' lang='lat' dir='ltr'>quomodo</span> <span class='ocrx_word' id='word_1_640' title='bbox 863 4595 940 4648; x_wconf 91' lang='lat' dir='ltr'>iate-</span> <span class='ocrx_word' id='word_1_641' title='bbox 959 4590 1044 4654; x_wconf 86' lang='lat' dir='ltr'>Dmo</span> <span class='ocrx_word' id='word_1_642' title='bbox 1065 4595 1151 4666; x_wconf 86' lang='lat' dir='ltr'>(Gen.</span> <span class='ocrx_word' id='word_1_643' title='bbox 1179 4613 1208 4664; x_wconf 88' lang='grc' dir='ltr'>ιι,</span> <span class='ocrx_word' id='word_1_644' title='bbox 1234 4593 1272 4663; x_wconf 88' lang='grc'>7).</span> <span class='ocrx_word' id='word_1_645' title='bbox 1294 4595 1347 4649; x_wconf 90' lang='lat' dir='ltr'>Sic</span> <span class='ocrx_word' id='word_1_646' title='bbox 1372 4595 1499 4668; x_wconf 90' lang='lat' dir='ltr'>denique</span> <span class='ocrx_word' id='word_1_647' title='bbox 1522 4600 1550 4652; x_wconf 92' lang='lat' dir='ltr'>et</span> <span class='ocrx_word' id='word_1_648' title='bbox 1572 4597 1600 4651; x_wconf 91' lang='lat' dir='ltr'>ia</span> <span class='ocrx_word' id='word_1_649' title='bbox 1623 4598 1733 4653; x_wconf 88' lang='lat' dir='ltr'>Genesi</span> <span class='ocrx_word' id='word_1_650' title='bbox 1755 4599 1830 4654; x_wconf 83' lang='lat' dir='ltr'>duas</span> 
     </span>
     <span class='ocr_line' id='line_1_49' title="bbox 104 4683 1830 4764; baseline 0.002 -23"><span class='ocrx_word' id='word_1_651' title='bbox 104 4688 203 4760; x_wconf 78' lang='lat' dir='ltr'>gritas</span> <span class='ocrx_word' id='word_1_652' title='bbox 218 4687 360 4755; x_wconf 82' lang='lat' dir='ltr'>virorum,</span> <span class='ocrx_word' id='word_1_653' title='bbox 384 4686 541 4764; x_wconf 79' lang='lat' dir='ltr'>virginitas</span> <span class='ocrx_word' id='word_1_654' title='bbox 564 4684 737 4755; x_wconf 85' lang='lat' dir='ltr'>puellarum,</span> <span class='ocrx_word' id='word_1_655' title='bbox 763 4683 942 4738; x_wconf 88' lang='lat' dir='ltr'>abstinentia</span> <span class='ocrx_word' id='word_1_656' title='bbox 996 4685 1049 4740; x_wconf 92' lang='lat' dir='ltr'>tibi</span> <span class='ocrx_word' id='word_1_657' title='bbox 1064 4687 1215 4738; x_wconf 88' lang='lat' dir='ltr'>creaturas</span> <span class='ocrx_word' id='word_1_658' title='bbox 1231 4683 1359 4739; x_wconf 90' lang='lat' dir='ltr'>hominis</span> <span class='ocrx_word' id='word_1_659' title='bbox 1369 4686 1507 4756; x_wconf 90' lang='lat' dir='ltr'>ostendit,</span> <span class='ocrx_word' id='word_1_660' title='bbox 1520 4686 1683 4742; x_wconf 88' lang='lat' dir='ltr'>secundum</span> <span class='ocrx_word' id='word_1_661' title='bbox 1699 4693 1830 4745; x_wconf 89' lang='lat' dir='ltr'>creatum</span> 
     </span>
     <span class='ocr_line' id='line_1_50' title="bbox 103 4772 1348 4847; baseline -0.003 -18"><span class='ocrx_word' id='word_1_662' title='bbox 103 4777 275 4846; x_wconf 80' lang='lat' dir='ltr'>viduarum,</span> <span class='ocrx_word' id='word_1_663' title='bbox 288 4776 466 4830; x_wconf 88' lang='lat' dir='ltr'>continentia</span> <span class='ocrx_word' id='word_1_664' title='bbox 479 4774 640 4847; x_wconf 74' lang='lat' dir='ltr'>conjugum</span> <span class='ocrx_word' id='word_1_665' title='bbox 651 4773 863 4844; x_wconf 69' lang='lat' dir='ltr'>predicatum?</span> <span class='ocrx_word' id='word_1_666' title='bbox 874 4773 898 4826; x_wconf 91' lang='lat' dir='ltr'>N</span> <span class='ocrx_word' id='word_1_667' title='bbox 903 4773 943 4827; x_wconf 93' lang='lat' dir='ltr'>ul·</span> <span class='ocrx_word' id='word_1_668' title='bbox 997 4773 1146 4829; x_wconf 91' lang='lat' dir='ltr'>hominem</span> <span class='ocrx_word' id='word_1_669' title='bbox 1162 4772 1348 4844; x_wconf 76' lang='lat' dir='ltr'>significans.</span> 
     </span>
     <span class='ocr_line' id='line_1_51' title="bbox 101 4861 1833 4938; baseline 0.002 -18"><span class='ocrx_word' id='word_1_670' title='bbox 101 4865 168 4920; x_wconf 89' lang='lat' dir='ltr'>lum</span> <span class='ocrx_word' id='word_1_671' title='bbox 183 4879 257 4938; x_wconf 81' lang='lat' dir='ltr'>ergo</span> <span class='ocrx_word' id='word_1_672' title='bbox 281 4864 412 4920; x_wconf 91' lang='lat' dir='ltr'>studium</span> <span class='ocrx_word' id='word_1_673' title='bbox 427 4864 596 4936; x_wconf 88' lang='lat' dir='ltr'>quaerendae</span> <span class='ocrx_word' id='word_1_674' title='bbox 622 4861 827 4918; x_wconf 89' lang='lat' dir='ltr'>successionis</span> <span class='ocrx_word' id='word_1_675' title='bbox 842 4861 941 4916; x_wconf 84' lang='lat' dir='ltr'>seriari</span> <span class='ocrx_word' id='word_1_676' title='bbox 1032 4862 1077 4918; x_wconf 72' lang='lat'>90.</span> <span class='ocrx_word' id='word_1_677' title='bbox 1094 4862 1176 4917; x_wconf 87' lang='lat' dir='ltr'>Sicut</span> <span class='ocrx_word' id='word_1_678' title='bbox 1191 4877 1264 4933; x_wconf 77' lang='lat' dir='ltr'>ergo</span> <span class='ocrx_word' id='word_1_679' title='bbox 1285 4861 1343 4915; x_wconf 92' lang='lat' dir='ltr'>duo</span> <span class='ocrx_word' id='word_1_680' title='bbox 1367 4861 1514 4935; x_wconf 89' lang='lat' dir='ltr'>homiues,</span> <span class='ocrx_word' id='word_1_681' title='bbox 1535 4864 1617 4919; x_wconf 91' lang='lat' dir='ltr'>itaet</span> <span class='ocrx_word' id='word_1_682' title='bbox 1633 4866 1833 4938; x_wconf 82' lang='lat' dir='ltr'>gaminacos·</span> 
     </span>
    </p>
   </div>
   <div class='ocr_carea' id='block_1_3' title="bbox 100 5003 1831 5723">
    <p class='ocr_par' dir='ltr' id='par_1_3' title="bbox 100 5003 1831 5079">
     <span class='ocr_line' id='line_1_52' title="bbox 100 5003 1831 5079; baseline 0.002 -16"><span class='ocrx_word' id='word_1_683' title='bbox 100 5025 170 5078; x_wconf 88' lang='lat' dir='ltr'>cap.</span> <span class='ocrx_word' id='word_1_684' title='bbox 181 5009 208 5075; x_wconf 81' lang='grc'>3,</span> <span class='ocrx_word' id='word_1_685' title='bbox 219 5009 294 5064; x_wconf 86' lang='lat' dir='ltr'>hauc</span> <span class='ocrx_word' id='word_1_686' title='bbox 305 5008 411 5063; x_wconf 87' lang='lat' dir='ltr'>ironiis</span> <span class='ocrx_word' id='word_1_687' title='bbox 426 5007 592 5063; x_wconf 78' lang='lat' dir='ltr'>muniendas</span> <span class='ocrx_word' id='word_1_688' title='bbox 603 5021 747 5078; x_wconf 90' lang='lat' dir='ltr'>expressa</span> <span class='ocrx_word' id='word_1_689' title='bbox 759 5005 858 5061; x_wconf 82' lang='lat' dir='ltr'>crucis</span> <span class='ocrx_word' id='word_1_690' title='bbox 870 5005 941 5060; x_wconf 91' lang='lat' dir='ltr'>ima·</span> <span class='ocrx_word' id='word_1_691' title='bbox 1032 5003 1089 5074; x_wconf 83' lang='lat' dir='ltr'>(li)</span> <span class='ocrx_word' id='word_1_692' title='bbox 1106 5005 1189 5058; x_wconf 79' lang='lat' dir='ltr'>iloni.</span> <span class='ocrx_word' id='word_1_693' title='bbox 1207 5004 1289 5073; x_wconf 82' lang='lat' dir='ltr'>edit,</span> <span class='ocrx_word' id='word_1_694' title='bbox 1317 5025 1328 5054; x_wconf 78' lang='grc' dir='ltr'>ι</span> <span class='ocrx_word' id='word_1_695' title='bbox 1347 5021 1405 5059; x_wconf 91' lang='lat' dir='ltr'>noa</span> <span class='ocrx_word' id='word_1_696' title='bbox 1430 5007 1476 5059; x_wconf 89' lang='lat' dir='ltr'>est</span> <span class='ocrx_word' id='word_1_697' title='bbox 1493 5007 1609 5079; x_wconf 90' lang='lat' dir='ltr'>utrique</span> <span class='ocrx_word' id='word_1_698' title='bbox 1627 5009 1705 5065; x_wconf 92' lang='lat' dir='ltr'>idem</span> <span class='ocrx_word' id='word_1_699' title='bbox 1719 5026 1831 5067; x_wconf 88' lang='lat' dir='ltr'>secun-</span> 
     </span>
    </p>

    <p class='ocr_par' dir='ltr' id='par_1_4' title="bbox 104 5075 1831 5154">
     <span class='ocr_line' id='line_1_53' title="bbox 104 5075 1831 5154; baseline 0.002 -20"><span class='ocrx_word' id='word_1_700' title='bbox 104 5083 177 5154; x_wconf 80' lang='lat' dir='ltr'>gine</span> <span class='ocrx_word' id='word_1_701' title='bbox 203 5079 387 5152; x_wconf 80' lang='lat' dir='ltr'>religionem,</span> <span class='ocrx_word' id='word_1_702' title='bbox 413 5095 501 5151; x_wconf 86' lang='lat' dir='ltr'>qnam</span> <span class='ocrx_word' id='word_1_703' title='bbox 524 5095 561 5134; x_wconf 84' lang='lat' dir='ltr'>ex</span> <span class='ocrx_word' id='word_1_704' title='bbox 586 5077 756 5149; x_wconf 71' lang='lat' dir='ltr'>Apostolica</span> <span class='ocrx_word' id='word_1_705' title='bbox 787 5077 942 5133; x_wconf 90' lang='lat' dir='ltr'>traditione</span> <span class='ocrx_word' id='word_1_706' title='bbox 997 5076 1066 5131; x_wconf 90' lang='lat' dir='ltr'>dum</span> <span class='ocrx_word' id='word_1_707' title='bbox 1083 5078 1235 5141; x_wconf 85' lang='lat' dir='ltr'>naturam;</span> <span class='ocrx_word' id='word_1_708' title='bbox 1262 5075 1314 5129; x_wconf 92' lang='lat' dir='ltr'>sed</span> <span class='ocrx_word' id='word_1_709' title='bbox 1339 5075 1417 5147; x_wconf 90' lang='lat' dir='ltr'>quod</span> <span class='ocrx_word' id='word_1_710' title='bbox 1433 5079 1479 5131; x_wconf 92' lang='lat' dir='ltr'>est</span> <span class='ocrx_word' id='word_1_711' title='bbox 1502 5079 1667 5150; x_wconf 81' lang='lat' dir='ltr'>corpori...</span> <span class='ocrx_word' id='word_1_712' title='bbox 1684 5082 1714 5136; x_wconf 93' lang='lat' dir='ltr'>id</span> <span class='ocrx_word' id='word_1_713' title='bbox 1728 5086 1831 5137; x_wconf 86' lang='lat' dir='ltr'>contra</span> 
     </span>
    </p>

    <p class='ocr_par' dir='ltr' id='par_1_5' title="bbox 102 5147 1365 5222">
     <span class='ocr_line' id='line_1_54' title="bbox 102 5147 1365 5222; baseline -0.006 -14"><span class='ocrx_word' id='word_1_714' title='bbox 102 5167 248 5208; x_wconf 87' lang='lat' dir='ltr'>manasse</span> <span class='ocrx_word' id='word_1_715' title='bbox 264 5152 359 5220; x_wconf 88' lang='lat' dir='ltr'>docet,</span> <span class='ocrx_word' id='word_1_716' title='bbox 375 5149 410 5205; x_wconf 91' lang='lat' dir='ltr'>ad</span> <span class='ocrx_word' id='word_1_717' title='bbox 427 5150 564 5222; x_wconf 81' lang='lat' dir='ltr'>singulos</span> <span class='ocrx_word' id='word_1_718' title='bbox 589 5165 724 5222; x_wconf 89' lang='lat' dir='ltr'>quosque</span> <span class='ocrx_word' id='word_1_719' title='bbox 748 5153 833 5204; x_wconf 89' lang='lat' dir='ltr'>aolus</span> <span class='ocrx_word' id='word_1_720' title='bbox 858 5154 943 5204; x_wconf 73' lang='lat' dir='ltr'>astarte</span> <span class='ocrx_word' id='word_1_721' title='bbox 998 5151 1130 5202; x_wconf 77' lang='lat' dir='ltr'>natirram</span> <span class='ocrx_word' id='word_1_722' title='bbox 1146 5148 1192 5199; x_wconf 89' lang='lat' dir='ltr'>est</span> <span class='ocrx_word' id='word_1_723' title='bbox 1207 5147 1335 5218; x_wconf 87' lang='lat' dir='ltr'>corpori.</span> <span class='ocrx_word' id='word_1_724' title='bbox 1355 5170 1365 5194; x_wconf 83' lang='grc' dir='ltr'>ι</span> 
     </span>
    </p>

    <p class='ocr_par' dir='ltr' id='par_1_6' title="bbox 105 5217 1828 5293">
     <span class='ocr_line' id='line_1_55' title="bbox 105 5217 1828 5293; baseline 0.001 -16"><span class='ocrx_word' id='word_1_725' title='bbox 105 5240 164 5278; x_wconf 88' lang='lat' dir='ltr'>sua</span> <span class='ocrx_word' id='word_1_726' title='bbox 181 5223 276 5277; x_wconf 88' lang='lat' dir='ltr'>iterati</span> <span class='ocrx_word' id='word_1_727' title='bbox 306 5223 503 5277; x_wconf 85' lang='lat' dir='ltr'>consuevisse</span> <span class='ocrx_word' id='word_1_728' title='bbox 519 5226 622 5276; x_wconf 89' lang='lat' dir='ltr'>auctor</span> <span class='ocrx_word' id='word_1_729' title='bbox 638 5228 693 5275; x_wconf 86' lang='lat' dir='ltr'>cst.</span> <span class='ocrx_word' id='word_1_730' title='bbox 711 5220 773 5286; x_wconf 86' lang='lat' dir='ltr'>Qua</span> <span class='ocrx_word' id='word_1_731' title='bbox 789 5221 825 5275; x_wconf 97' lang='lat' dir='ltr'>de</span> <span class='ocrx_word' id='word_1_732' title='bbox 841 5236 872 5274; x_wconf 88' lang='lat' dir='ltr'>re</span> <span class='ocrx_word' id='word_1_733' title='bbox 897 5221 944 5274; x_wconf 89' lang='lat' dir='ltr'>adi</span> <span class='ocrx_word' id='word_1_734' title='bbox 1033 5218 1089 5288; x_wconf 77' lang='lat'>(18)</span> <span class='ocrx_word' id='word_1_735' title='bbox 1120 5218 1234 5272; x_wconf 76' lang='lat' dir='ltr'>lllliuace</span> <span class='ocrx_word' id='word_1_736' title='bbox 1264 5217 1333 5272; x_wconf 89' lang='lat' dir='ltr'>edit.</span> <span class='ocrx_word' id='word_1_737' title='bbox 1365 5219 1501 5287; x_wconf 82' lang='lat' dir='ltr'>Paris.,«</span> <span class='ocrx_word' id='word_1_738' title='bbox 1530 5221 1828 5293; x_wconf 71' lang='lat' dir='ltr'>inope-ibasbci.»</span> 
     </span>
    </p>

    <p class='ocr_par' dir='ltr' id='par_1_7' title="bbox 104 5290 1829 5364">
     <span class='ocr_line' id='line_1_56' title="bbox 104 5290 1829 5364; baseline 0.001 -15"><span class='ocrx_word' id='word_1_739' title='bbox 104 5294 255 5349; x_wconf 89' lang='lat' dir='ltr'>similiter.</span> <span class='ocrx_word' id='word_1_740' title='bbox 275 5294 396 5348; x_wconf 87' lang='lat' dir='ltr'>Hieron.</span> <span class='ocrx_word' id='word_1_741' title='bbox 424 5293 509 5364; x_wconf 89' lang='lat' dir='ltr'>epist.</span> <span class='ocrx_word' id='word_1_742' title='bbox 535 5292 580 5362; x_wconf 67' lang='lat'>⁶22,</span> <span class='ocrx_word' id='word_1_743' title='bbox 599 5293 637 5348; x_wconf 87' lang='lat' dir='ltr'>ud</span> <span class='ocrx_word' id='word_1_744' title='bbox 661 5292 941 5364; x_wconf 75' lang='lat' dir='ltr'>Eustocb.,·Cp1·ill.</span> <span class='ocrx_word' id='word_1_745' title='bbox 998 5290 1071 5344; x_wconf 75' lang='lat' dir='ltr'>Salat</span> <span class='ocrx_word' id='word_1_746' title='bbox 1083 5290 1168 5343; x_wconf 90' lang='lat' dir='ltr'>etiam</span> <span class='ocrx_word' id='word_1_747' title='bbox 1180 5290 1348 5360; x_wconf 84' lang='lat' dir='ltr'>aliquatoto</span> <span class='ocrx_word' id='word_1_748' title='bbox 1368 5290 1424 5345; x_wconf 94' lang='lat' dir='ltr'>hoc</span> <span class='ocrx_word' id='word_1_749' title='bbox 1445 5308 1567 5348; x_wconf 90' lang='lat' dir='ltr'>numero</span> <span class='ocrx_word' id='word_1_750' title='bbox 1579 5297 1686 5348; x_wconf 82' lang='lat' dir='ltr'>nudata</span> <span class='ocrx_word' id='word_1_751' title='bbox 1698 5295 1726 5348; x_wconf 92' lang='lat' dir='ltr'>in</span> <span class='ocrx_word' id='word_1_752' title='bbox 1744 5296 1829 5350; x_wconf 86' lang='lat' dir='ltr'>llom.</span> 
     </span>
    </p>

    <p class='ocr_par' dir='ltr' id='par_1_8' title="bbox 105 5360 1831 5506">
     <span class='ocr_line' id='line_1_57' title="bbox 105 5360 1775 5432; baseline 0 -12"><span class='ocrx_word' id='word_1_753' title='bbox 105 5366 229 5421; x_wconf 87' lang='lat' dir='ltr'>Hieros.</span> <span class='ocrx_word' id='word_1_754' title='bbox 246 5364 365 5420; x_wconf 89' lang='lat' dir='ltr'>Catech.</span> <span class='ocrx_word' id='word_1_755' title='bbox 383 5364 426 5432; x_wconf 81' lang='lat'>13,</span> <span class='ocrx_word' id='word_1_756' title='bbox 443 5368 471 5419; x_wconf 90' lang='lat' dir='ltr'>et</span> <span class='ocrx_word' id='word_1_757' title='bbox 487 5366 572 5419; x_wconf 93' lang='lat' dir='ltr'>alios.</span> <span class='ocrx_word' id='word_1_758' title='bbox 959 5402 964 5407; x_wconf 91' lang='lat'>.</span> <span class='ocrx_word' id='word_1_759' title='bbox 998 5361 1078 5426; x_wconf 72' lang='lat' dir='ltr'>edit,</span> <span class='ocrx_word' id='word_1_760' title='bbox 1095 5360 1147 5414; x_wconf 89' lang='lat' dir='ltr'>scd</span> <span class='ocrx_word' id='word_1_761' title='bbox 1164 5376 1230 5431; x_wconf 81' lang='lat' dir='ltr'>qiam</span> <span class='ocrx_word' id='word_1_762' title='bbox 1246 5361 1335 5415; x_wconf 89' lang='lat' dir='ltr'>alium</span> <span class='ocrx_word' id='word_1_763' title='bbox 1351 5377 1474 5417; x_wconf 88' lang='lat' dir='ltr'>sensum</span> <span class='ocrx_word' id='word_1_764' title='bbox 1492 5365 1609 5419; x_wconf 91' lang='lat' dir='ltr'>minime</span> <span class='ocrx_word' id='word_1_765' title='bbox 1626 5365 1775 5420; x_wconf 87' lang='lat' dir='ltr'>inducant.</span> 
     </span>
     <span class='ocr_line' id='line_1_58' title="bbox 142 5430 1831 5506; baseline 0.001 -16"><span class='ocrx_word' id='word_1_766' title='bbox 142 5436 201 5506; x_wconf 82' lang='lat' dir='ltr'>(la)</span> <span class='ocrx_word' id='word_1_767' title='bbox 215 5458 226 5482; x_wconf 74' lang='lat' dir='ltr'>u</span> <span class='ocrx_word' id='word_1_768' title='bbox 241 5435 284 5490; x_wconf 82' lang='lat' dir='ltr'>Ex</span> <span class='ocrx_word' id='word_1_769' title='bbox 295 5439 390 5491; x_wconf 91' lang='lat' dir='ltr'>anima</span> <span class='ocrx_word' id='word_1_770' title='bbox 403 5441 565 5504; x_wconf 91' lang='lat' dir='ltr'>etcorpore</span> <span class='ocrx_word' id='word_1_771' title='bbox 577 5440 748 5490; x_wconf 90' lang='lat' dir='ltr'>constamus</span> <span class='ocrx_word' id='word_1_772' title='bbox 760 5436 788 5491; x_wconf 90' lang='lat' dir='ltr'>et</span> <span class='ocrx_word' id='word_1_773' title='bbox 799 5434 915 5504; x_wconf 88' lang='lat' dir='ltr'>spiritu,</span> <span class='ocrx_word' id='word_1_774' title='bbox 931 5453 942 5483; x_wconf 84' lang='grc' dir='ltr'>ι</span> <span class='ocrx_word' id='word_1_775' title='bbox 1033 5430 1089 5500; x_wconf 81' lang='grc'>(19)</span> <span class='ocrx_word' id='word_1_776' title='bbox 1116 5431 1223 5486; x_wconf 79' lang='lat' dir='ltr'>Eadem</span> <span class='ocrx_word' id='word_1_777' title='bbox 1248 5432 1315 5486; x_wconf 89' lang='lat' dir='ltr'>edit.</span> <span class='ocrx_word' id='word_1_778' title='bbox 1332 5433 1440 5499; x_wconf 72' lang='lat' dir='ltr'>Pacis,</span> <span class='ocrx_word' id='word_1_779' title='bbox 1465 5454 1476 5484; x_wconf 76' lang='grc' dir='ltr'>ι</span> <span class='ocrx_word' id='word_1_780' title='bbox 1503 5436 1689 5490; x_wconf 89' lang='lat' dir='ltr'>circumcisio</span> <span class='ocrx_word' id='word_1_781' title='bbox 1705 5441 1831 5505; x_wconf 78' lang='lat' dir='ltr'>praetor-</span> 
     </span>
    </p>

    <p class='ocr_par' dir='ltr' id='par_1_9' title="bbox 105 5502 1831 5579">
     <span class='ocr_line' id='line_1_59' title="bbox 105 5502 1831 5579; baseline 0.001 -16"><span class='ocrx_word' id='word_1_782' title='bbox 105 5509 205 5579; x_wconf 90' lang='lat' dir='ltr'>iaquit</span> <span class='ocrx_word' id='word_1_783' title='bbox 225 5512 348 5562; x_wconf 87' lang='lat' dir='ltr'>sanctas</span> <span class='ocrx_word' id='word_1_784' title='bbox 359 5508 464 5562; x_wconf 89' lang='lat' dir='ltr'>doctor</span> <span class='ocrx_word' id='word_1_785' title='bbox 480 5508 528 5561; x_wconf 88' lang='lat' dir='ltr'>lib.</span> <span class='ocrx_word' id='word_1_786' title='bbox 543 5523 561 5559; x_wconf 89' lang='grc' dir='ltr'>ιι</span> <span class='ocrx_word' id='word_1_787' title='bbox 578 5506 621 5561; x_wconf 82' lang='lat' dir='ltr'>lic</span> <span class='ocrx_word' id='word_1_788' title='bbox 638 5506 711 5560; x_wconf 75' lang='lat' dir='ltr'>cain</span> <span class='ocrx_word' id='word_1_789' title='bbox 728 5512 757 5561; x_wconf 85' lang='lat' dir='ltr'>ct</span> <span class='ocrx_word' id='word_1_790' title='bbox 773 5504 860 5569; x_wconf 85' lang='lat' dir='ltr'>Abel,</span> <span class='ocrx_word' id='word_1_791' title='bbox 880 5520 944 5574; x_wconf 89' lang='lat' dir='ltr'>cap.</span> <span class='ocrx_word' id='word_1_792' title='bbox 998 5503 1139 5558; x_wconf 90' lang='lat' dir='ltr'>mittenda</span> <span class='ocrx_word' id='word_1_793' title='bbox 1155 5502 1216 5557; x_wconf 86' lang='lat' dir='ltr'>luit.</span> <span class='ocrx_word' id='word_1_794' title='bbox 1240 5526 1250 5551; x_wconf 74' lang='grc' dir='ltr'>ιι</span> <span class='ocrx_word' id='word_1_795' title='bbox 1273 5502 1308 5556; x_wconf 77' lang='lat' dir='ltr'>lit</span> <span class='ocrx_word' id='word_1_796' title='bbox 1324 5503 1409 5558; x_wconf 86' lang='lat' dir='ltr'>inira.</span> <span class='ocrx_word' id='word_1_797' title='bbox 1428 5526 1438 5549; x_wconf 76' lang='grc' dir='ltr'>ι</span> <span class='ocrx_word' id='word_1_798' title='bbox 1457 5505 1558 5561; x_wconf 89' lang='lat' dir='ltr'>debuit</span> <span class='ocrx_word' id='word_1_799' title='bbox 1572 5507 1755 5577; x_wconf 71' lang='lat' dir='ltr'>pretermitti</span> <span class='ocrx_word' id='word_1_800' title='bbox 1771 5508 1831 5565; x_wconf 86' lang='lat' dir='ltr'>cir·</span> 
     </span>
    </p>

    <p class='ocr_par' dir='ltr' id='par_1_10' title="bbox 104 5573 1525 5647">
     <span class='ocr_line' id='line_1_60' title="bbox 104 5573 1525 5647; baseline -0.002 -13"><span class='ocrx_word' id='word_1_801' title='bbox 104 5579 133 5647; x_wconf 72' lang='lat'>2,</span> <span class='ocrx_word' id='word_1_802' title='bbox 159 5594 240 5634; x_wconf 78' lang='lat' dir='ltr'>aram.</span> <span class='ocrx_word' id='word_1_803' title='bbox 266 5578 293 5633; x_wconf 86' lang='lat' dir='ltr'>a</span> <span class='ocrx_word' id='word_1_804' title='bbox 318 5578 412 5645; x_wconf 69' lang='lat' dir='ltr'>Quaen</span> <span class='ocrx_word' id='word_1_805' title='bbox 460 5577 556 5632; x_wconf 89' lang='lat' dir='ltr'>uidem</span> <span class='ocrx_word' id='word_1_806' title='bbox 586 5577 715 5632; x_wconf 80' lang='lat' dir='ltr'>liorainis</span> <span class='ocrx_word' id='word_1_807' title='bbox 744 5574 946 5632; x_wconf 76' lang='lat' dir='ltr'>definitionem</span> <span class='ocrx_word' id='word_1_808' title='bbox 999 5573 1525 5633; x_wconf 79' lang='lat' dir='ltr'>cumoisto.»Neutrumcourmode</span> 
     </span>
    </p>

    <p class='ocr_par' dir='ltr' id='par_1_11' title="bbox 110 5594 641 5723">
     <span class='ocr_line' id='line_1_61' title="bbox 110 5594 641 5723; baseline -0.008 -17"><span class='ocrx_word' id='word_1_809' title='bbox 110 5651 227 5723; x_wconf 88' lang='lat' dir='ltr'>passim</span> <span class='ocrx_word' id='word_1_810' title='bbox 242 5651 319 5723; x_wconf 90' lang='lat' dir='ltr'>apud</span> <span class='ocrx_word' id='word_1_811' title='bbox 334 5664 402 5706; x_wconf 92' lang='lat' dir='ltr'>eum</span> <span class='ocrx_word' id='word_1_812' title='bbox 417 5594 571 5705; x_wconf 62' lang='lat' dir='ltr'>advertere</span> <span class='ocrx_word' id='word_1_813' title='bbox 586 5651 641 5703; x_wconf 91' lang='lat' dir='ltr'>cst.</span> 
     </span>
    </p>
   </div>
   <div class='ocr_carea' id='block_1_4' title="bbox 0 0 1954 6128">
    <p class='ocr_par' dir='ltr' id='par_1_12' title="bbox 0 0 1954 6128">
     <span class='ocr_line' id='line_1_62' title="bbox 0 0 1954 6128; baseline 0 0"><span class='ocrx_word' id='word_1_814' title='bbox 0 0 1954 6128; x_wconf 95' lang='lat' dir='ltr'> </span> 
     </span>
    </p>
   </div>
  </div>
 </body>
</html>
