3900 6128
193 244 253 307 579

916 249 949 313 S.
973 241 1193 315 AMBROSII.

1861 259 1918 325 580

196 446 277 497 erat:
295 444 322 497 et
338 441 389 514 qui
404 457 441 496 ex
456 440 548 498 nihilo
564 442 682 512 factum,
700 447 750 500 aut
764 462 802 501 ex
816 447 872 502 alia
887 449 1028 506 substan·
1044 442 1072 509 A
1087 454 1214 526 medius,
1230 457 1259 511 et
1269 455 1362 513 effusa
1373 462 1442 540 suat
1456 461 1681 518 omniaviseeru
1692 463 1770 536 ejus.
1790 465 1860 522 Non
1876 470 1920 522 est

194 531 232 584 tia
248 527 377 602 velobctqz
393 530 494 585 dicant
516 546 595 602 esse,
612 536 662 588 aut
683 535 862 607 mutabilem,
885 539 935 592 aut
957 553 1030 594 con-

191 619 359 675 vertibilem
377 618 429 674 Dei
450 620 568 692 Filium,
599 622 822 680 anathematizat
842 626 987 682 catholica
1001 630 1031 683 et

193 709 357 779 apostolica
373 708 520 764 Ecclesia.

228 797 471 868 1616666666,
501 800 605 855 sancte
631 800 799 873 imperator,
816 818 870 858 eos
891 804 942 877 qai
960 805 1029 859 talia

192 890 343 957 asserunt,
358 885 427 958 jure
444 888 608 944 damnatos.
629 889 697 945 Non
718 890 845 946 hamana
872 891 1027 963 industria,

193 992 252 1032 666
268 976 432 1046 composito
443 977 541 1048 aliquo
555 981 675 1034 trecenti
687 979 790 1035 decem
805 984 833 1036 et
843 985 918 1052 6616,
929 985 960 1037 61
975 998 1028 1038 su-

192 1080 245 1136 pra
260 1065 397 1135 pressius
413 1064 474 1119 dixi
491 1067 621 1139 (Prolog.
638 1085 667 1123 6.
681 1069 720 1139 5),
731 1069 865 1140 episcopi
879 1071 915 1125 ad
926 1071 1024 1126 cauci·

192 1155 263 1209 lium
279 1157 481 1210 convenerunt
495 1154 549 1225 (61)
567 1172 573 1210 :
601 1157 654 1211 sed
675 1161 706 1212 ut
726 1157 755 1212 in
771 1174 894 1215 numero
920 1175 1024 1215 eorum

192 1234 267 1299 468
283 1260 335 1314 pcr
347 1243 542 1315 signumsaaa
557 1246 707 1316 passionis
723 1249 752 1301 et
772 1249 900 1303 nominis
926 1249 1028 1304 Domi-

194 1349 251 1388 nus
268 1333 358 1387 lesus
374 1348 429 1388 suo
444 1333 583 1404 probaret
596 1350 629 1390 se
647 1336 754 1390 adesse
775 1337 901 1392 concilio
918 1351 925 1392 ε
949 1336 1030 1392 Crux

194 1423 224 1478 in
235 1421 385 1492 trecentis,
408 1422 482 1478 iesu
497 1439 605 1479 nomen
624 1425 654 1479 in
669 1424 772 1480 decem
787 1428 816 1481 ct
831 1429 896 1481 octo
917 1430 963 1481 est
977 1442 1028 1481 sn·

195 1510 376 1567 6661611166.

230 1617 291 1673 lli.
309 1619 373 1673 Hoc
389 1622 417 1674 et
433 1619 462 1674 in
479 1620 660 1676 Ariminensi
683 1621 739 1692 (68)
768 1622 894 1677 66661116
915 1622 1027 1695 habuit,

193 1710 287 1780 prima
300 1708 499 1778 confessio,et
514 1714 581 1780 post
600 1709 787 1765 Ariminense
804 1711 962 1767 concilium
978 1727 1028 1768 se·

1087 543 1206 599 fortuita
1221 561 1312 617 mors,
1335 547 1387 603 ubi
1401 548 1433 603 in
1446 550 1606 623 sacrilegia
1620 551 1684 623 pari
1700 569 1797 624 poeaae
1815 555 1919 626 parilis

1085 634 1234 704 processit
1250 636 1432 709 exemplum,
1448 639 1488 693 ub
1504 639 1581 694 idem
1597 640 1732 698 subirent
1740 643 1920 715 supplicium

1085 724 1135 794 qui
1151 724 1287 779 eumdem
1299 725 1456 782 Dominum
1466 733 1661 801 negaverunt,
1677 734 1706 787 et
1721 732 1771 804 qui
1783 733 1921 788 cumdem

1086 812 1242 868 Dominum
1256 814 1458 882 prodiderant.

1122 919 1183 974 tea.
1201 919 1360 975 Veniamus
1380 922 1416 976 ad
1431 923 1497 978 alie.
1522 925 1612 980 Arius
1641 925 1733 982 dicit:
1752 930 1921 1002 Antequam

1086 1013 1269 1080 nasceretur,
1280 1026 1339 1067 666
1355 1014 1427 1081 erat,
1445 1012 1498 1067 scd
1511 1011 1661 1085 Scriptura
1672 1015 1742 1071 dicit
1753 1019 1854 1073 omnia
1871 1035 1924 1074 es-

1087 1114 1120 1154 se
1135 1115 1189 1170 per
1204 1099 1319 1154 Filiam.
1335 1098 1487 1164 Quomodo
1504 1117 1576 1175 ergo
1592 1103 1756 1176 aliisjdedit
1771 1121 1854 1179 esse,
1873 1111 1926 1182 qui

1087 1205 1146 1244 non
1162 1190 1245 1243 erat‘t
1258 1189 1331 1243 Cum
1345 1193 1441 1244 autem
1457 1190 1528 1244 dicit
1546 1192 1665 1263 impius,
1683 1194 1802 1265 quando
1823 1201 1852 1251 61
1868 1214 1927 1251 66-

1086 1281 1124 1347 16,
1142 1278 1207 1332 hoec
1223 1277 1322 1349 utique
1339 1277 1396 1333 duo
1412 1278 1502 1333 verba
1517 1282 1633 1351 tempus
1648 1283 1820 1339 ostendunt.
1839 1285 1920 1350 Quo-

1086 1368 1174 1422 modo
1189 1381 1262 1440 6666
1278 1370 1387 1440 negant
1410 1370 1526 1438 tempus
1550 1372 1616 1424 ante
1632 1370 1747 1443 Filium,
1766 1377 1795 1427 et
1818 1375 1921 1434 volunt

1086 1457 1171 1528 prius
1191 1457 1285 1511 fuisse
1314 1470 1380 1528 666
1405 1458 1546 1529 temporis
1570 1465 1661 1515 suat:
1688 1477 1757 1517 cum
1779 1463 1913 1536 idipsum,

1087 1545 1204 1618 quando
1224 1550 1252 1600 et
1266 1548 1331 1600 ente
1356 1548 1385 1601 et
1409 1546 1566 1618 aliquando
1582 1564 1640 1604 666
1656 1549 1763 1622 161666,
1781 1553 1821 1607 611
1847 1557 1913 1609 tcm-

1085 1636 1193 1708 poris?

1125 1734 1200 1798 409
1221 1742 1282 1798 tao.
1295 1742 1385 1797 Arius
1397 1743 1467 1798 dicit
1481 1761 1517 1799 ex
1537 1745 1691 1802 6116161161
1708 1747 1827 1804 Filium.
1845 1748 1912 1814 Quo·

195 1797 290 1852 cunda
302 1799 458 1853 correctio.
475 1797 702 1853 cenfessionem
717 1798 841 1871 epistola
856 1800 892 1855 ad
904 1801 1030 1872 impera·
1046 1826 1071 1886 Β
1087 1833 1173 1887 modo
1185 1848 1258 1904 wgo
1275 1832 1328 1886 Dei
1344 1833 1459 1888 Filius?
1470 1836 1616 1905 quomodo
1628 1840 1749 1907 ,memo
1758 1844 1913 1911 gemmus

194 1890 288 1941 torem
318 1885 521 1941 Constantiam
541 1887 634 1941 missa
657 1890 792 1961 testatur,
814 1890 1028 1946 correctionem

196 1978 299 2031 666616
311 1975 437 2030 66661116
452 1976 637 2031 cantitentur.

502 2100 628 2154 CAPUT
643 2101 721 2157 XIX.

198 2205 256 2262 b'bi
265 2207 341 2264 Ario
348 2208 477 2280 primum
488 2223 504 2263 e
516 2208 689 2263 nieruoratis
704 2208 863 2264 erroribus
877 2210 1028 2280 attribuit,

231 2279 363 2334 eumdem
374 2278 490 2333 refellit
502 2278 625 2334 donanis
640 2278 819 2349 testimonio,
836 2296 870 2335 ec
884 2297 944 2337 cre
960 2287 1028 2336 nata

231 2351 375 2423 traqicam
399 2350 612 2405 haeresiarchae
635 2357 759 2404 mortem
779 2350 937 2406 describit.
957 2353 1032 2409 Mox

230 2421 406 2492 siapillatim
417 2421 550 2493 reliquas
564 2421 695 2492 61661166
706 2421 907 2494 blasphemias
916 2439 1029 2496 expen-

230 2494 275 2548 tlr't
290 2500 320 2547 ct
336 2491 478 2547 coahttat.

230 2597 292 2653 113.
309 2599 398 2652 Arius
409 2614 481 2670 ergo
492 2597 579 2668 dicit;
592 2598 661 2653 Erat
675 2600 793 2671 quaudo
806 2616 866 2656 non
882 2603 954 2671 erat,
976 2602 1029 2657 sed

195 2686 345 2759 Scriptura
361 2687 439 2757 dicit,
451 2687 539 2758 Erat,
551 2688 700 2760 nondicit,
716 2689 783 2745 Noa
799 2693 870 2745 erat.
897 2691 1029 2762 Denique

195 2777 326 2831 ioannes
341 2775 481 2846 scripsit:
501 2799 512 2822 «
535 2776 567 2830 ln
591 2777 811 2849 principioerat
834 2778 974 2849 Verbum,
1001 2782 1030 2834 et

196 2865 324 2919 Verbum
340 2867 403 2918 erat
417 2865 494 2935 apud
516 2865 617 2935 Deum,
634 2869 662 2921 61
684 2867 764 2923 Deus
788 2870 851 2922 erat
873 2868 1026 2923 Verbum:

195 2953 251 3009 hoc
266 2957 329 3009 erat
344 2953 613 3024 inprincipioapud
627 2955 905 3027 116661(1666.ι,1).
921 2977 932 3006 a
951 2957 1028 3012 Eece

195 3044 312 3116 quoties
332 3048 398 3098 erut
414 3045 442 3097 et
462 3059 607 3114 nusquam
624 3044 697 3099 dixit
719 3046 798 3117 qaod
813 3060 872 3101 666
886 3049 957 3101 erat.
974 3045 1028 3100 Cui

195 3148 268 3205 ergo
276 3133 446 3187 credimus?
457 3132 563 3186 ioanni
575 3132 718 3187 1601161611
728 3135 1028 3203 pectorerecumben·

193 3223 225 3293 ti,
238 3238 275 3276 66
286 3220 356 3276 Ario
368 3221 444 3276 inter
454 3219 549 3275 effusa
558 3236 591 3275 se
600 3236 655 3275 sua
667 3221 784 3277 viscera
793 3222 933 3278 volutanti
945 3223 1002 3295 (60)
1020 3266 1026 3278 .

195 3316 225 3366 61
239 3325 474 3383 agnosceremus
485 3309 611 3364 similem
623 3310 943 3381 ludeeproditorisArii
953 3329 1026 3384 quo·

194 3416 251 3473 que
260 3400 356 3455 faisse
366 3399 529 3470 pertidiem,
542 3414 631 3472 quem
645 3399 752 3454 similis
763 3416 850 3470 poena
866 3401 1029 3458 damnavit?

230 3507 293 3562 111.
311 3505 412 3561 Effusa
429 3509 499 3561 sunt
514 3506 592 3561 euim
607 3509 636 3560 et
652 3507 714 3561 Arii
731 3506 859 3579 viscera,
877 3509 967 3580 pudet
981 3509 1029 3563 di·

194 3611 262 3652 cere
278 3595 339 3665 ubi,
356 3598 443 3667 atque
468 3595 506 3650 ita
528 3595 642 3666 crepuit
658 3596 784 3667 medius,
808 3600 976 3669 prostratus
996 3597 1026 3653 in

194 3685 318 3754 facicm,
339 3701 373 3739 ea
398 3685 507 3755 quibus
521 3684 671 3739 Christum
688 3688 857 3758 negaverat,
874 3687 952 3742 foeda
977 3703 1027 3743 ora

194 3774 334 3845 pollutas.
347 3773 467 3844 Crepuit
478 3775 566 3845 enim,
584 3774 661 3829 sicut
675 3774 763 3829 etiam
778 3773 814 3830 dc
829 3774 905 3831 tuda
920 3775 1026 3831 Petras

194 3862 348 3933 apostolus
359 3861 432 3916 dixit
448 3862 527 3931 (Act.
540 3879 559 3932 r,
575 3861 632 3932 18),
645 3862 712 3935 quia
722 3863 858 3933 possedit
872 3880 976 3936 agrum
992 3865 1028 3920 de

196 3950 332 4007 mercede
348 3949 512 4022 1616611116,
526 3953 555 4005 61
570 3951 600 4005 16
614 3951 719 4006 166166
735 3954 900 4022 prostratos
916 3953 1030 4024 crepuit

231 4075 287 4145 (01)
298 4076 408 4130 Omnes
423 4074 493 4129 edit.
510 4075 672 4145 etquidem
687 4091 773 4145 mss,
793 4096 804 4125 a
826 4091 885 4131 666
906 4093 1027 4148 compo-

196 4146 303 4201 sitione
318 4146 416 4217 aliqua
447 4146 500 4200 sed
519 4149 644 4200 trecenti
655 4148 757 4201 decem
768 4150 797 4203 et
812 4152 928 4219 octo,ut
938 4165 1028 4220 supra

195 4219 266 4290 dixi,
287 4218 420 4289 episcopi
445 4217 482 4271 ad
505 4217 662 4272 concilium
692 4223 903 4275 convenerunt.
927 4220 995 4291 Sed,
1015 4244 1025 4270 1

195 4293 251 4346 616.

187 4372 189 4377 ·
231 4359 285 4427 (68)
309 4359 474 4416 Concilium
498 4358 555 4413 hac
575 4358 755 4414 celebratum
780 4359 834 4415 fuit
857 4376 934 4416 anno
963 4361 1026 4432 359,

195 4432 330 4502 Arimini,
347 4448 412 4503 6616
429 4431 534 4485 civitas
549 4430 693 4484 maritima
708 4434 754 4484 est
773 4431 802 4485 16
820 4432 951 4487 1166666
970 4434 1028 4487 lta-

119 4556 120 4561 ,
194 4504 243 4558 lite
258 4503 420 4575 provincia.
436 4501 939 4573 Quaproptcrejusdemconcessus
950 4508 1025 4573 acta,

217 4591 272 4643 uae,
285 4579 359 4630 teste
376 4574 556 4643 Hieronymo
572 4573 602 4626 in
626 4573 841 4642 luciferianos,
858 4574 888 4628 iu
899 4575 1028 4645 publicis

195 4591 456 4717 {eclesiarumque
471 4643 624 4698 tabulariis
636 4645 904 4712 asservabantur,a
920 4647 1029 4702 bledla·

195 4718 369 4772 lunensibus
381 4732 440 4772 non
469 4715 604 4770 abluisse
633 4731 775 4787 perquam
804 4716 946 4771 credibile
971 4721 1027 4772 est.

196 4785 293 4842 iltitur
308 4792 404 4842 tamen
425 4791 547 4841 sanctus
562 4786 741 4841 Ambrosius
769 4786 834 4842 salo
858 4788 1028 4845 testimonio

195 4859 347 4928 synodicae
363 4859 400 4912 ad
415 4858 618 4913 Constantium
631 4857 764 4930 epistolae
783 4873 788 4913 :
805 4859 1026 4930 quoepiscopi,

195 4929 287 5054 quiad
298 4929 698 5000 quadringentosctamplius
708 4929 1029 5000 coivcr·ant,certiorcm

208 4999 307 5054 aciunt
329 5000 545 5069 imperatorem,
568 5015 601 5054 se
618 5001 770 5071 statuisse,
787 5016 823 5055 ne
840 5001 909 5072 quid
926 5017 1029 5057 eorum

195 5086 262 5142 quae
278 5071 355 5142 apud
367 5070 497 5124 Nicaeam
513 5072 626 5124 sancita
637 5071 762 5140 fuerant,
774 5075 945 5127 mutaretur.
956 5074 1028 5128 Haec

1087 1938 1125 1987 ex
1139 1922 1245 1977 utero‘.>
1261 1922 1409 1992 quomodo
1419 1926 1581 1979 eructatum
1592 1941 1629 1980 ex
1640 1926 1728 1981 corde
1742 1927 1874 1984 Verbum
1883 1931 1914 1986 lc-

1088 2014 1168 2084 gitur
1182 2009 1277 2082 (Psal.
1302 2026 1381 2081 xciv,
1398 2009 1435 2081 1),
1460 2013 1518 2067 6161
1540 2016 1571 2068 61
1586 2030 1623 2068 ex
1644 2016 1747 2072 intimo
1763 2019 1791 2072 et
1806 2019 1914 2074 iaoesti-

1086 2100 1186 2155 mabili
1207 2100 1303 2155 Patris
1331 2100 1521 2172 intelligatur,
1539 2106 1570 2157 ut
1592 2104 1735 2175 scriptum
1758 2110 1805 2161 est
1826 2107 1913 2176 (doru.

1086 2190 1219 2260 6616),
1237 2189 1385 2260 prodiisse
1409 2193 1550 2246 secreto?
1577 2191 1670 2248 Filius
1693 2194 1772 2248 enim
1797 2199 1848 2250 aut
1870 2213 1917 2267 per

1086 2279 1283 2350 adoptionem,
1301 2281 1350 2333 aut
1364 2294 1417 2349 per
1431 2283 1564 2334 naturam
1580 2284 1626 2336 est
1642 2298 1648 2337 z
1663 2298 1717 2353 per
1732 2284 1916 2356 adoptionem

1087 2387 1142 2427 nos
1167 2369 1219 2424 tilii
1242 2368 1368 2423 dicimur
1397 2367 1505 2438 (Galat.
1523 2387 1562 2442 rv,
1579 2373 1616 2441 5),
1633 2372 1681 2425 ille
1703 2389 1757 2442 per
1767 2374 1917 2429 veritatem

1087 2464 1199 2516 naturae
1223 2461 1278 2512 est.
1304 2456 1456 2522 Quomodo
1477 2474 1549 2531 ergo
1571 2475 1608 2514 ex
1629 2461 1720 2516 nihilo
1740 2463 1801 2535 1116,
1819 2465 1918 2535 quiex

1087 2550 1179 2605 nihilo
1195 2548 1265 2603 fecit
1275 2548 1396 2603 amnia?

1122 2656 1183 2711 101.
1201 2655 1268 2711 Non
1283 2655 1371 2710 hahet
1386 2655 1502 2726 Filium,
1520 2658 1569 2728 661
1593 2659 1689 2713 666611
1703 2659 1783 2714 unde
1800 2661 1849 2716 sit.
1868 2661 1920 2716 Dc·

1086 2747 1175 2818 nique
1199 2761 1253 2800 nec
1274 2745 1370 2800 iudaei
1394 2744 1542 2800 habebant
1562 2747 1677 2817 Filium,
1695 2749 1763 2820 quia
1780 2751 1859 2805 unde
1876 2768 1921 2806 es·

1086 2839 1132 2892 set
1147 2834 1329 2890 nesciebant.
1347 2833 1382 2888 Et
1406 2834 1471 2889 ideo
1488 2834 1561 2889 dixit
1575 2836 1623 2890 his
1640 2838 1805 2894 Dominus:
1831 2862 1841 2889 a
1861 2841 1920 2895 Nc·

1087 2923 1588 2994 66111666166661(166ιι.1·16,11);
1608 2947 1619 2975 u
1636 2926 1769 2982 etinfra:
1788 2950 1799 2977 a
1818 2929 1920 3001 Neque

1085 3031 1131 3070 me
1147 3015 1254 3083 nostis,
1271 3028 1366 3084 neque
1382 3016 1494 3084 putrem
1510 3029 1607 3068 meam
1623 3017 1707 3070 scitis
1724 3016 1815 3085 (Ibid.
1834 3018 1889 3090 19).
1909 3045 1919 3065 1·

1084 3105 1140 3170 Qui
1156 3103 1234 3158 enim
1250 3104 1339 3174 negat
1352 3117 1389 3156 ex
1415 3102 1499 3157 Patre
1519 3103 1635 3172 Filium,
1660 3122 1714 3160 nec
1736 3106 1856 3163 Patrem
1885 3125 1920 3164 ex

1021 3241 1026 3252 .
1044 3192 1070 3254 C
1085 3209 1143 3265 quo
1159 3194 1205 3248 est
1221 3192 1324 3260 Filius,
1340 3192 1422 3246 novit
1436 3191 1464 3262 (1
1478 3193 1550 3247 ,1666
1565 3210 1596 3265 rr,
1608 3193 1672 3265 13);
1692 3210 1790 3269 neque
1815 3196 1919 3253 Filium

1086 3283 1181 3352 novit3
1199 3282 1267 3354 quia
1283 3282 1398 3336 Putrem
1412 3281 1517 3337 nescit.

1121 3389 1181 3444 1⁶28.
1198 3388 1288 3448 Arius
1304 3388 1374 3442 dicit
1387 3405 1392 3443 :
1406 3388 1449 3442 Ex
1465 3388 1520 3442 alia
1539 3390 1715 3446 substantia.
1736 3391 1810 3458 Quae
1829 3394 1919 3467 igitur

1084 3477 1140 3534 6116
1158 3478 1322 3534 substantia
1346 3481 1480 3549 aequatur
1504 3479 1556 3534 Dei
1573 3480 1657 3552 Filia,
1676 3485 1705 3536 ut
1728 3497 1767 3537 ex
1785 3484 1851 3554 ipsa
1868 3485 1916 3539 1161

1085 3569 1178 3624 Filias
1193 3568 1320 3623 61111161
1336 3566 1483 3638 quomodo
1498 3570 1718 3639 reprehendunt
1729 3573 1799 3644 quia
1816 3590 1874 3629 nas
1890 3575 1917 3629 16

1085 3657 1145 3712 Deo
1162 3659 1211 3710 661
1225 3655 1315 3708 οὐσίαν
1328 3657 1441 3726 Graece,
1463 3663 1512 3712 aut
1536 3658 1638 3713 161166
1659 3660 1860 3718 substantiam
1874 3664 1918 3718 di-

1085 3747 1191 3815 cimas,
1208 3762 1273 3800 cum
1285 3761 1322 3799 ox
1337 3744 1391 3799 alia
1408 3745 1532 3801 dicendo
1544 3748 1709 3804 substantia
1725 3750 1915 3808 1161666611-

1084 3835 1156 3890 lium
1170 3835 1236 3906 (10),
1253 3836 1339 3889 61166
1356 3835 1413 3907 ipsi
1429 3834 1624 3892 substantiam
1640 3839 1693 3893 Dei
1718 3856 1789 3896 esse
1808 3843 1915 3897 confrr-

1084 3927 1185 3980 ment?

1085 4069 1142 4138 riti,
1155 4069 1260 4139 partim
1275 4069 1390 4140 decepti
1405 4070 1441 4124 ab
1458 4070 1586 4140 Arianis,
1604 4073 1634 4127 in
1652 4089 1760 4128 vocum
1777 4074 1901 4130 substan

1084 4142 1135 4195 tire
1159 4143 1187 4193 61
1211 4139 1476 4196 consubstantialis
1495 4142 1684 4198 abolitionem
1708 4161 1893 4201 consensere
1908 4162 1946 4200 z

1085 4211 1173 4283 cujas
1188 4212 1306 4282 quidem
1322 4213 1576 4283 praevaricationis
1588 4231 1690 4270 coram
1702 4217 1753 4287 qui
1769 4219 1950 4273 memori-..-

1083 4283 1276 4364 prodiderunt
1291 4298 1341 4338 res
1357 4283 1500 4339 Ecclesiae
1515 4301 1600 4340 nemo
1617 4303 1675 4341 aon
1688 4289 1950 4344 meminithrtaa

1097 4371 1143 4407 66
1159 4353 1288 4408 vidimus
1299 4355 1498 4424 quidsaaetus
1508 4357 1653 4412 doctorde
1664 4358 1713 4412 illa
1725 4361 1910 4430 scripseriti
1923 4382 1948 4406 ι

1110 4441 1156 4480 66.
1168 4425 1220 4479 lib.
1236 4442 1263 4479 v.
1282 4441 1361 4480 num.
1377 4427 1421 4493 11,
1434 4427 1470 4482 de
1481 4429 1895 4499 666611661116161666611611
1907 4456 1909 4475 r
1922 4454 1942 4472 τ

1083 4497 1134 4552 lib.
1151 4513 1191 4566 ru,
1209 4499 1237 4550 61
1256 4496 1324 4550 alibi
1341 4497 1477 4568 pluribus
1499 4500 1585 4555 locis.
1602 4500 1708 4555 Secuta
1733 4508 1781 4556 est
1800 4504 1950 4558 demam·

1084 4584 1154 4621 vora
1170 4568 1326 4638 correctio,
1343 4585 1430 4639 quam
1448 4570 1626 4625 Ambrosias
1641 4574 1805 4628 secundam
1820 4578 1907 4629 vocat

1083 4638 1194 4708 Synodi
1215 4654 1303 4709 porro
1324 4656 1446 4710 quarum
1474 4641 1522 4695 hic
1546 4643 1713 4697 testimonia
1738 4644 1907 4700 indicantur

1083 4727 1125 4764 eea
1142 4713 1210 4764 sunt
1227 4725 1232 4764 :
1251 4711 1520 4784 Alexandrina,qui
1537 4714 1655 4783 praefuit
1670 4715 1855 4772 Athanasius
1870 4734 1906 4771 aa

1082 4781 1154 4849 366(
1185 4782 1319 4835 16116166
1341 4798 1432 4853 eopse
1447 4800 1523 4838 anno
1541 4790 1651 4854 coacta,
1669 4787 1757 4857 cajus
1774 4790 1901 4859 synodis
1912 4808 1950 4832 τι

1083 4852 1208 4923 epistola
1232 4853 1308 4907 inter
1330 4853 1433 4908 Hilarii
1449 4853 1613 4926 fragmenta
1638 4862 1753 4929 exstat;
1785 4861 1938 4915 Romana

1083 4925 1210 4995 denique
1240 4924 1338 4978 habita
1360 4925 1416 4982 sub
1442 4926 1559 4981 Damasi
1580 4929 1752 4998 pontificatu
1780 4947 1830 4987 66.
1855 4930 1932 4998 360,

1083 5011 1158 5068 6666
1175 5010 1279 5049 66666
1294 4997 1375 5049 adire
1391 5011 1489 5066 operae
1505 5000 1630 5068 pretium
1645 5015 1718 5054 sane
1734 5000 1837 5058 fuerit.

1119 5067 1175 5137 (60)
1192 5066 1311 5121 1166666
1325 5070 1384 5121 166
1407 5068 1514 5123 loedam
1538 5076 1626 5142 61666
1651 5071 1827 5128 horribilem
1856 5073 1916 5129 Arii

195 5142 331 5211 epistota,
358 5156 415 5211 666
436 5141 487 5193 vix
507 5141 669 5211 pretiosius
683 5142 761 5196 aliud
784 5144 966 5214 antiquitatis
981 5145 1028 5216 pi·
1082 5143 1207 5192 mortem
1236 5138 1418 5193 Athanasius
1443 5149 1594 5212 memorat,
1620 5146 1693 5197 orat.
1717 5144 1748 5198 in
1771 5146 1864 5200 Arian
1891 5149 1917 5199 61

195 5228 274 5285 gaus
289 5213 325 5266 ad
341 5227 396 5267 nos
423 5212 565 5282 pervenit,
592 5215 689 5266 exstat
710 5213 739 5266 iu
755 5214 909 5269 Athanasii
924 5213 975 5270 lib.
992 5215 1029 5271 de

195 5286 270 5357 Syn.
282 5284 379 5338 Arina.
393 5283 825 5355 61861666,16166161666666
842 5286 928 5341 morlo
944 5302 961 5340 a
976 5286 1029 5342 Se·

196 5358 285 5425 crate,
294 5355 457 5410 Sozameno
469 5354 688 5409 etlheodoreto
699 5356 1027 5428 Graecisscriptoribas,

196 5429 225 5482 at
236 5426 323 5482 etiam
339 5425 376 5481 ab
388 5425 501 5481 Hilario
518 5427 547 5479 in
563 5425 747 5497 fragmentis.
767 5427 875 5482 Verum
886 5427 1029 5497 praeclara

186 5496 244 5552 'illa
259 5496 411 5553 confessio
426 5512 485 5552 aon
505 5495 554 5550 diu
566 5497 681 5569 integra
699 5501 922 5568 perseverarit3
947 5499 1028 5554 illam

184 5560 274 5641 euim
295 5571 390 5641 primo
406 5567 508 5623 decem
525 5567 642 5622 concilii
657 5569 694 5625 ad
708 5567 911 5625 Constantium
927 5569 1026 5643 legati,

196 5640 301 5696 deiude
317 5655 421 5696 omnes
437 5639 529 5694 ferme
540 5639 589 5694 isti
597 5639 813 5695 antistitesnon
823 5645 1027 5714 correxerant,

195 5711 250 5771 sed
265 5714 460 5789 corruperunt
481 5727 487 5770 :
514 5727 579 5768 cum
599 5713 705 5786 partim
720 5711 756 5770 eb
772 5711 949 5787 imperatore
967 5715 1029 5776 tar·

1083 5210 1181 5263 fusius
1197 5210 1293 5264 adhuc
1308 5210 1392 5279 epist.
1411 5211 1449 5265 aci
1460 5212 1576 5283 Serap.,
1595 5214 1644 5267 ubi
1668 5216 1831 5271 biaoariam
1850 5232 1913 5287 pre·

1084 5281 1235 5351 6161666
1252 5281 1387 5351 ejusdem
1399 5284 1576 5338 narrationis
1589 5287 1718 5355 praedem
1728 5288 1810 5343 61161.
1821 5288 1913 5343 llemi-

1083 5353 1221 5407 nitetiam
1233 5351 1299 5423 ejus
1317 5352 1510 5423 Epiphanius,
1534 5355 1644 5411 haeresi
1657 5358 1701 5412 oe.
1719 5356 1804 5422 Quod
1821 5366 1912 5415 66166

1083 5423 1120 5477 ud
1145 5423 1305 5478 historicos
1329 5424 1563 5496 ecclesiasticos,
1581 5443 1648 5482 cum
1659 5430 1710 5482 vix
1721 5429 1802 5485 ullus
1814 5447 1913 5487 eorum

1083 5495 1162 5549 illam
1176 5495 1416 5564 praetermiserit,
1434 5514 1669 5568 sapervoaanum
1685 5507 1767 5556 esset
1783 5502 1913 5574 ipsoram

1083 5567 1201 5621 nomina
1222 5566 1270 5620 hic
1284 5567 1419 5639 prodere.

1119 5637 1175 5711 (10)
1189 5636 1299 5694 Omnes
1316 5638 1384 5696 edit.
1411 5655 1478 5696 666
1493 5644 1575 5716 perte
1599 5658 1658 5700 non
1686 5644 1809 5702 minime
1830 5661 1914 5720 mss,

1083 5708 1177 5779 Deam
1189 5724 1256 5772 esse
1266 5709 1359 5769 11166
1375 5731 1384 5771 .·
1399 5712 1507 5773 melius
1520 5717 1619 5774 temen
1633 5715 1693 5789 alii,
1706 5716 1758 5797 qui
1772 5731 1830 5777 aee
1844 5733 1915 5802 pau·
