3900 6128
86 277 165 342 1619

87 494 141 528 555
155 478 215 542 eius
229 480 336 532 1551551,
359 473 406 523 sed
423 474 506 536 patris
530 473 607 523 etiam
623 473 792 521 aeternitatem
811 472 923 536 probare

88 544 172 591 decet.
190 541 249 588 Mox
266 537 354 586 eadem
370 550 429 585 cum
449 535 585 584 duodecim
604 534 772 583 sacerdotalis
787 537 869 583 vestis
886 535 922 584 la·

89 605 194 667 51111555
204 601 300 650 cursim
311 612 475 660 comparans,
487 611 564 659 quam
577 598 726 645 necessario
736 597 922 659 conjungenda

88 668 149 720 sint,
163 664 265 712 inducta
279 662 398 723 ipsorum
407 673 474 708 nova
484 659 668 709 distributione
680 661 807 721 patefacit.
824 659 922 708 Deinde

87 728 118 775 ad
135 724 295 789 propositam
312 722 531 785 comparationem
549 721 662 775 rediens,
676 720 814 782 allegorice
826 734 922 769 memo·

87 791 137 837 rati
151 787 261 836 amictus
275 789 404 833 texturam
426 797 456 832 55
479 783 582 857 lapillos
604 783 698 831 laudat.
720 783 787 831 Hinc
812 783 921 845 mystica

88 853 163 898 etiam
177 848 288 912 geminae
304 846 444 895 divisionis
466 851 567 894 ratione
588 844 672 898 allata.
693 845 838 892 institutam
851 858 922 893 com-

107 913 247 961 arationem
261 909 347 972 pergit
360 921 508 970 exponere:
522 921 554 956 ex
569 919 620 969 qua
634 907 711 954 fldem
725 907 849 968 operibus
864 907 920 956 col-

88 929 171 1038 figens
185 971 348 1021 attexendam
360 984 428 1028 esse,
442 974 602 1018 contractam
613 968 733 1032 ejusdem
743 968 801 1016 fidei
813 969 843 1016 de
855 969 921 1018 Filio

89 1034 290 1098 descriptionem
305 1032 401 1080 subdit.
874 1029 922 1081 589

119 1099 180 1148 Car.
192 1097 211 1145 1.
225 1122 256 1131 -
270 1095 427 1144 arianorum
442 1094 489 1143 Dei
505 1093 571 1143 Filio
585 1092 725 1142 bonitatem
738 1092 921 1158 abrogantium

89 1160 260 1221 objectionem
285 1170 338 1205 non
366 1157 423 1205 sine
450 1157 560 1205 horrore
583 1155 745 1217 propositam
771 1160 799 1203 ut
827 1154 920 1212 solvat,

87 1222 181 1272 Christi
197 1220 350 1268 sententiam
364 1232 395 1266 ex
419 1219 544 1280 personis
564 1216 737 1278 loquentium,
761 1231 874 1266 necnon
889 1231 921 1266 ex

89 1285 154 1345 ipsis
169 1280 327 1331 dictionibus
342 1280 460 1341 explicat.
874 1278 922 1328 586

119 1346 180 1395 Car.
205 1345 236 1392 ll.
260 1343 412 1392 —Bonum
432 1356 491 1391 esse
515 1341 611 1390 Filium
627 1341 659 1389 ab
673 1341 797 1403 operibus
819 1342 920 1404 probat,

88 1409 210 1455 nimirum
224 1405 256 1453 ab
271 1404 330 1466 ejus
345 1405 371 1451 in
387 1404 519 1453 israelitas
538 1404 588 1452 sub
602 1403 768 1452 Testamento
782 1404 871 1460 veteri,
897 1408 923 1452 ot

88 1471 113 1517 15
128 1469 291 1518 Christianos
312 1467 362 1514 sub
382 1480 460 1525 novo,
484 1465 626 1514 beneflciis.
650 1466 718 1513 Tum
738 1465 782 1513 ubi
809 1466 923 1527 subjecit

88 1533 150 1580 utile
165 1531 215 1579 5151
233 1542 238 1576 :
258 1535 393 1591 paternum
417 1528 447 1576 de
476 1528 541 1576 Filio
565 1528 743 1576 testimonium
757 1528 832 1575 affert
848 1540 854 1574 ε
871 1528 922 1576 imo

87 1596 164 1641 etiam
179 1591 260 1655 partis
275 1605 327 1640 non
342 1593 382 1638 exi
403 1604 442 1640 uae
457 1591 624 1646 ludaeorum,
641 1589 736 1651 quibus
751 1589 860 1651 proinde
875 1603 920 1652 pe·

85 1656 160 1717 joras
180 1654 271 1702 Ariani
295 1667 355 1701 esse
396 1652 551 1701 eclarantur.
576 1652 639 1709 0515
667 1651 753 1699 omnia
781 1653 922 1700 verborum

89 1718 208 1778 Sponsas,
225 1715 340 1764 eamdem
355 1715 453 1764 Christi
469 1714 609 1763 bonitatem
629 1713 831 1776 designantium,
847 1714 921 1762 elau-

89 1780 126 1828 dit
139 1778 276 1840 expositio.
877 1774 923 1825 tat

120 1843 181 1892 Car.
196 1840 241 1888 111.
256 1839 395 1888 -Filium
415 1838 463 1887 Dei
486 1839 569 1888 Deum
590 1837 688 1887 bonum
702 1850 733 1886 55
747 1851 838 1887 verum
853 1851 921 1893 5555,

89 1917 148 1952 cunt
160 1904 230 1950 Deus
245 1915 315 1950 unus
330 1902 373 1949 eit.
876 1899 923 1949 599

120 1967 181 2014 Car.
198 1964 241 2011 IV.
257 1991 288 1999 —
302 1963 508 2025 omnipotentem
523 1976 582 2012 esse
602 1963 647 2012 Dei
667 1962 762 2012 Filium
775 1963 856 2027 prisci
872 1976 922 2010 no·

88 2028 167 2088 vique
181 2025 286 2074 faederis
301 2026 453 2074 auctoritate
470 2025 673 2074 demonstratur.
877 2023 923 2073 1189

119 2089 276 2138 551111.-
296 2087 420 2150 Objectos
440 2087 569 2136 adversus
592 2087 689 2137 Christi
710 2087 924 2148 omnipotentiam

89 2151 233 2212 Scripturas
248 2156 335 2199 textus
349 2151 456 2213 exponit
472 2163 501 2198 ac
524 2150 636 2198 maxime
660 2149 686 2196 in
708 2162 738 2196 55
759 2148 921 2204 immoratur,

89 2220 117 2262 ut
131 2212 250 2262 eumdem
265 2227 318 2261 non
333 2225 392 2261 raro
408 2226 439 2260 ex
453 2213 573 2261 humanae
584 2216 682 2259 naturas
697 2208 924 2319 5555515551ἓοηό

108 2276 190 2324 cobet.

89 2291 181 2386 pean.
197 2336 242 2384 Vl.
260 2361 289 2374 -
304 2336 447 2384 Occasione
463 2334 628 2396 superiorum
645 2331 790 2394 Scriptura
806 2330 924 2382 locorum

89 2399 216 2460 tantisper
232 2397 392 2461 digrediens,
417 2397 563 2444 libertatem
580 2395 684 2443 Domini
706 2393 818 2456 primum
841 2408 872 2442 ex
893 2406 923 2443 eo

89 2460 159 2523 quod
175 2460 262 2507 eadem
277 2460 403 2521 preditus
417 2456 687 2519 afssrmeturSpiritus
698 2462 816 2511 5555155,
832 2455 924 2504 deinde

89 2523 223 2584 expressis
245 2522 341 2582 quibus
363 2521 420 2582 ipsa
441 2519 506 2568 Filio
524 2519 570 2567 Dei
591 2518 750 2578 attribuitur,
767 2518 924 2566 testimoniis

90 2585 258 2632 demonstrat.
877 2578 925 2629 599

121 2646 186 2695 Car.
203 2647 262 2693 Vll.
282 2671 314 2680 -
331 2644 406 2693 Redit
420 2642 451 2692 ad
469 2643 610 2705 propositae
631 2642 792 2690 difficultatis
812 2642 923 2692 solutio·

90 2723 158 2764 nem,
177 2713 201 2755 et
216 2707 375 2755 voluntatem
395 2707 555 2766 affectusque
574 2706 703 2753 humanos
719 2717 734 2751 5
748 2704 850 2754 Christo
862 2717 924 2752 vere

90 2773 229 2832 susceptos
243 2783 311 2824 esse,
327 2782 357 2816 ac
372 2767 490 2830 proinde,
506 2767 633 2829 quidquid
657 2768 682 2814 in
706 2767 763 2829 ipso
787 2780 839 2815 non
858 2780 923 2815 con-

90 2833 160 2895 gruit
174 2832 312 2886 divinitati,
328 2845 359 2879 ex
379 2831 476 2878 eisdem
494 2830 558 2878 oriri
578 2829 662 2886 docet,
675 2834 752 2891 atque
767 2829 798 2877 ad
814 2829 839 2877 id
855 2828 924 2891 quod

92 2894 168 2943 simul
184 2895 254 2942 Deus
270 2899 294 2941 51
308 2893 385 2940 homo
398 2897 464 2946 erat,
479 2893 580 2940 referri.
877 2890 925 2940 599

121 2959 181 3007 Car.
199 2956 269 3004 Vlll.
294 2981 325 2990 -
348 2957 387 3003 Ex
408 2954 536 3016 principio
559 2954 676 3016 proxime
700 2959 759 3002 ante
782 2953 924 3001 constituto

90 3018 154 3068 illud
178 3018 298 3072 solvitur,
323 3017 392 3077 quod
416 3017 537 3066 Christus
560 3017 624 3064 dixit
640 3028 646 3062 t
662 3035 675 3058 e
694 3015 772 3064 Pater
786 3015 871 3076 major
885 3029 925 3065 me

91 3085 139 3129 ost.
154 3098 165 3123 a
183 3080 245 3134 Quae
264 3079 343 3127 rerba
358 3078 445 3127 515115
463 3077 582 3141 ejusdem
598 3078 706 3126 rationis
721 3078 764 3126 ubi
781 3077 925 3126 secundum

91 3142 278 3190 humanitatem
299 3140 467 3202 intelligenda
491 3154 550 3188 esse
574 3147 710 3189 ostensum
734 3145 782 3197 est,
807 3139 925 3188 eumdem

92 3205 230 3252 Dominum
250 3202 395 3250 secundum
416 3207 534 3250 naturam
558 3202 672 3252 divinam
695 3202 746 3250 dici
770 3215 822 3251 non
845 3214 925 3263 posse

91 3266 162 3314 Patri
176 3265 323 3312 inferiorem
338 3264 426 3312 multis
440 3265 618 3313 confirmatur.
880 3263 926 3312 595

122 3330 183 3378 Car.
202 3328 242 3376 llt.
258 3354 289 3363 -
306 3327 497 3387 objicientibus
512 3327 607 3375 Filium
621 3340 681 3376 cum
694 3340 709 3375 a
724 3327 801 3376 Patre
816 3328 851 3376 sit
864 3328 926 3375 mis·

92 3404 148 3446 sus,
165 3404 195 3437 eo
210 3391 299 3450 utique
315 3390 443 3437 minorem
461 3403 528 3441 esse,
545 3389 719 3452 respondetur
734 3390 805 3437 illum
821 3390 926 3437 etiamn

91 3453 190 3514 Spiritu
206 3453 316 3500 missum
329 3464 381 3513 quo
396 3457 480 3499 tamen
495 3452 580 3499 minor
595 3465 647 3500 nen
663 3452 795 3501 habeatur.
810 3451 927 3500 Additur

91 3517 167 3563 etiam
183 3513 309 3576 Spiritum
324 3514 389 3562 mitti
402 3527 416 3562 a
430 3514 505 3563 Patre
520 3520 545 3562 et
561 3513 635 3570 Filio.
658 3519 686 3561 ut
706 3514 845 3574 utriusque
862 3526 926 3575 ope·

91 3578 222 3625 rationum
245 3576 332 3625 unitas
353 3576 526 3640 designetur:
551 3577 612 3625 hinc
635 3576 806 3624 admonemur
834 3573 925 3624 sedulo

91 3640 306 3701 distinguendum
329 3652 388 3699 qus
406 3638 553 3687 locutiones
573 3637 679 3686 Christo
704 3643 731 3686 ut
756 3639 818 3693 Deo,
834 3650 927 3698 quaeve

92 3702 177 3749 eidem
191 3707 218 3748 ut
232 3700 329 3749 hornini
342 3701 498 3749 conveniant
513 3713 519 3749 :
534 3714 645 3762 quarum
655 3699 772 3764 exempla
783 3713 834 3748 non
844 3711 926 3763 pauca

92 3763 272 3824 subjiciuntur
285 3766 510 3872 exponunturque.
880 3759 927 3810 599

122 3825 187 3873 Car.
207 3826 235 3874 x.
246 3851 278 3862 -
295 3825 316 3872 0
333 3824 475 3885 jectionem
490 3838 504 3872 a
519 3825 577 3874 Filii
598 3823 744 3874 obedientia
759 3824 927 3884 desumptam

92 3888 171 3936 solvit
192 3891 352 3947 ostensoque
373 3886 509 3935 Trinitatis
533 3900 611 3935 unam
632 3887 781 3948 potentiam,
806 3886 927 3935 divinita-

92 3956 150 4009 tem,
165 3956 242 4010 atque
257 3948 434 4011 operationem
453 3963 526 4004 esse,
545 3948 617 3997 addit
632 3949 764 3997 Christum
780 3948 855 3996 etiam
869 3961 925 3997 ma-

90 4013 134 4121 ffi'·
147 4024 198 4072 qua
215 4010 301 4058 minor
319 4008 370 4058 diei
388 4011 537 4072 neutiquam
556 4015 651 4073 potest,
670 4009 843 4061 obedientiam
857 4009 927 4121 effi

110 4087 190 4121 uisse.

122 4136 186 4184 Car.
211 4135 305 4183 15.-
327 4134 455 4197 Proponit
478 4148 538 4183 cum
561 4135 666 4183 Arianis
690 4135 835 4184 humaniter
850 4148 927 4198 agere

92 4199 184 4245 Christi
200 4196 317 4260 exemplo
333 4197 444 4246 vulnera
462 4197 525 4245 vino
545 4202 569 4245 et
584 4195 641 4244 oleo
655 4198 774 4246 curantis
789 4209 795 4244 :
810 4196 843 4245 ad
857 4196 926 4271 qued

94 4259 197 4306 5515515
221 4259 437 4308 medicamentum
460 4273 551 4308 omnes
571 4260 695 4313 inritans.
712 4272 762 4321 quo
778 4259 888 4308 consilio
904 4259 926 4306 is

93 4332 197 4367 carnem
223 4321 353 4377 induerit,
376 4326 468 4383 etqua
489 4322 611 4381 utilitate,
636 4323 728 4372 tradit.
755 4322 824 4370 llinc
844 4321 927 4384 aperit

93 4385 219 4443 quantum
234 4384 316 4444 prosit
334 4384 410 4432 tidem
426 4385 595 4445 habereque
612 4384 740 4434 Christum
755 4390 862 4457 propter
878 4397 927 4431 nos

94 4457 197 4490 eirenem
210 4443 383 4494 infirmitatem
398 4447 550 4509 suscepisse
563 4448 757 4510 cognoscimus,
769 4459 848 4507 55555
862 4445 928 4494 divi-

94 4507 163 4552 nitas
179 4505 203 4577 15
220 4507 342 4566 55551555
363 4509 521 4570 erumpebat.
547 4510 586 4557 Ex
608 4509 704 4571 551555
728 4508 870 4571 intelligere
887 4513 927 4556 est

94 4568 140 4614 Dci
163 4566 256 4614 Filium
279 4568 336 4615 5155
359 4569 521 4631 subjectione
545 4570 597 4619 5115
619 4571 731 4619 missum
752 4571 857 4619 fuisse:
881 4584 927 4620 nec

93 4629 259 4676 metuendum
274 4643 305 4676 ne
321 4631 386 4678 tides
400 4633 455 4680 haec
472 4631 608 4695 displiceat
627 4632 707 4689 Patri,
727 4633 822 4696 quippe
838 4635 882 4694 qui
900 4633 926 4681 in

93 4691 146 4739 11115
162 4692 212 4739 5151
225 4691 387 4753 complacere
401 4695 539 4759 significet.

124 4755 185 4801 Car.
202 4755 257 4802 1111.
270 4754 443 4805 -Christum
456 4758 482 4804 15
496 4770 608 4819 persona
618 4757 718 4819 judicis
732 4756 927 4806 consideratum

93 4815 219 4887 Catholici
234 4830 266 4864 an
281 4817 371 4866 Ariani
388 4819 480 4867 melius
496 4820 546 4867 sibi
557 4819 704 4874 5555111551,
716 4820 864 4881 inquiritur.
877 4819 928 4869 Ob·

92 4882 173 4937 555115
189 4879 404 4940 propterjudicis
421 4882 567 4930 sessionem
588 4895 618 4930 ac
637 4881 723 4931 Patria
742 4895 821 4929 voces
839 4887 928 4931 exerta

95 4938 267 4997 dissolvitur;
283 4939 528 5005 demonstraturque
542 4943 638 4993 nullam
661 4946 686 4993 in
709 4943 776 4992 Filio
797 4957 844 4992 555
861 4945 926 4992 555·

91 5001 233 5072 jectionem
247 5002 400 5063 significari,
415 5005 485 5066 quod
502 5005 618 5054 sedeate
634 5006 709 5055 Patre
722 5006 863 5054 invitatus:
880 5019 928 5055 nee

94 5061 279 5124 praelationem.
295 5065 365 5123 qued
386 5066 419 5115 ad
443 5067 503 5128 ejus
517 5067 634 5116 dextram
650 5067 746 5116 sedeat.
763 5067 881 5130 Denique
897 5081 929 5116 ex

94 5124 219 5178 Anaetica
234 5125 355 5188 Trisagio
370 5140 544 5188 personarum
563 5131 588 5176 in
603 5130 657 5178 Deo
672 5130 825 5179 Trinitatem
841 5143 871 5179 55
888 5131 927 5179 51-

95 5173 147 5233 mul
164 5187 288 5234 unitatem
301 5192 400 5236 551555
415 5191 559 5252 significari
573 5191 727 5240 declaratur.
882 5191 928 5242 aot

125 5250 186 5297 Cer.
211 5249 279 5297 xltt.
301 5274 333 5285 -·
355 5251 507 5300 Continuata
525 5252 617 5313 judicii
638 5253 766 5302 Dominici
789 5253 928 5316 allegoria,

93 5310 259 5372 blasphemas
273 5311 441 5369 Arianorum,
458 5313 674 5369 sabellianorum.
690 5322 714 5364 et
727 5316 929 5366 Manichaeorum

94 5373 125 5420 de
140 5372 287 5433 subjudice
295 5374 432 5436 opiniones
448 5376 604 5425 Ambrosius
619 5377 821 5438 paucisrefellit.
831 5379 929 5427 Deinde

94 5436 237 5498 propositis
254 5435 349 5484 Christi
364 5434 513 5485 donateris
531 5438 588 5486 auis
604 5438 766 5489 adversariis
780 5441 930 5503 expostula·

95 5498 219 5553 tionibus,
231 5497 360 5558 judicium
374 5499 425 5547 sibi
440 5500 529 5547 mitius
543 5501 662 5550 futurum
677 5507 775 5563 sperat.
883 5503 930 5553 6117

126 5559 186 5607 Car.
204 5561 271 5608 XIV.
297 5586 328 5595 -
349 5561 452 5609 iudicis
467 5563 573 5623 exponit
587 5565 762 5621 sententiatim
781 5564 929 5614 discussis-

96 5632 145 5681 que
157 5620 366 5670 adrersariorum
381 5621 491 5682 cavillis,
503 5626 535 5673 ab
546 5637 576 5674 ea
590 5627 800 5688 provocationem
812 5640 864 5676 non
874 5627 930 5677 duri

96 5680 200 5744 planum
215 5683 283 5733 facit.
884 5689 931 5741 1109

128 5741 192 5791 Car.
207 5743 261 5794 XV.
276 5772 308 5782 -—
322 5745 439 5798 Modeste
454 5749 533 5797 sentit
543 5747 667 5812 deOpere
683 5763 731 5800 suo
748 5763 754 5799 :
769 5751 831 5801 dicit
846 5756 931 5800 tamen

97 5804 128 5852 ad
141 5803 217 5877 fldem
232 5803 295 5856 illud
307 5809 437 5867 sufficere,
455 5824 514 5859 cum
528 5809 623 5860 divinar
640 5813 801 5876 generationi
814 5818 852 5863 tot
866 5812 931 5864 15515

98 5867 236 5940 Scriptura
250 5869 304 5917 suff
350 5877 417 5932 etur,
435 5874 477 5921 cui
495 5873 691 5923 obsurdescunt
711 5876 811 5927 Ariani.
831 5876 933 5927 115555

92 5929 269 5994 pervicaciam
284 5929 316 5982 du
353 5933 485 6000 ’5551555
499 5935 609 5988 similem
622 5939 793 6007 patefaciens,
806 5937 936 6014 adpraes-

562 273 664 348 QtJAE
690 273 734 335 lN
748 271 836 334 HOC
855 269 978 334 TOMO
992 269 1307 335 CONTINENTUR.

1729 263 1809 328 1614

974 482 1017 525 tur
1031 474 1083 525 illis
1096 475 1214 524 veritatis
1228 487 1351 524 amorem.
1371 475 1506 523 Postremo
1521 473 1681 524 deserendos
1696 488 1750 532 eos,
1766 480 1808 524 ut-

975 545 1033 602 pote
1048 540 1184 587 haereticos
1197 543 1221 584 et
1236 537 1413 586 Antichristos
1428 537 1512 586 docet.
1761 535 1808 587 699

1004 602 1069 651 Car.
1085 601 1149 651 le.
1161 626 1192 635 -
1201 599 1468 649 Gratianovictoriam
1479 599 1622 662 spondens,
1632 613 1687 648 eam
1695 599 1727 648 ab
1740 600 1807 649 Eze-

973 663 1054 712 chiele
1063 662 1213 726 predictam
1222 668 1318 710 narrat.
1330 664 1369 710 Ex
1380 661 1472 723 pietate
1482 662 1646 723 imperatoris
1656 663 1724 710 hane
1734 675 1809 723 spem

973 726 1117 778 confirmat.
1134 725 1283 786 superiores
1298 724 1385 772 clades
1401 725 1494 772 haeresi
1504 722 1673 773 Orientalium
1687 730 1808 786 acceptas

972 789 1067 836 ferens.
1088 788 1170 835 Deum
1194 787 1296 835 1555515
1320 786 1449 842 obsecrat,
1474 794 1501 833 ut
1522 787 1579 848 jam
1593 787 1721 848 placatus,
1738 785 1808 834 ssdeli

972 850 1107 905 exercitui,
1123 849 1232 912 regioni.
1245 862 1276 897 ac
1291 849 1350 899 duci
1365 850 1431 897 ferat
1440 848 1573 898 auxilium.
1762 848 1807 898 611

1004 912 1109 961 LIBER
1126 910 1284 960 TERTIUS.
1761 910 1809 960 619

1004 975 1065 1024 Car.
1083 976 1101 1021 1.
1117 999 1148 1008 -
1164 973 1213 1021 Ubi
1228 972 1355 1035 praemisit
1372 973 1529 1021 Ambrosius
1544 972 1712 1035 quamobrem
1728 973 1809 1021 strie-

974 1038 1025 1085 tius
1041 1041 1147 1084 tractata
1163 1036 1188 1083 in
1202 1036 1336 1097 prioribus
1350 1034 1435 1090 libris,
1453 1035 1480 1082 in
1493 1036 1535 1083 his
1548 1036 1657 1084 uberius
1674 1033 1809 1084 tractanda

974 1099 1118 1161 suscipiat;
1134 1097 1267 1160 objectum
1281 1098 1330 1147 sibi
1346 1096 1492 1146 fabularum
1503 1110 1580 1145 usum
1589 1095 1707 1159 exemplo
1718 1095 1810 1158 Scrip-

973 1167 1038 1209 1555
1056 1159 1131 1208 diluit
1151 1173 1210 1208 eum
1232 1159 1280 1208 alia
1302 1160 1402 1222 poetica
1425 1161 1602 1216 memorantis,
1628 1165 1683 1207 tum
1699 1159 1810 1206 maxime

974 1222 1090 1278 Sirenas,
1106 1235 1164 1282 quan
1179 1222 1270 1285 flgurre
1286 1227 1348 1269 sunt
1361 1221 1540 1283 voluptatum:
1556 1235 1570 1269 5
1587 1223 1684 1283 551555
1697 1226 1721 1268 51
1734 1219 1808 1269 Ρ5511

973 1285 1053 1334 verba
1066 1290 1091 1332 et
1106 1284 1202 1333 Christi
1217 1285 1285 1333 facta
1299 1289 1401 1346 oportet
1417 1297 1526 1331 avocent
1542 1285 1713 1333 Christianos.

1005 1347 1069 1396 Car.
1095 1347 1128 1394 11.
1148 1373 1179 1381 —
1199 1345 1262 1403 Quae
1283 1346 1482 1407 eorporissunt
1505 1358 1520 1393 a
1543 1347 1645 1395 Christo
1667 1358 1713 1407 pro
1731 1344 1808 1392 nohis

974 1410 1098 1470 suscepti,
1114 1407 1242 1456 divinitati
1259 1422 1312 1455 non
1327 1407 1482 1456 tribuenda:
1498 1408 1643 1455 secundum
1655 1408 1722 1455 hanc
1737 1406 1809 1455 illum

973 1470 1149 1526 altissimum:
1166 1470 1236 1531 quod
1251 1471 1295 1530 qui
1311 1476 1395 1531 neget,
1411 1484 1468 1517 eum
1484 1469 1555 1518 Patri
1568 1470 1699 1518 ascribere
1728 1469 1809 1517 incar·

974 1534 1111 1581 nationem.
1126 1533 1192 1582 Cum
1206 1533 1276 1580 Deus
1291 1532 1385 1594 legitur
1400 1531 1473 1579 solus
1485 1546 1552 1588 csse,
1564 1538 1608 1580 551
1624 1531 1697 1579 solus
1713 1531 1808 1580 habere

975 1595 1200 1649 immortalitatem,
1221 1593 1246 1642 id
1266 1594 1342 1642 etiam
1364 1593 1559 1656 intelligendum
1574 1594 1605 1642 de
1619 1593 1736 1645 Christo.
1752 1597 1807 1641 tum

974 1661 1003 1705 ut
1016 1663 1156 1705 memorata
1171 1656 1289 1719 impietas
1303 1656 1690 1717 (155115515515155515555551
1704 1655 1763 1704 Filii
1777 1668 1808 1703 ac

975 1720 1059 1768 Patris
1073 1719 1200 1768 asseritur
1213 1719 1336 1779 operatio.
1761 1717 1808 1766 615

1005 1782 1066 1830 Car.
1083 1781 1129 1830 111.
1143 1807 1175 1816 -
1190 1780 1283 1828 Filium
1298 1794 1313 1827 a
1328 1785 1400 1853 patre
1416 1793 1467 1826 non
1483 1779 1657 1840 separandum
1673 1793 1703 1826 ex
1718 1780 1808 1841 Apos-

974 1841 1026 1893 1515
1039 1843 1198 1899 confirmari,
1214 1855 1273 1890 cum
1288 1841 1353 1890 Filio
1369 1854 1473 1902 555555
1487 1842 1625 1889 conveniat
1636 1841 1738 1889 beatum
1749 1854 1809 1888 esse

975 1906 1060 1954 solum
1082 1910 1212 1967 potentem
1230 1918 1260 1951 ac
1282 1903 1465 1957 immortalem,
1490 1908 1582 1950 natura
1605 1901 1734 1956 videlieet,
1757 1915 1810 1950 non

974 1969 1057 2029 gratia
1071 1981 1122 2028 qua
1144 1968 1194 2029 ipsi
1213 1967 1288 2014 etiam
1303 1965 1388 2027 angeli
1404 1971 1466 2012 sunt
1487 1964 1664 2022 immortales;
1682 1970 1706 2012 et
1724 1964 1810 2012 lucem

973 2030 1088 2078 habitare
1104 2028 1312 2077 inaccessibilem
1330 2039 1400 2088 :quo
1417 2025 1506 2074 ultimo
1521 2040 1571 2087 qua
1586 2026 1687 2074 ratione
1702 2027 1809 2074 1151511-

975 2091 1143 2152 5115515,555
1159 2093 1234 2151 55515
1259 2088 1335 2136 Pater
1357 2087 1439 2143 solus,
1461 2101 1491 2134 ac
1514 2087 1596 2136 Filius
1618 2089 1714 2148 pariter
1735 2085 1810 2135 solus

974 2153 1102 2206 dicantur,
1117 2150 1274 2199 ostenditur.
1764 2147 1812 2196 616

1007 2214 1071 2263 Can.
1086 2212 1130 2261 lV.
1145 2239 1177 2249 -
1191 2212 1324 2260 Christum
1343 2224 1395 2258 non
1411 2209 1461 2258 nisi
1475 2208 1619 2258 secundum
1635 2222 1739 2258 carnem
1753 2211 1809 2258 fac-

975 2282 1029 2328 tum
1045 2274 1145 2323 narrari
1157 2286 1164 2333 ;
1177 2273 1273 2336 quippe
1288 2273 1332 2334 qui
1345 2278 1373 2320 ut
1383 2272 1501 2320 homines
1514 2269 1659 2327 redimeret,
1676 2285 1726 2319 non
1743 2285 1810 2335 egu-

975 2337 1024 2387 erit
1038 2335 1179 2399 adjutorio,
1198 2336 1266 2383 sicut
1281 2348 1328 2382 nec
1341 2339 1370 2382 ut
1383 2349 1412 2383 se
1427 2335 1597 2382 resuscitaret
1611 2347 1617 2390 ;
1633 2347 1692 2381 cum
1707 2332 1766 2382 aliis
1781 2337 1810 2382 ut

975 2404 1094 2449 mortuos
1108 2398 1304 2451 resuscitarent.
1322 2398 1439 2444 oratione
1454 2410 1522 2457 opus
1537 2397 1623 2444 fuerit.
1645 2397 1701 2444 Etsi
1723 2400 1812 2444 autem

975 2463 1031 2525 ipse
1044 2461 1165 2517 oraverit,
1181 2461 1231 2507 hoc
1246 2457 1409 2508 referendum
1427 2457 1459 2507 ad
1482 2459 1668 2506 humanitatem
1684 2469 1689 2505 :
1712 2457 1812 2506 divini-

975 2530 1052 2573 tatem
1077 2536 1139 2570 vero
1164 2536 1195 2570 ex
1217 2535 1247 2569 eo
1274 2520 1342 2582 quod
1366 2521 1540 2581 imperaverit,
1564 2519 1761 2578 aestimandam
1783 2518 1812 2568 in

976 2600 1027 2648 quo
1051 2583 1171 2633 diabolus
1192 2584 1298 2640 Arianis
1324 2583 1498 2645 anteponitur.
1515 2582 1599 2635 Tum.
1622 2582 1742 2643 exposito
1764 2593 1812 2631 cur

976 2649 1059 2759 Flilius
1078 2647 1191 2695 hominis
1210 2653 1304 2708 551555
1322 2645 1432 2700 dicatur,
1449 2645 1596 2708 argumenti
1617 2645 1723 2707 ponitur
1745 2657 1813 2756 ciffi(a

976 2723 1070 2759 custo.

1007 2773 1073 2822 Car.
1089 2771 1121 2819 V.
1136 2797 1168 2806 -
1184 2789 1194 2814 a
1208 2771 1316 2819 Factum
1330 2787 1341 2812 a
1359 2769 1384 2817 in
1401 2768 1537 2831 Scriptura
1552 2781 1604 2816 non
1622 2780 1726 2830 semper
1743 2768 1813 2816 idem

977 2849 1034 2884 osse
1051 2848 1081 2883 55
1097 2853 1107 2877 e
1124 2838 1239 2881 creatum
1254 2852 1264 2876 5
1282 2831 1408 2893 exemplis
1426 2833 1528 2892 551555
1546 2831 1633 2891 petitis
1649 2831 1732 2878 docet.
1749 2829 1813 2879 lnde

976 2896 1076 2960 colligit
1091 2909 1143 2944 non
1157 2894 1332 2943 cavillandum
1347 2907 1378 2941 ex
1394 2893 1478 2942 littera
1495 2907 1566 2940 more
1580 2892 1740 2951 ludaeorum,
1756 2893 1812 2954 qui·

977 2961 1028 3008 bus
1043 2966 1127 3007 tamen
1141 2957 1279 3005 haereticos
1293 2955 1399 3019 pejores
1416 2956 1524 3017 probat,
1540 2961 1617 3016 atque
1640 2955 1733 3003 iterum
1747 2968 1812 3018 pro-

977 3022 1088 3084 positam
1103 3020 1241 3068 conflrmat
1254 3018 1417 3067 sententiam.
1765 3015 1813 3065 699

1008 3082 1072 3133 Cer.
1090 3083 1135 3132 Vl.
1149 3107 1181 3117 -
1195 3081 1374 3143 Ohjectionem
1389 3095 1419 3128 ex
1435 3081 1535 3128 loanne
1548 3077 1712 3140 desumptam
1727 3083 1755 3127 ut
1769 3078 1811 3126 di-

977 3146 1038 3202 luat,
1055 3146 1139 3206 primo
1155 3143 1316 3191 demonstrat
1336 3142 1487 3189 hlanichaeis
1508 3141 1666 3202 patrocinari
1684 3141 1812 3188 Arianum

978 3221 1084 3255 sensum
1102 3218 1107 3253 :
1127 3206 1218 3253 deinde
1231 3206 1304 3253 varia
1319 3203 1563 3263 distinguendorum
1581 3203 1721 3250 verborum
1735 3202 1812 3263 ejus·

977 3269 1035 3318 dem
1048 3269 1097 3317 loci
1112 3268 1230 3330 exposita
1246 3269 1353 3319 ratione.
1365 3268 1452 3327 ipsum
1463 3263 1533 3313 nullo
1546 3265 1623 3313 modo
1637 3264 1669 3313 ad
1685 3264 1812 3312 substan·

977 3332 1039 3379 tiam
1055 3331 1168 3379 divinam
1183 3331 1240 3377 sine
1255 3329 1340 3377 Patris
1355 3329 1451 3387 injuria
1463 3328 1553 3375 referri
1566 3331 1743 3389 posseaperte
1753 3339 1814 3389 pro·

978 3395 1029 3450 bat,
1046 3406 1190 3454 variamque
1204 3390 1275 3440 illius
1289 3391 1397 3451 exponit
1412 3389 1577 3438 intellectum.
1766 3388 1814 3438 1199

1009 3456 1074 3505 Car.
1090 3456 1147 3504 Vll.
1162 3481 1194 3491 —
1209 3454 1282 3513 Quod
1297 3466 1312 3501 a
1326 3452 1464 3502 Salomone
1476 3451 1574 3499 dictum
1591 3457 1639 3507 est,
1657 3470 1668 3492 e
1685 3451 1813 3499 Dominus

978 3519 1075 3567 creavit
1089 3531 1163 3574 man
1184 3522 1231 3565 515.
1256 3515 1343 3575 (Prov.
1360 3528 1417 3568 rur,
1434 3513 1481 3574 99),
1496 3513 1698 3562 incarnationem
1715 3513 1814 3562 Christi

978 3580 1010 3629 ad
1025 3579 1174 3628 redimenda
1189 3578 1274 3626 Patris
1284 3590 1362 3639 opera
1375 3577 1465 3624 factam
1478 3577 1583 3638 signare
1595 3589 1601 3634 ;
1616 3588 1668 3636 quo
1683 3590 1714 3622 ex
1728 3575 1814 3637 ipsius

979 3642 1039 3692 Filii
1052 3642 1140 3690 verbis
1156 3641 1293 3694 declarato,
1316 3658 1326 3682 1
1343 3638 1525 3701 principium»
1546 3637 1660 3685 ostendit
1675 3637 1751 3685 etiam
1766 3650 1814 3686 ao·

978 3705 1028 3766 cipi
1040 3717 1119 3766 51555
1132 3702 1163 3750 de
1177 3702 1340 3751 documentis
1355 3701 1489 3757 virtutum,
1502 3713 1611 3762 quarum
1625 3700 1741 3746 omnium
1755 3698 1814 3747 vias

978 3767 1055 3815 nobis
1071 3767 1196 3814 Dominus
1212 3764 1356 3826 aperuisse,
1380 3777 1410 3812 ae
1422 3776 1492 3810 ‘vere
1507 3762 1664 3825 principium
1680 3761 1814 3809 exstitisse

979 3829 1182 3878 demonstratur.
1767 3822 1815 3873 699

1010 3892 1074 3940 Car.
1090 3891 1160 3938 Vlll.
1175 3916 1207 3925 -
1222 3888 1377 3936 Versiculus
1400 3888 1424 3934 in
1447 3887 1514 3936 isaia
1536 3887 1654 3948 proxime
1671 3885 1765 3934 citatus
1781 3883 1814 3934 de

979 3953 1075 4002 Christi
1089 3952 1247 4000 humanitate
1263 3965 1292 3998 ac
1308 3949 1442 3998 divinitate
1459 3949 1612 4011 explicatur,
1628 3961 1710 4010 coque
1726 3949 1813 3996 varias

978 4017 1094 4064 haereses
1105 4011 1222 4078 jugulari
1239 4013 1375 4061 evincitur.
1765 4010 1813 4059 695

1010 4078 1074 4126 Car.
1093 4075 1378 4126 lx.-1titttcuttatem
1394 4089 1425 4121 ex
1438 4074 1494 4122 loco
1510 4072 1659 4123 Salomonis
1676 4072 1814 4135 supralau-

979 4141 1039 4188 dato
1062 4139 1222 4188 exorientem
1241 4137 1320 4186 solrit
1341 4138 1509 4191 Ambrosius,
1533 4135 1585 4185 illie
1609 4142 1634 4184 et
1654 4135 1814 4197 praeteritum

979 4204 1046 4251 sumi
1058 4215 1105 4262 pro
1120 4202 1220 4255 futuro,
1236 4206 1260 4248 et
1277 4199 1406 4262 geminam
1421 4199 1446 4246 in
1463 4199 1569 4248 Christo
1584 4204 1704 4246 naturam
1722 4195 1813 4256 desig-

979 4265 1036 4312 nari
1050 4263 1215 4326 patefaciens.
1767 4257 1815 4305 626

1010 4326 1074 4374 Car.
1099 4326 1126 4374 ll.
1148 4351 1180 4360 -
1200 4324 1322 4385 Baptistae
1337 4324 1417 4371 verba
1433 4338 1463 4370 ex
1479 4323 1575 4382 quihus
1590 4320 1723 4368 Christum
1738 4320 1814 4369 etiam

978 4395 1037 4437 ante
1058 4388 1262 4435 incarnationem
1284 4387 1381 4433 factum
1398 4384 1574 4445 disputabant,
1600 4381 1746 4433 soluturus.
1769 4381 1814 4430 ubl

979 4450 1106 4513 premisit
1119 4462 1149 4496 ea
1164 4449 1255 4496 referri
1269 4461 1348 4509 posse
1370 4446 1403 4493 ed
1429 4445 1700 4507 praedestinationem
1716 4442 1812 4492 intelli·

997 4512 1062 4561 enda
1077 4517 1161 4559 tamen
1181 4509 1212 4558 de
1232 4509 1408 4557 incarnatione
1429 4508 1462 4556 ab
1483 4505 1695 4555 antecedentibus
1710 4505 1812 4568 probat.

979 4528 1047 4624 51155
1062 4572 1235 4684 progrediens
1249 4569 1280 4619 ad
1297 4571 1415 4631 mystica,
1430 4571 1515 4631 ipsum
1537 4568 1662 4630 dignitate
1676 4581 1707 4616 ac
1722 4568 1814 4615 merito

978 4642 1037 4687 ante
1080 4649 1189 4684 oannem
1211 4634 1293 4683 fuisse
1315 4631 1451 4681 declarat:
1474 4632 1584 4679 maxime
1603 4643 1663 4678 cum
1680 4629 1813 4684 Ecclesiae,

881 4696 928 4745 609
979 4699 1058 4759 cujus
1079 4704 1157 4759 typus
1172 4697 1198 4744 in
1212 4697 1321 4744 historia
1337 4695 1404 4742 Ruth
1419 4707 1564 4754 expressus
1578 4693 1670 4745 fuerat.
1685 4703 1813 4754 sponsus,

980 4763 1055 4810 etiam
1068 4759 1175 4823 5151555
1191 4759 1290 4832 Moyse.
1306 4756 1380 4805 solus
1397 4756 1543 4806 exstiterit:
1560 4753 1813 4833 55515115519555-

980 4817 1611 4943 ⁸⁰ttt⁰l1futilitatealtstat.
1628 4884 1653 4927 a
1666 4877 1710 4928 aa
1728 4815 1814 4927 5111

979 4954 1023 4996 155
1038 4946 1133 4994 dicitur
1148 4948 1241 4998 factus.
1257 4946 1306 4992 hoc
1321 4943 1363 4991 rel
1376 4942 1408 4992 ad
1428 4942 1633 4991 incarnationem
1647 4940 1688 4989 vel
1703 4941 1734 4989 ad
1749 4953 1814 4988 cau·

981 5024 1036 5058 sam
1050 5008 1264 5069 siveadjunctum
1274 5006 1378 5067 aliquod
1387 5006 1480 5053 referri
1488 5004 1570 5053 deret.
1583 5004 1692 5052 Adsum
1707 5014 1815 5050 sonsum

980 5072 1092 5135 plurima
1107 5082 1244 5119 sacrorum
1258 5068 1379 5116 codicum
1393 5071 1419 5114 et
1436 5065 1508 5115 Pauli
1522 5067 1650 5129 imprimis
1668 5063 1815 5113 testimonia

980 5133 1123 5182 edisserit:
1140 5132 1249 5179 maxime
1264 5135 1349 5178 autem
1365 5131 1390 5176 in
1405 5143 1435 5177 eo
1453 5130 1613 5183 immoratur,
1630 5133 1659 5176 ut
1680 5126 1815 5174 Christum

981 5208 1071 5244 rerum
1089 5193 1249 5242 sacerdotem
1265 5205 1324 5240 esse
1341 5196 1417 5253 atque
1437 5191 1463 5238 15
1483 5189 1671 5239 Melchisedech
1688 5187 1815 5250 praetigu-

981 5262 1073 5313 ratum,
1090 5257 1164 5318 eique
1185 5268 1244 5303 cum
1264 5254 1338 5302 Patre
1360 5254 1519 5315 operationis
1535 5253 1668 5307 unitatem,
1684 5262 1738 5297 non
1753 5258 1816 5296 vero

981 5320 1063 5369 solam
1078 5317 1274 5367 similitudinem
1289 5318 1376 5365 inesse
1386 5314 1549 5378 persuadeat.
1769 5308 1818 5359 69)

1012 5382 1077 5431 Car.
1094 5380 1149 5429 th.
1165 5380 1329 5442 -Regnum
1345 5378 1430 5426 Patris
1449 5382 1526 5437 atque
1542 5373 1600 5422 Filii
1616 5386 1696 5421 unum
1710 5385 1770 5421 esse
1786 5383 1818 5421 55

981 5443 1132 5495 indivisum.
1148 5448 1172 5490 et
1187 5455 1264 5490 unam
1277 5441 1394 5489 similiter
1409 5440 1544 5498 utriusque
1554 5435 1724 5483 divinitatem.
1770 5431 1819 5483 698

1013 5505 1078 5554 Car.
1094 5505 1162 5553 Xlll.
1177 5529 1209 5540 —
1224 5503 1318 5552 Filium
1333 5502 1496 5563 majestatem
1510 5510 1585 5546 suam
1600 5511 1668 5552 esse,
1683 5501 1817 5558 5555151·-

983 5582 1022 5617 nae
1037 5567 1162 5630 aequalem
1178 5579 1184 5613 t
1200 5565 1424 5630 5515555511555
1440 5561 1494 5609 5151
1506 5558 1605 5624 angeli,
1622 5560 1668 5609 sed
1684 5563 1820 5671 specta&

983 5644 1034 5679 res.

1014 5692 1078 5742 Car.
1103 5691 1171 5740 xlv.
1196 5716 1228 5727 —
1251 5689 1335 5737 Unius
1357 5684 1511 5734 substantiae
1535 5697 1595 5732 cum
1624 5683 1699 5731 Patre
1725 5681 1821 5731 Filium

982 5767 1060 5812 esse;
1077 5755 1144 5803 hane
1158 5757 1244 5802 autem
1259 5751 1335 5797 etiam
1350 5746 1495 5796 secundum
1510 5745 1671 5796 divinitatem
1686 5744 1818 5794 55511115-

983 5819 1043 5866 bere
1059 5816 1085 5864 in
1101 5815 1190 5864 multis
1205 5812 1402 5873 Scripturarum
1420 5808 1588 5860 testimoniis,
1604 5808 1709 5857 tametsi
1722 5807 1752 5852 15
1763 5805 1830 5853 attis

984 5874 1313 5932 555551115555155555
1324 5869 1661 5934 551555555555551555
1678 5871 1730 5910 axa
1746 5863 1783 5905 55
1795 5862 1878 5959 a&

993 5942 1147 5996 carnatione
1158 5937 1341 6000 intelligatur.
