3900 6128
77 280 120 342 33
552 275 807 348 eroaricus
830 275 1138 348 MINISTRORUM
1162 283 1293 346 LIBER
1314 282 1339 348 1.
1765 293 1808 358 31

80 497 189 552 minem
213 495 282 567 (28),
307 501 395 570 atqua
415 500 535 570 apponit
557 515 685 572 nequam
708 500 842 572 spiritus,
865 498 917 571 qui
929 479 961 542 Α
974 499 1136 557 delectatus
1152 500 1219 571 ejus
1234 516 1327 557 sensu
1342 503 1488 572 prolundo
1504 507 1532 558 et
1556 507 1662 563 virtute
1685 512 1804 566 senten-

79 585 143 641 baec
160 586 203 640 illi
222 586 319 642 dicat:
350 587 405 643 sed
428 593 460 643 tu
482 590 512 643 in
534 592 615 660 petra
640 590 732 644 lixum
755 589 916 662 vestigium

78 679 155 728 lene.
175 674 240 729 Etsi
256 692 364 731 servus
374 678 637 747 conviciumdicat,
649 677 751 750 justus
761 675 914 748 lacet(29);

77 765 134 817 etsi
151 765 289 820 infirmus
305 767 513 822 contumeliam
524 766 622 838 iaciat,
632 767 734 839 justus
749 770 840 822 locet:
859 765 915 821 etsi

77 868 192 922 pauper
202 855 385 920 criminetur,
396 854 497 926 justus
508 871 567 910 non
581 857 752 927 respondet.
765 855 837 909 llaec
846 856 916 908 sunt

76 955 158 994 arma
173 941 259 1012 justi,
285 947 316 996 ut
333 943 465 998 cedendo
484 945 593 998 vincat.
621 944 703 1000 Sicut
727 944 813 1016 periti
826 943 914 1014 jacu-

76 1029 156 1082 landi
183 1031 325 1086 cedentes
350 1031 448 1087 solent
470 1033 600 1102 vincere,
618 1037 646 1088 et
668 1032 817 1105 lugicnles
843 1047 913 1104 gra-

78 1117 216 1173 vioribus
232 1124 407 1191 sequentem
423 1120 579 1176 vulnerare
594 1121 713 1177 ictibus.

399 1243 526 1301 CAPUT
541 1245 590 1300 Vl.

74 1366 139 1424 Hac
154 1369 185 1424 in
200 1384 237 1425 re
249 1370 403 1425 silentium
418 1375 505 1442 atque
519 1369 717 1426 bumilitatem
732 1370 831 1426 David
840 1371 911 1426 inri-

168 1440 257 1495 tanda
273 1456 351 1512 esse,
370 1457 407 1496 ne
425 1441 510 1513 diqni
530 1442 683 1497 videamur
700 1442 822 1515 injuria.

109 1562 156 1618 21.
181 1563 259 1630 Quid
274 1565 352 1620 enim
374 1581 451 1638 opus
474 1570 521 1622 est
544 1568 667 1638 moveri,
686 1584 753 1623 cum
776 1567 913 1624 audimus

973 590 1089 644 tiarnm.
1102 591 1291 645 Advertimus
1302 591 1381 646 enim
1391 608 1428 646 ex
1437 592 1484 647 his
1501 609 1567 664 qum
1578 595 1708 652 breviter
1727 600 1804 656 liba-

972 679 1081 749 vimus,
1112 682 1140 734 et
1168 679 1275 734 silendi
1299 679 1478 750 patientiam,
1508 685 1536 735 et
1558 686 1809 754 opportunitatem

972 766 1122 838 loquendi,
1140 771 1168 822 et
1182 767 1211 821 in
1227 768 1444 847 posterioribus
1460 768 1549 838 (lbid.
1561 771 1588 840 8)
1605 777 1803 846 contemptum

973 855 1151 926 divitiarum,
1160 872 1226 928 quae
1233 857 1506 912 maximavirtutum
1522 858 1709 917 fundamenta
1722 869 1807 936 sunt,

973 943 1030 998 hoc
1041 944 1155 1014 psalmo
1165 945 1275 1000 doceri.
1288 945 1362 1000 Dum
1374 946 1464 1018 igitur
1475 947 1553 1002 hunc
1567 949 1713 1018 psalmum
1729 969 1802 1008 con-

973 1033 1083 1102 sidero,
1100 1034 1250 1088 successit
1264 1035 1361 1089 animo
1378 1035 1413 1088 de
1426 1034 1539 1091 Officiis
1556 1038 1699 1094 scribere.

1007 1119 1051 1176 el.
1069 1122 1110 1177 De
1126 1122 1234 1194 quibus
1251 1123 1366 1177 etiamsi
1381 1124 1500 1196 quidum
1515 1124 1715 1199 Philosophiae
1738 1134 1803 1187 stu-

972 1209 1076 1266 dentes
1092 1211 1277 1282 scripserint,
1294 1215 1326 1266 ut
1341 1212 1489 1268 l‘anaetius
1505 1213 1574 1284 (el),
1591 1219 1620 1270 et
1634 1216 1715 1273 filius
1735 1219 1803 1292 ejus

972 1298 1049 1372 apud
1064 1297 1198 1369 Graecos,
1219 1299 1333 1355 Tullius
1348 1301 1426 1372 apud
1441 1301 1562 1358 Latinos
1576 1319 1583 1374 ;
1599 1320 1657 1360 non
1672 1307 1800 1365 alienum

972 1388 1038 1443 duae
1054 1404 1070 1442 a
1085 1392 1187 1444 nostro
1203 1404 1335 1459 munere,
1361 1392 1392 1444 ut
1408 1391 1495 1445 etiam
1518 1392 1583 1463 ipse
1604 1395 1750 1452 scribere.
1767 1397 1804 1454 Et

972 1476 1050 1532 siout
1069 1477 1183 1532 Tullius
1209 1477 1266 1549 (35)
1288 1478 1324 1532 ad
1347 1479 1540 1535 erudiendum
1564 1481 1666 1552 fllium,
1684 1485 1722 1540 ita
1746 1502 1802 1559 ego

971 1581 1089 1638 qnoque
1098 1566 1134 1619 nd
1146 1581 1200 1620 vos
1212 1565 1416 1621 informandos
1427 1568 1503 1623 lilios
1512 1583 1607 1640 meos,
1620 1577 1802 1644 nequeenim

76 1654 238 1707 convicia?
251 1652 313 1710 Cur
327 1670 386 1710 non
406 1655 555 1711 imitamur
571 1657 737 1713 dicentem:
763 1656 912 1728 obmutui,

75 1748 105 1796 et
116 1742 308 1798 humilitatus
317 1749 396 1810 sunt,
415 1750 445 1799 et
455 1745 529 1800 situi
542 1761 558 1800 a
577 1745 665 1801 bonis
679 1744 775 1814 (Psal.
787 1763 912 1816 xxxvm,
930 1744 1112 1835 Boonjugio
1127 1744 1342 1814 suscepissem.
1359 1744 1425 1799 Non
1447 1746 1525 1800 enim
1540 1748 1742 1806 vehementior
1757 1755 1804 1810 est

74 1831 128 1895 bl?
154 1834 201 1886 An
225 1833 283 1888 boc
307 1832 381 1888 dixit
404 1834 616 1905 tantummodo,
641 1849 701 1890 nou
731 1835 819 1890 etiam
844 1835 913 1890 iecit
970 1832 1804 1914 noturunddiligendum,quamgratia.Plusoertedilige·

75 1920 196 1974 David?
218 1921 279 1976 lmo
293 1925 321 1976 et
336 1920 407 1978 fecit
421 1922 463 1992 (ll
485 1923 559 1995 [leq.
576 1940 637 1993 xvi,
654 1921 670 1978 9
686 1929 716 1979 et
734 1925 821 1997 seq).
837 1924 913 1979 Nam
970 1922 1235 1993 redebemusquos
1251 1926 1392 1993 perpetuo
1406 1923 1707 1996 nobiscumpulnmus
1720 1928 1802 1985 iutu-

74 2010 186 2064 cumei
203 2010 422 2066 conviciaretur
444 2010 543 2067 Scmei
558 2011 638 2066 silius
663 2012 781 2083 lamini,
797 2013 913 2068 tacebat
969 2028 1031 2081 ros,
1049 2027 1137 2082 quam
1151 2026 1227 2082 quos
1238 2010 1592 2069 inboetantumsaeeulo.
1609 2014 1653 2069 llll
1670 2017 1801 2090 degene-

75 2098 171 2152 David
185 2098 258 2169 (30):
276 2103 304 2155 ct
318 2100 455 2171 quamvis
470 2103 573 2170 septus
588 2102 720 2170 armatis,
738 2117 797 2157 non
813 2104 910 2158 retor-
969 2116 1020 2155 res
1035 2102 1199 2155 nascuntur
1212 2099 1392 2170 frequenter,
1415 2100 1465 2172 qui
1481 2102 1642 2159 dedeceant
1670 2109 1799 2177 patrem:

972 1657 1070 1710 minus
1084 1670 1140 1709 vos
1159 1655 1250 1727 diligo
1271 1670 1347 1726 quos
1358 1655 1387 1710 in
1399 1655 1766 1733 Evangeliogcnui,quam
1776 1663 1803 1720 si

74 2187 185 2259 quebat
201 2189 380 2259 convicium,
390 2189 598 2244 nonultionam
609 2190 912 2262 quaerebat,eousquo
969 2205 1025 2244 vos
1040 2193 1107 2243 ante
1131 2188 1288 2260 elegimus,
1315 2191 1346 2243 ut
1370 2189 1538 2261 diligamus.
1562 2192 1663 2264 ltaque
1682 2194 1724 2250 illi
1747 2212 1801 2252 nc-

73 2281 105 2331 ut
119 2276 240 2331 dicendi
254 2276 314 2332 sibi
329 2277 441 2332 Servios
457 2277 518 2334 tilio
533 2279 612 2350 quod
627 2279 780 2335 vindicare
798 2279 830 2334 in
845 2295 913 2335 cum
970 2279 1110 2333 cessitate
1132 2276 1304 2350 diliguntur,
1331 2292 1398 2349 quae
1413 2295 1473 2333 non
1497 2280 1571 2334 satis
1587 2281 1693 2337 idonea
1713 2286 1801 2356 atque

73 2365 174 2435 vellet,
193 2381 253 2421 non
263 2367 443 2437 permiserit.
455 2367 517 2422 lbet
532 2383 605 2439 ergo
621 2370 761 2440 tanquam
771 2371 870 2423 mutus
885 2371 913 2424 et
970 2367 1107 2422 diuturna
1117 2368 1164 2421 est
1179 2366 1215 2420 ad
1231 2367 1457 2436 perpetuitatem
1471 2366 1614 2439 diligendi
1637 2371 1798 2443 magistra:

74 2454 260 2525 humiliatus,
285 2455 346 2509 ibat
369 2458 483 2525 tacens,
500 2471 555 2511 nec
577 2457 759 2527 movebatur,
784 2474 852 2513 cum
867 2458 914 2513 vir
968 2471 1024 2511 vos
1045 2454 1170 2527 judicie,
1187 2470 1245 2526 quo
1271 2470 1411 2526 magnum
1435 2455 1587 2512 charitatis
1603 2459 1719 2528 pondus
1743 2459 1800 2534 (36)

73 2544 276 2614 appellaretur
290 2545 460 2616 sanguinis,
476 2546 526 2617 qui
541 2550 604 2602 erut
626 2546 767 2601 conscius
783 2546 912 2618 propriae
969 2545 1005 2598 ad
1020 2545 1080 2599 vim
1095 2544 1238 2616 diligendi
1253 2543 1436 2615 adjungitur,
1448 2545 1574 2615 probare
1586 2561 1662 2619 quos
1677 2548 1795 2623 diligas,

75 2633 326 2689 mansuetudinis.
339 2633 406 2688 Non
422 2649 496 2706 ergo
512 2635 851 2708 movebaturconvioiis,
865 2636 913 2691 cui
969 2637 998 2689 et
1012 2634 1136 2707 diligere
1152 2648 1229 2705 quos
1243 2632 1383 2705 elegeris.

75 2721 247 2776 abundabat
261 2722 408 2778 bonorum
423 2738 546 2793 operum
562 2724 744 2779 conscientia
758 2723 825 2795 (31).

107 2809 154 2866 91.
172 2810 276 2882 Itaque
302 2811 396 2883 isqui
417 2812 476 2868 cito
491 2813 600 2884 iniuria
623 2808 768 2884 movetur,
792 2813 863 2868 lacit
878 2830 912 2870 so

74 2901 199 2973 dignum
221 2899 317 2956 rideri
340 2901 528 2972 contumelia,
544 2903 614 2957 dum
635 2903 698 2957 vult
712 2919 746 2958 ca
770 2902 911 2976 indignus

71 2989 206 3060 probari.
224 2989 330 3046 blelior
343 2993 390 3046 est
404 2990 561 3063 itaquequi
583 2992 752 3062 contemnit,
772 2991 912 3063 injuriam

73 3094 163 3149 quam
179 3080 231 3150 qui
252 3078 351 3148 dolat3
375 3079 427 3151 qui
450 3079 527 3135 enim
552 3080 722 3149 contemnit,
744 3081 832 3153 quasi
852 3096 911 3136 non

73 3169 193 3237 sentiat,
210 3170 250 3222 ita
269 3168 413 3239 despicit:
439 3168 490 3240 qui
505 3171 602 3224 autem
627 3170 715 3242 dolet,
732 3170 817 3242 quasi
840 3159 952 3226 sen-G
1026 3128 1172 3184 eductum·

74 3259 146 3312 serit
163 3255 234 3329 (ΒΞ),
251 3259 414 3329 torquetur.
1003 3252 1048 3310 25.
1060 3252 1140 3325 Ergo
1153 3251 1291 3324 quoniam
1301 3265 1437 3321 personae
1449 3253 1637 3323 conveniunt,
1647 3254 1800 3311 videamus

969 3348 1067 3402 utrum
1081 3357 1131 3397 res
1155 3340 1221 3411 ipsa
1236 3340 1392 3396 conveniat
1414 3339 1548 3396 scribere
1567 3341 1602 3395 de
1617 3340 1748 3398 Officiis:
1773 3347 1802 3400 at

969 3437 1067 3490 utrum
1096 3433 1152 3486 boe
1181 3446 1289 3485 nomen
1322 3428 1567 3499 philosophorum
1600 3432 1800 3490 tantummodo

970 3522 1082 3579 scholae
1092 3524 1190 3593 aptum
1200 3518 1248 3589 sit,
1266 3534 1301 3572 an
1318 3518 1405 3573 etiam
1419 3517 1449 3572 in
1464 3516 1626 3589 Scripturis
1637 3521 1802 3590 reperiatur

969 3611 1090 3668 divinis.
1099 3609 1225 3665 Pulchro
1236 3610 1334 3678 itaque
1345 3606 1415 3662 dum
1423 3605 1551 3679 legimus
1563 3606 1650 3665 hodie
1662 3609 1801 3683 Evange-

968 3701 1041 3756 lium
1057 3699 1149 3772 (quusi
1174 3697 1379 3753 adhortaretur
1392 3696 1429 3751 ad
1450 3697 1652 3768 scribendum)
1674 3699 1800 3769 Spiritus

969 3793 1091 3846 sanctus
1102 3787 1207 3843 obtulit
1215 3786 1302 3841 nobis
1313 3785 1480 3857 lectionem,
1491 3802 1548 3857 qua
1557 3787 1801 3845 confirmaremur

968 3882 1055 3936 etiam
1071 3878 1101 3933 in
1116 3876 1204 3932 nobis
1218 3874 1355 3929 Olsscium
1370 3874 1427 3928 dici
1443 3889 1544 3945 posse.
1561 3875 1637 3929 Nom
1662 3893 1728 3932 cum
1744 3878 1800 3934 Ze-

969 3967 1085 4024 oharias
1110 3964 1253 4021 sacerdos
1275 3963 1473 4018 obmutuisset
1492 3964 1523 4017 in
1545 3964 1653 4035 templo
1669 3969 1698 4020 ct
1719 3967 1801 4039 loqui

79 4036 167 4107 h⁰l¹¹⁸
183 4034 290 4107 psalmi
305 4034 449 4104 Pffloeffii⁰
459 4033 554 4105 (Psssl
566 4051 691 4106 ¹ffl11b
708 4028 735 4105 ¹)
745 4050 820 4090 ⁰⁸⁰⁸
832 4051 909 4091 ⁸⁰⁰¹·
967 4073 1027 4112 non
1043 4057 1159 4127 posset:
1178 4053 1299 4108 Factum
1311 4057 1366 4121 est,
1377 4052 1481 4123 inquil,
1495 4059 1524 4106 ut
1535 4052 1649 4125 impleti
1659 4056 1802 4112 suntdies

77 4126 168 4189 0¹¹0OE
194 4123 341 4194 psalmum
362 4122 505 4194 PP⁰Ph0¹⁸
528 4122 621 4177 David
642 4122 697 4194 133)
723 4126 825 4179 ⁸⁸⁰⁰²⁰
851 4124 911 4179 Idi·
968 4144 1060 4203 officii
1080 4142 1136 4215 (3¹1)
1161 4142 1235 4213 ejus,
1251 4141 1326 4196 abiit
1346 4141 1378 4194 in
1394 4140 1508 4196 domum
1522 4157 1604 4196 suam
1623 4143 1727 4213 (Luci
1742 4141 1799 4218 23).

77 4215 147 4268 thun
162 4212 329 4268 canendum
346 4212 436 4282 dedit,
447 4227 505 4284 ego
520 4211 607 4267 vobis
616 4211 776 4267 tenendum
786 4213 908 4284 suadeo,
967 4235 1109 4306 Legimus
1124 4233 1216 4304 igitur
1226 4229 1362 4286 Officium
1377 4228 1434 4283 dici
1449 4245 1465 4282 a
1481 4230 1568 4285 nohis
1584 4248 1675 4303 posse

1270 2793 1396 2850 CAPUT
1422 2795 1497 2852 Vlll.

968 2951 1083 3008 Nomen
1108 2947 1209 3018 aldeli,
1235 2964 1291 3003 non
1309 2947 1402 3004 solum
1418 2948 1614 3022 pbilosopbis,
1637 2951 1693 3007 sad
1710 2958 1799 3010 otram

1004 3038 1206 3111 scriptoribus
1225 3038 1324 3092 saeris
1346 3037 1485 3092 usitatum
1504 3054 1589 3105 esse·
1606 3046 1635 3094 et
1656 3041 1733 3097 unde
1747 3043 1802 3099 boe

371 3419 397 3484 8
411 3417 538 3474 cnPUT
553 3419 612 3473 Vll.

79 3552 167 3618 Quam
175 3553 304 3626 pulcbre
314 3554 454 3626 prooemii
468 3553 531 3609 loeo
547 3560 706 3626 usurpatus
714 3553 809 3610 tuerit
828 3555 912 3626 psal-

111 3660 173 3698 mus
182 3659 310 3712 xxxrm,
323 3658 378 3715 quo
392 3642 532 3698 inductus
545 3642 599 3697 Vir
607 3648 731 3698 sanctus
744 3642 781 3699 de
796 3642 914 3700 Officiis

110 3733 253 3788 seribere
263 3732 419 3787 constituit
431 3746 439 3801 3
452 3731 540 3804 idque
551 3732 738 3804 potiorijure
748 3747 834 3804 quem
843 3733 912 3789 olim

112 3824 221 3877 Cicero
236 3820 275 3875 ad
288 3818 390 3885 dlium,
409 3824 439 3875 et
454 3836 537 3893 quam
553 3820 726 3876 obcausam.

110 3946 153 4002 2⁵3.
171 3946 278 4016 Neque
287 3944 451 4016 improvida
462 3944 497 3999 ed
509 3960 565 4000 vos
576 3945 654 4001 illios
665 3961 749 4001 meos
760 3946 910 4019 scribens,

110 4355 168 4425 ⁸2²3}
185 4353 361 4411 3011111111·
384 4354 460 4425 ⁸⁰¹⁰,
476 4353 601 4410 adbibet
623 4355 771 4413 1¹⁰ml'110m
788 4370 951 4454 19111111)
967 4379 1036 4451 quis
1044 4380 1093 4431 aut
1103 4372 1388 4443 Possidoniumejus
1405 4372 1621 4444 discipulumct
1636 4390 1799 4430 successo-

77 4436 262 4555 spfrg't'ugiss·
281 4514 339 4552 non
356 4497 442 4568 pauci
462 4496 554 4552 hicet
574 4497 661 4567 infra,
671 4497 776 4570 justus
793 4503 908 4555 taccat:

75 4575 101 4624 et
117 4576 184 4639 post
200 4585 306 4638 pauca,
318 4570 420 4639 justus
431 4584 487 4623 non
502 4569 691 4641 respondeat.

108 4645 165 4694 ab,
184 4643 260 4694 llss.
278 4656 337 4694 nou
346 4640 443 4710 pauci,
454 4639 556 4694 Semel
565 4639 655 4709 filius,
667 4640 784 4696 tacebat
795 4641 908 4706 Darium·

74 4714 120 4766 alii
131 4715 257 4782 aliquot,
270 4711 371 4766 Semel
380 4711 460 4765 tilius
472 4712 561 4765 Gora.
573 4712 691 4767 tacebat
701 4711 809 4768 David.
823 4713 907 4768 Rem.

74 4786 153 4846 elit..
171 4782 278 4858 Semel
288 4781 368 4836 blius
384 4781 474 4863 Gara,
490 4781 546 4836 bb'i
558 4781 691 4851 Gemeni,
709 4786 765 4837 eto.

108 4856 165 4919 ull)
181 4853 258 4933 (jod,
282 4852 405 4933 Tbood,
422 4869 468 4907 our
485 4851 655 4908 abundabat
676 4853 771 4909 bonor
787 4859 817 4909 et
840 4870 909 4928 cpe·

74 4932 351 5066 runchfflieantlrlrg
370 5011 455 5075 mss„
472 4998 541 5065 post
581 4996 646 5051 nasi
659 4998 803 5067 senserit,
823 4999 910 5054 omit·

74 5072 136 5123 lunt
162 5073 336 5147 torquetur,-
361 5082 451 5138 cujus
475 5012 580 5122 loco?

74 5141 158 5211 quasi
169 5143 317 5193 senserit.

107 5212 166 5279 idel)
183 5207 296 5263 (lenter
319 5207 397 5264 buno
411 5208 510 5265 locum
532 5212 561 5265 et
582 5225 617 5264 aa
637 5226 704 5282 quaa
723 5211 816 5280 priori
831 5213 910 5267 tomo

74 5280 349 5423 rameru,
363 5280 789 5424 {saturaturus
804 5283 912 5410 trie
1004 5320 1062 5392 a>
1252 5317 1339 5389 u..
1368 5316 1491 5372 <aaa
1758 5329 1803 5389 a

72 5440 129 5495 que
144 5422 380 5478 animadvertes,
967 5407 1123 5484 >ιιτουργίας
1134 5404 1221 5469 αὐτὸν,
1234 5395 1471 5463 ministrationis,
1484 5411 1539 5451 seu
1550 5398 1707 5454 ministerii
1722 5396 1800 5487 ejus.

107 5495 166 5563 ι31)
185 5494 359 5559 l'anctium,
381 5493 470 5567 cujus
494 5495 673 5551 mentionem
688 5512 747 5552 non
770 5512 830 5552 uno
845 5497 911 5552 loco
968 5483 1025 5538 Sed
1052 5497 1118 5536 ⁰⁰⁰¹
1141 5480 1272 5536 Offissium
1297 5479 1335 5533 Sil
1358 5476 1389 5530 id
1412 5477 1491 5548 ‘1¹¹0d
1516 5478 1623 5549 ⁰¹11l1¹0
1649 5478 1801 5565 001¹V0⁰¹ffa

74 5565 291 5635 lolliuslacit,
320 5565 578 5623 llbodiumluisse
594 5583 632 5623 ax
655 5568 799 5624 Strabone
822 5568 913 5623 retent
967 5563 1045 5620 unde
1070 5563 1179 5617 dicitur
1199 5557 1436 5640 uraeeeaaeaaa:
1465 5557 1537 5612 nibil
1553 5572 1726 5640 varosocro
1749 5569 1802 5634 ml·

75 5637 205 5695 l'ossius
220 5636 413 5693 libdel'bil.
424 5640 529 5709 sectis,
539 5653 603 5711 cap.
614 5638 657 5710 la,
669 5655 737 5713 pag.
748 5639 811 5708 103,
824 5654 913 5710 quem
969 5636 1063 5690 nistre
1079 5648 1164 5706 mque
1184 5633 1341 5688 conveniat
1354 5633 1441 5700 atquc
1456 5631 1523 5710 ipsa
1538 5631 1715 5683 ministratio
1732 5623 1802 5706 lune

76 5709 211 5768 consule.
229 5708 272 5765 De
286 5706 348 5765 illio
363 5712 461 5766 autem
475 5708 544 5782 ejus
559 5709 610 5783 qui
622 5711 778 5783 scripserit
788 5710 910 5786 aliquid,
968 5706 1118 5789 intelligas
1134 5703 1213 5759 baud
1227 5701 1356 5758 absurda
1373 5702 1604 5758 Ambrosianum
1620 5699 1696 5755 hane
1710 5693 1804 5757 albert

73 5786 183 5865 praeter
205 5778 402 5849 Ambrosium
425 5778 502 5843 torte
525 5782 658 5861 reperias
674 5783 832 5861 neminem,
856 5781 916 5845 nial
966 5781 1168 5860 acceptronem
1184 5771 1303 5837 delendi
1318 5786 1420 5851 pesae.

967 4466 1029 4506 rem
1041 4447 1194 4519 intelligat,
1207 4446 1242 4500 de
1245 4459 1310 4570 lquo
1319 4444 1393 4498 Tull.
1407 4444 1457 4511 lib,
1469 4445 1510 4514 ιιι)
1522 4446 1559 4500 de
1568 4447 1652 4499 (libe.
1667 4450 1695 4500 et
1710 4446 1798 4514 epist.

967 4520 1000 4577 16
1012 4521 1050 4576 ad
1065 4521 1171 4587 Attio,
1186 4517 1232 4571 vel
1273 4518 1425 4570 ecunotcm
1434 4516 1554 4569 Panaetii
1578 4531 1696 4586 queque
1711 4515 1800 4569 audi-

966 4595 1070 4660 torem,
1082 4604 1169 4661 quem
1181 4588 1258 4642 idem
1276 4587 1351 4640 Tull.
1367 4601 1422 4639 sex
1438 4586 1531 4640 libros
1546 4587 1581 4640 de
1598 4588 1654 4640 boc
1669 4587 1735 4656 ipso
1750 4602 1800 4641 nr·

966 4665 1106 4737 gumento
1117 4659 1279 4729 scripsisse
1289 4661 1391 4711 auctor
1405 4660 1460 4710 est.

1002 4734 1059 4805 (36)
1074 4732 1140 4787 Lib.
1157 4748 1166 4784 1
1182 4731 1219 4785 da
1237 4728 1314 4783 orbe.
1328 4741 1403 4798 paga
1425 4725 1488 4796 351,
1511 4729 1581 4783 ίοιιι.
1600 4728 1636 4781 lv
1662 4728 1801 4854 cgusdem

965 4805 1027 4861 Cic.
1045 4817 1168 4874 operum
1183 4800 1310 4855 Genevae
1335 4796 1412 4866 opud
1427 4796 1488 4851 der.
1506 4797 1560 4853 des
1587 4799 1676 4854 Plano
1701 4816 1734 4855 es
1751 4816 1798 4857 an.

966 4876 1036 4930 1581
1053 4875 1199 4931 editorum
1221 4874 1320 4941 (quom
1342 4868 1401 4922 edit
1418 4867 1449 4921 in
1469 4871 1665 4940 sequentibus
1682 4887 1802 4942 semper
1824 4916 1828 4923 ,

966 4945 1176 5012 laudabimus),
1194 4942 1246 4995 lin.
1266 4940 1296 4994 3:
1317 4962 1327 4987 ι
1346 4938 1404 4993 Sed
1419 4955 1485 4994 oum
1501 4942 1674 4997 statuissem
1689 4941 1802 5013 aliquid

618 5067 623 5078 .
967 5018 1093 5073 boetem
1116 5029 1166 5069 ore
1182 5013 1218 5067 ad
1242 5009 1460 5080 rescribere»
1488 5017 1544 5068 etc.
1563 5014 1634 5067 ltcm
1650 5013 1687 5067 ad
1711 5015 1799 5070 Attia.

576 5071 637 5140 egit
652 5068 718 5123 eod.
743 5067 846 5140 Laud,
864 5075 910 5125 ast
967 5090 1054 5160 epist·
1070 5031 1133 5153 357,
1151 5085 1202 5139 qb·
1220 5100 1269 5138 xv·

1002 5159 1060 5231 136)
1076 5158 1140 5213 Vct.
1165 5156 1233 5211 edit.
1251 5169 1318 5211 cum
1337 5155 1441 5225 paucis
1467 5171 1552 5225 mss,
1571 5155 1714 5212 olraritati
1726 5170 1801 5229 pon-

969 5251 1034 5306 dus.
