3900 6128
74 323 139 389 969

691 333 996 406 EPISTOLARUM
1012 336 1182 403 GLASSIS
1198 341 1223 403 l.

1746 345 1820 412 970.

68 524 222 583 Palladius
236 527 310 582 dixit
327 542 334 584 :
353 549 365 581 ι
383 529 517 585 blandesi
534 534 566 586 ut
581 534 737 606 sederetis,
755 539 786 591 ut
802 553 908 610 argue·
927 530 955 595 K
1008 540 1124 596 Attalus
1140 540 1214 596 dixit
1231 555 1237 596 :
1256 563 1266 589 ιι
1285 540 1353 596 Non
1368 541 1420 596 tibi
1435 542 1612 613 respondeo.
1630 563 1643 593 ι

72 630 136 670 rem
150 631 217 671 vos.
228 614 325 682 Quare
335 618 529 689 subripuistis
540 621 732 692 imperatorii
746 624 784 679 Ut
794 627 914 697 plenum

75 703 308 761 conciliumnon
323 711 415 777 esset,
433 709 617 780 obripuistis.
635 735 646 759 ι

109 810 290 867 Ambrosius
306 813 467 884 episcopus
483 815 556 870 dixit
571 833 577 872 :
592 839 603 867 ι
621 816 694 872 Cum
704 819 766 874 ,tr-ii
782 821 911 891 impieta·

75 902 122 953 tes
138 897 321 972 legerentur,
338 906 366 957 et
381 903 515 974 impietas
534 908 582 960 tua
598 907 708 976 pariter
723 910 915 964 condemnata

77 990 133 1058 est,
155 1004 224 1059 quae
239 991 392 1044 consensit
408 992 524 1047 Arianae
549 993 699 1064 impietati.
725 996 837 1052 Placuit
861 998 915 1052 tibi

74 1076 105 1131 in
120 1075 247 1147 epistola
263 1078 358 1133 media
372 1079 529 1136 lectionem
540 1098 716 1154 proponere,
730 1102 817 1156 quam
831 1087 916 1141 vole·

71 1164 128 1220 bus
141 1165 199 1236 (66)
217 1181 225 1221 :
240 1182 419 1238 responsum
429 1169 482 1224 tibi
498 1174 544 1225 est
559 1172 805 1242 quemadmodum
817 1173 912 1230 Filius

8 1308 11 1313 .
74 1253 194 1310 Patrem
209 1254 352 1327 majorem
367 1256 485 1328 dixerit,
502 1273 537 1314 eo
553 1259 804 1331 quodseoundum
816 1263 915 1318 carnis

8 1332 15 1389 s*
73 1343 299 1415 susceptionem
311 1344 503 1417 PetermaJor
513 1351 559 1402 est
569 1364 614 1403 eo.
626 1348 810 1419 Proposuisti
827 1351 916 1406 etiarn

73 1430 247 1503 subjeetum
271 1448 340 1488 esse
360 1432 468 1489 Filium
483 1435 537 1490 Dei
558 1439 587 1492 et
601 1436 631 1491 in
654 1437 711 1493 hoc
736 1454 915 1510 responsum

70 1519 130 1576 tibi
145 1522 207 1592 est,
227 1522 296 1595 quia
315 1522 471 1594 subiectus
490 1523 584 1580 Filius
601 1526 653 1581 Dei
669 1528 833 1583 seeundum
848 1545 915 1583 car-

71 1624 147 1664 nem
163 1611 222 1681 est,
245 1626 305 1666 nou
320 1612 484 1667 seeundum
506 1613 697 1670 divinitatem.
723 1616 823 1672 Habes
843 1633 913 1688 pro-

69 1695 243 1754 fessionem
266 1702 413 1769 nostram,
435 1717 512 1757 nune
536 1702 604 1758 audi
629 1707 745 1760 caetera.
771 1704 915 1772 Quoniam

67 1785 126 1842 tibi
141 1802 329 1859 responsum
344 1792 400 1861 est,
416 1792 564 1862 responde
581 1792 618 1847 ad
633 1807 667 1848 en
687 1810 754 1865 qum
774 1794 914 1867 leguntur

67 1874 140 1946 (63).
160 1897 174 1927 ι

1006 628 1051 684 45.
1069 629 1217 683 Palladius
1235 630 1328 686 dixit:
1348 653 1359 678 ι
1377 630 1562 686 blodovultis
1573 634 1727 689 tractatum
1741 636 1806 707 ple-

972 734 1042 773 num
1059 717 1172 786 haberi,
1188 734 1226 772 an
1240 719 1321 773 rron‘.t
1337 741 1348 767 ιι

1007 805 1194 861 Chromatius
1218 808 1375 877 presbyter
1396 809 1469 862 dixit
1492 826 1498 865 :
1526 831 1538 861 ι
1562 809 1732 868 Creuturam
1747 830 1806 871 nou

971 897 1098 966 negasti,
1114 897 1263 966 potentem
1274 897 1390 967 negasti
1401 898 1467 969 (65).
1483 898 1585 955 Omnia
1596 903 1724 975 negasti,
1739 920 1807 976 quoe

972 982 1047 1037 tides
1064 983 1207 1038 catholiea
1222 986 1384 1056 prolitetur.
1403 1008 1414 1036 ιι

1008 1072 1136 1127 Sabinus
1159 1074 1319 1146 episeopus
1341 1074 1441 1131 dixit:
1462 1099 1472 1126 ι
1500 1079 1605 1135 Testes
1625 1095 1730 1138 sumus
1751 1096 1808 1141 nos

974 1161 1102 1216 Attalum
1117 1163 1323 1233 subscripisse
1342 1164 1373 1218 in
1388 1166 1512 1222 coneilio
1527 1167 1660 1240 Nicaeno,
1678 1173 1707 1226 et
1729 1187 1808 1228 nuno

974 1250 1052 1305 nolle
1068 1251 1260 1321 respondere.
1278 1251 1353 1317 Quid
1363 1255 1477 1311 cunctis
1491 1256 1628 1313 videtur?
1644 1278 1656 1309 ι

1008 1339 1141 1411 Cumque
1157 1341 1272 1396 Attalus
1290 1344 1437 1415 reticeret,
1455 1344 1633 1402 Ambrosius
1648 1346 1809 1421 episeopus

974 1426 1048 1480 dixit
1065 1443 1070 1481 :
1091 1448 1102 1478 ι
1122 1428 1205 1482 Dicat
1220 1433 1317 1485 utrum
1332 1432 1547 1505 subscripserit
1560 1436 1589 1491 in
1600 1438 1724 1494 tractatu
1740 1453 1810 1494 eon·

974 1514 1033 1569 oilli
1049 1515 1174 1586 Nicaeni,
1190 1518 1226 1571 ud
1241 1535 1310 1574 non.
1333 1539 1352 1570 ι.

1007 1603 1052 1658 te.
1070 1603 1219 1673 Palladius
1235 1607 1331 1664 dixit:
1351 1633 1361 1657 ι
1380 1609 1530 1682 Exceptor
1549 1617 1651 1671 vester
1664 1618 1694 1672 et
1708 1618 1811 1674 noster

973 1695 1061 1762 stent,
1079 1696 1108 1748 et
1122 1696 1219 1749 omnia
1235 1697 1378 1752 scribent.
1396 1722 1407 1747 ι

1009 1782 1185 1838 Valerianus
1202 1785 1362 1857 episcopus
1379 1788 1453 1843 dixit
1469 1804 1476 1845 ε
1503 1811 1514 1840 ι
1530 1789 1597 1847 lam
1612 1808 1679 1866 quoe
1695 1794 1809 1867 dixisti,

929 1908 953 1968 Β
973 1873 1001 1925 et
1017 1886 1084 1942 qun:
1101 1873 1229 1944 negasti,
1247 1874 1356 1945 scripta
1371 1881 1440 1932 sunt
1454 1880 1563 1935 omnia.
1586 1900 1598 1932 ι

104 1982 153 2038 te.
168 1982 321 2040 Palladius
337 1985 431 2041 dixit:
453 2009 464 2034 ι
486 1985 553 2043 Non
575 1987 627 2043 tibi
642 1989 829 2060 respondeo:
846 1990 913 2062 quie
1008 1959 1160 2015 P⁰H⁸di¹¹⁸
1176 1961 1249 2016 dixit
1266 1979 1271 2018 ²
1291 1985 1303 2013 ‘¹
1321 1963 1413 2020 nime
1429 1967 1508 2038 q⁰⁰d
1523 1969 1625 2027 vultis·
1642 1995 1653 2020 ”

9 2076 17 2117 Ιἱ
69 2087 266 2145 quaecunque
281 2088 337 2145 ego
353 2074 423 2145 dixi,
440 2091 500 2130 non
515 2080 584 2131 sunt
595 2077 716 2148 scripto.
737 2078 842 2132 Vestra
853 2083 916 2133 lan·

63 2161 226 2217 tummodo
246 2163 418 2218 scribuntur
440 2164 556 2236 verha3
586 2181 644 2220 non
671 2167 758 2221 robis
787 2183 914 2238 respon·

63 2249 172 2305 deo.»

99 2357 285 2413 Ambrosius
297 2358 457 2429 episcopus
474 2359 548 2414 dixit
564 2375 571 2414 :
590 2379 602 2408 ι
619 2360 723 2415 Omnia
738 2361 823 2416 vidos
835 2379 910 2417 scri·

62 2444 110 2501 hi.
130 2445 266 2517 Denique
281 2462 347 2517 queo
363 2447 472 2517 scripta
484 2451 562 2515 sunt,
575 2449 724 2503 abundant
739 2451 774 2503 arl
787 2454 844 2505 tum
857 2452 912 2505 im·

64 2533 194 2604 pietatis
209 2534 349 2590 indicium
371 2534 437 2605 (el).
466 2556 477 2586 ι
502 2536 537 2590 lit
561 2537 670 2591 addidit
688 2555 693 2591 :
714 2558 724 2587 ι
742 2538 913 2594 Creatunnu

65 2622 152 2676 dieis
168 2621 331 2692 Christum,
347 2638 384 2676 an
400 2626 518 2695 negas?
536 2645 546 2674 ι

104 2710 264 2765 Palladius
280 2711 354 2766 dixit
371 2727 377 2767 :
401 2736 412 2759 ι
430 2713 496 2768 Non
508 2714 686 2784 respondeo.

10 2896 12 2901 Ι
109 2818 190 2882 897
206 2827 384 2883 Ambrosius
399 2829 559 2900 episcopus
575 2831 667 2888 dixit:
689 2855 699 2881 ι
721 2835 794 2886 :inte
811 2833 913 2888 boram

10 2956 15 2963 .
70 2916 145 2971 eitra
161 2919 267 2986 actam,
284 2934 350 2971 euni
366 2918 516 2989 legeretur
540 2919 607 2990 quia
632 2921 722 2975 iltius
739 2921 811 2975 dixit
828 2937 912 2976 crea-

10 3002 21 3017 ''
71 3007 167 3059 turam
182 3003 343 3076 Christum,
360 3007 475 3077 negasti
489 3023 496 3076 ς
512 3008 640 3063 oblatum
653 3015 697 3064 est
713 3011 775 3079 libi,
790 3013 818 3064 nt
829 3011 912 3066 ‹larn-

36 3148 49 3173 ῃ
72 3107 163 3149 neres
178 3093 343 3165 perfidiam,
360 3095 502 3166 noluisti:
521 3096 570 3151 vel
586 3113 664 3152 nuuc
680 3099 727 3152 dic
744 3102 840 3153 utrum
858 3115 911 3154 na-

57 3232 60 3237 .
80 3183 126 3237 tus
141 3198 180 3238 ex
197 3183 287 3237 Patre
302 3183 440 3238 Christus
456 3185 504 3253 sit,
526 3201 562 3238 an
579 3189 725 3241 creatus?
747 3211 758 3234 ι

45 3308 51 3315 -
111 3270 260 3326 Palladius
275 3271 350 3326 dixit
365 3288 372 3327 :
389 3273 420 3326 Si
435 3272 535 3342 vultis,
554 3278 731 3346 exceptores
747 3278 842 3332 nostri
858 3294 911 3332 ve·
928 3269 953 3331 C

83 3357 171 3429 nint,
191 3359 283 3415 etsie
303 3363 394 3416 toturn
415 3361 588 3433 excipiatur.
612 3383 622 3411 ι

115 3454 239 3513 Sabinus
254 3458 415 3530 episcopus
430 3458 504 3514 dixit
519 3474 527 3515 :
545 3481 557 3508 ι
573 3459 707 3516 hddueat
730 3477 803 3519 suos
819 3479 910 3520 exce·

88 3545 186 3615 ptores.
204 3570 217 3596 ι

117 3633 257 3692 Palladius
272 3635 369 3693 dixit:
388 3657 400 3689 ι
417 3635 510 3693 Pleno
526 3638 653 3695 coneilio
673 3639 762 3696 vobis
786 3655 911 3713 respon·

92 3719 220 3781 dedimus.
234 3746 245 3774 ι

119 3812 155 3869 ll.
169 3815 346 3871 Ambrosius
361 3817 523 3888 episeopus
538 3816 630 3874 dixit:
649 3818 787 3874 «Attalus
803 3819 833 3875 in
848 3822 909 3874 tre-

99 3901 159 3958 dutu
181 3903 296 3960 Nieoeni
321 3906 440 3961 concilii
464 3905 654 3976 subscripsit.
677 3906 775 3979 Neget
789 3906 909 3980 laetum,

98 3988 150 4059 quir
160 3993 238 4048 vonit
250 3993 289 4060 ud
305 3994 473 4049 concilium.
498 3994 581 4049 Dicat
603 3995 692 4050 hodie
708 3999 806 4051 utrum
821 3997 910 4052 subs·

99 4077 212 4148 tripserit
224 4082 255 4139 in
265 4084 389 4138 tractatu
401 4083 516 4138 Nicseni
527 4083 654 4154 concilii,
667 4099 780 4140 annon.
795 4106 806 4133 r·
823 4086 910 4141 Cum·

97 4170 414 4239 pentntosretieoret,
432 4170 778 4244 Ambrosiusepiseopus
790 4174 880 4230 dixit:
896 4198 907 4225 ι

99 4252 190 4314 liuns
203 4260 374 4332 presbyter,
393 4260 462 4315 lieet
485 4261 562 4316 inter
586 4261 714 4317 Arianos
736 4262 784 4333 sit,
810 4266 908 4318 tamen

97 4334 908 4422 hbeteuctoritatemloquendi:libereprohteaturntrum

12 4488 29 4515 Ι,
100 4430 288 4508 ntnripserit
301 4438 332 4493 in
346 4441 472 4493 tractatu
487 4437 602 4494 Nieaeni
618 4437 738 4494 concilii
753 4439 810 4494 sub
826 4440 905 4511 epis·

102 4530 155 4592 0⁰90
166 4539 218 4581 suo
234 4526 408 4600 Agrippino,
424 4542 462 4581 an
478 4542 547 4581 non.
568 4549 579 4575 ι

1007 2049 1185 2104 Ambrosius
1201 2051 1361 2122 episcopus
1377 2054 1474 2110 dixit:
1493 2076 1505 2108 r
1523 2055 1596 2121 Quin
1611 2060 1723 2131 saepius
1748 2062 1811 2118 vult

972 2135 1104 2192 damnari
1119 2137 1279 2208 Palladius,
1305 2140 1356 2212 qui
1378 2141 1441 2212 jam
1463 2142 1636 2215 frequenter
1655 2147 1809 2206 damnatus

971 2229 1028 2294 est,
1045 2225 1112 2297 lego
1132 2226 1286 2297 epistolam
1302 2229 1375 2298 Arii,
1392 2245 1480 2300 qnam
1495 2232 1544 2286 ille
1559 2234 1652 2292 noluit
1668 2238 1810 2295 condem·

889 2362 894 2373 ,
972 2329 1060 2383 nure:
1076 2315 1254 2384 profitemini
1270 2317 1340 2387 quid
1355 2318 1443 2372 vobis
1455 2320 1581 2376 violetur.
1601 2347 1612 2371 ι.

1007 2402 1116 2456 Omnes
1132 2403 1265 2474 episcopi
1281 2405 1420 2460 dixerunt
1437 2423 1443 2461 z
1463 2431 1473 2455 ι
1492 2408 1631 2481 Legatur.
1649 2436 1660 2461 ι
1679 2414 1716 2470 Et
1729 2416 1808 2470 reei-

971 2494 1028 2545 tata
1040 2495 1108 2546 est:
1129 2512 1139 2542 ι
1158 2492 1232 2546 iloto
1249 2498 1346 2548 autem
1369 2511 1428 2550 non
1452 2500 1592 2570 putativo,
1611 2523 1622 2548 ιι
1641 2504 1807 2576 etreliqua.

1006 2581 1184 2635 Anibi-osius
1201 2583 1450 2653 episcopusdixit
1467 2602 1474 2641 :
1493 2610 1503 2634 ιι
1532 2588 1685 2660 Respondi
1704 2591 1756 2646 tibi
1773 2593 1809 2649 de

950 2746 952 2752 Α
971 2669 1094 2739 magere,
1112 2671 1252 2739 respondi
1275 2672 1325 2726 tibi
1343 2675 1371 2728 et
1386 2673 1423 2728 de
1435 2675 1571 2747 subiecto
1589 2693 1594 2733 :
1611 2693 1690 2734 nune
1706 2681 1809 2752 etipse

971 2758 1131 2828 responde.
1152 2782 1162 2806 ι

1005 2865 1049 2917 t’i.
1068 2864 1219 2919 Palladius
1236 2866 1309 2921 dixit
1327 2869 1411 2924 :Non
1423 2873 1612 2943 respondebo
1625 2876 1683 2930 nisi
1698 2878 1809 2934 audito·

969 2969 1020 3007 res
1037 2954 1154 3007 veniant
1171 2958 1238 3024 post
1254 2957 1434 3013 Dominicnm
1450 2960 1537 3016 diem.
1561 2986 1572 3010 ι

1006 3043 1183 3097 rlmlnosius
1201 3044 1360 3115 episcopus
1377 3048 1449 3101 dixit
1466 3065 1472 3103 :
1493 3072 1504 3097 ιι
1521 3050 1653 3107 Veneres
1668 3056 1806 3110 tractatu·

968 3147 1039 3201 rus:
1055 3131 1107 3186 sod
1128 3136 1320 3204 posteaquam
1335 3134 1434 3206 objeci
1456 3136 1518 3206 tibi,
1537 3139 1637 3194 vidisti
1652 3141 1807 3211 epistelam

968 3221 1042 3289 Arii,
1065 3237 1152 3291 quum
1168 3222 1307 3276 damnare
1324 3223 1454 3293 noluisti,
1477 3241 1615 3282 asserere
1631 3232 1729 3284 autem
1746 3246 1807 3287 non

968 3312 1074 3378 potes3
1091 3309 1201 3364 idcirco
1217 3327 1295 3365 nunc
1311 3312 1426 3384 refugis
1441 3316 1469 3368 et
1493 3315 1651 3372 cavillaris.
1669 3319 1806 3375 Plenurie

968 3397 1064 3467 ipsam
1079 3398 1173 3454 recito
1189 3397 1246 3470 (66)
1261 3400 1297 3454 ad
1317 3401 1446 3473 singula.
1467 3403 1520 3458 llic
1543 3408 1642 3461 utrum
1665 3405 1805 3464 Christus

968 3491 1087 3542 creatus
1103 3489 1237 3543 videatur
1249 3505 1256 3559 3
1273 3506 1309 3543 an
1320 3489 1384 3560 tuit,
1397 3492 1581 3562 quandonon
1592 3493 1646 3549 luit
1658 3510 1665 3550 :
1682 3511 1720 3550 nn
1731 3512 1804 3553 vero

967 3590 1087 3646 semper
1115 3576 1168 3631 luit
1194 3579 1368 3650 unigenitus
1396 3580 1450 3635 Dei
1474 3581 1599 3638 Filius‘t
1627 3583 1701 3649 899
1730 3585 1805 3642 Cum

967 3683 1031 3736 Arii
1046 3681 1201 3754 epistolam
1217 3683 1367 3755 audieris,
1383 3689 1432 3740 eut
1448 3687 1570 3760 damna,
1587 3693 1636 3745 aut
1650 3690 1774 3761 proba.»

1002 3769 1047 3826 68.
1061 3771 1212 3827 Palladius
1223 3772 1298 3827 dixit
1314 3789 1320 3829 :
1340 3797 1351 3821 ιι
1368 3772 1441 3829 Cum
1452 3775 1609 3846 impietatis
1624 3780 1652 3834 te
1668 3794 1802 3854 arguam,

966 3863 994 3915 te
1011 3860 1114 3933 judice
1129 3877 1188 3916 non
1204 3867 1279 3918 utor.
1297 3863 1520 3936 Transgressor
1534 3882 1579 3922 es.
1598 3886 1610 3918 ι

1002 3948 1131 4004 Sabinus
1140 3949 1301 4022 episcopus
1317 3952 1390 4006 dixit
1407 3968 1413 4007 :
1433 3952 1534 4020 ‹rQuas
1545 3955 1711 4026 impietates
1727 3957 1803 4032 obji-

968 4039 1012 4093 cis
1028 4038 1109 4093 tratri
1125 4043 1227 4095 nostro
1243 4043 1271 4094 et
1289 4043 1494 4097 consacerdoti
1513 4048 1616 4100 nostro
1631 4045 1802 4119 Ambrosio,

966 4146 1065 4202 dicito.
1087 4170 1098 4194 n

1002 4253 1150 4309 Palladius
1164 4254 1255 4311 dixit:
1276 4277 1286 4304 ι
1304 4255 1369 4310 lam
1384 4256 1471 4311 vobis
1486 4257 1557 4326 dixi,
1574 4255 1661 4328 pleno
1676 4256 1803 4313 concilio

965 4342 1163 4413 respondebo,
1181 4347 1209 4398 et
1223 4344 1423 4415 praesentibus
1439 4345 1625 4400 auditoribus
1640 4344 1708 4416 (ll).
1732 4364 1743 4393 ι

1003 4454 1014 4479 ι
1036 4433 1215 4488 Ambrosius
1231 4433 1391 4504 opiscopus
1407 4433 1479 4487 dixit
1491 4449 1499 4504 1
1513 4455 1524 4483 ι
1542 4433 1575 4487 ln
1586 4447 1735 4487 consessu
1746 4432 1804 4488 tra·

965 4523 1042 4575 trurn
1062 4537 1193 4576 meorum
1205 4523 1292 4593 cupio
1304 4520 1449 4576 contutari
1461 4525 1490 4576 et
1499 4520 1649 4593 redargui.
1666 4520 1738 4586 Quae
1749 4520 1806 4594 igi·
1860 4590 1864 4596 Ι

123 4610 221 4670 titulus
235 4615 309 4670 dixit
326 4631 332 4671 :
351 4637 363 4663 ι
380 4615 445 4670 dam
460 4615 562 4671 dixisti
578 4630 624 4670 me
642 4614 800 4688 aliquoties
824 4617 948 4694 dam-D
964 4613 1012 4665 tur
1027 4610 1114 4680 impie
1131 4609 1266 4679 dixerim,
1284 4609 1388 4680 dicito;
1409 4609 1462 4663 sed
1482 4610 1590 4679 impius
1613 4607 1666 4664 tibi
1686 4609 1803 4684 videor,

99 4699 190 4774 llum:
208 4718 268 4760 non
283 4703 335 4759 tibi
346 4704 526 4775 respondeo.
545 4726 557 4753 ι

125 4786 284 4848 Ambrosius
305 4793 466 4864 episeopus
491 4792 588 4849 dixit:
616 4816 627 4842 ι
648 4792 863 4864 Subscripsisli
878 4792 910 4850 in

99 4870 195 4937 heum
216 4880 336 4938 concilii
350 4880 475 4952 Nicaeni,
491 4897 529 4937 an
544 4882 628 4938 nont
643 4904 654 4931 ι

123 5019 436 5094 tttrsie‘rett.,1.abb.
454 5026 482 5078 et
503 5023 614 5092 Chitll.‚
637 5024 694 5077 nisi
712 5023 791 5094 quod
818 5022 908 5079 hebe-

17 5144 22 5153 .
101 5084 166 5149 turio
180 5096 235 5151 hoe
250 5096 363 5161 ultimo,
382 5116 393 5146 ι
411 5096 441 5150 in
456 5096 551 5149 media
562 5095 697 5165 epistolas¹
709 5095 835 5149 lectione
843 5109 909 5165 pro·

100 5169 183 5225 boore
198 5167 277 5237 quod
292 5166 416 5221 volebas
442 5182 448 5220 ε
474 5171 594 5221 »totum
616 5181 689 5221 voro
709 5165 807 5220 locum
823 5166 910 5222 Rom.

100 5229 271 5308 tiitpreelert
283 5239 339 5292 hoe
349 5235 450 5293 modo:
461 5257 472 5287 ι
487 5237 659 5291 Placuittibi
671 5239 701 5290 nt
711 5237 771 5290 Arii
784 5238 910 5305 epistola

98 5294 237 5376 ¹iteretur:
256 5309 367 5364 dictum
382 5314 429 5363 est
444 5312 474 5362 ut
485 5308 698 5362 dubitationem
713 5323 908 5378 proponereS,

96 5384 159 5442 itam
171 5380 314 5442 volebas:
330 5380 513 5451 proposuisti
529 5379 608 5450 quod
624 5377 698 5433 Filie
713 5380 800 5433 l‘nler
815 5378 911 5460 major

95 5449 154 5506 aa...
193 5452 252 5507 uod
277 5451 394 5506 Patrem
418 5449 562 5521 majorem
584 5449 691 5503 dixerit
706 5449 800 5503 Filius
815 5449 908 5505 Der.»

113 5520 165 5595 (66)
220 5525 251 5577 it.
269 5523 367 5590 Rom,
384 5543 396 5569 ι
415 5521 451 5575 ed
467 5536 501 5575 ea
517 5537 585 5593 quae
601 5522 777 5590 sequuntur.
797 5543 808 5570 ι

112 5591 254 5665 (tepent.
272 5593 359 5650 Rom.
376 5594 405 5647 et
420 5592 505 5662 lab,
523 5613 535 5641 ι
553 5591 713 5663 impietatis
724 5589 908 5662 judicium.»

108 5662 160 5740 (oo)
186 5665 272 5725 Rom.
295 5663 381 5735 odit,
404 5684 416 5716 ι
443 5661 551 5721 Filium
577 5663 745 5723 creaturum
769 5677 830 5721 nou
857 5676 912 5721 ue·

83 5737 188 5821 pou·

964 4699 1014 4771 qui
1025 4699 1162 4768 pietatem
1177 4702 1288 4752 astruo.
1308 4718 1319 4746 ι

999 4787 1128 4842 Sabinus
1144 4786 1410 4856 episcopusdixit:
1430 4809 1440 4834 ι
1463 4786 1543 4859 Ergo
1568 4786 1676 4860 impius
1692 4788 1743 4844 tibi
1758 4792 1804 4847 vi«

965 4878 1058 4947 detur,
1069 4873 1118 4947 qui
1134 4873 1197 4928 Arii
1212 4874 1414 4946 blasphemius
1428 4878 1526 4949 arguit
1540 4875 1596 4948 (68)
1613 4878 1628 4932 t
1645 4900 1656 4927 ιι

1000 5018 1057 5087 (tii)
1073 5018 1113 5071 lta
1128 5016 1194 5071 cod.
1217 5016 1302 5083 Tell,
1323 5034 1339 5071 n
1363 5034 1421 5090 quo
1446 5035 1504 5074 non
1530 5019 1639 5076 abeunt
1663 5021 1756 5076 Lebb.
1773 5023 1803 5077 et

964 5090 1073 5155 Clota,
1096 5088 1152 5142 nisi
1170 5088 1248 5157 quod
1263 5089 1312 5143 ille
1328 5095 1466 5160 punctum
1477 5093 1633 5161 postponit
1645 5093 1737 5147 verbo
1753 5109 1803 5148 re·

965 5165 1043 5225 cito:
1067 5160 1115 5214 liic
1140 5165 1237 5212 nutem
1259 5160 1329 5214 illud
1352 5163 1479 5233 praeligit
1507 5163 1649 5218 adverbio
1670 5170 1766 5218 utrum
1794 5177 1801 5219 :

965 5247 1092 5305 quocum
1112 5229 1286 5285 editham.
1309 5232 1394 5286 etiam
1420 5234 1601 5302 conveniret,
1628 5235 1687 5289 nisi
1709 5233 1802 5288 audes

965 5321 1018 5376 pro
1031 5313 1117 5375 potes
1132 5303 1328 5372 reposuisset,
1345 5308 1373 5357 et
1392 5308 1458 5358 ante
1474 5306 1736 5361 recitudictiouem
1749 5305 1802 5358 itc-

965 5393 1030 5431 rnrn
1046 5372 1247 5443 apposuisset.

1000 5446 1056 5517 (tii)
1071 5443 1143 5499 Tell.
1161 5446 1190 5498 et
1210 5445 1314 5517 labb,
1339 5469 1349 5495 ιι
1370 5448 1571 5517 praesentibus
1595 5444 1757 5503 actoribus.
1785 5466 1798 5496 ιι

965 5516 1217 5575 Nousntisrecte.
1745 5580 1750 5590 ἣ

1000 5589 1057 5663 (68)
1082 5587 1179 5643 Verbo
1204 5588 1304 5659 arpnit
1328 5585 1413 5640 Item.
1443 5585 1512 5640 edit.
1533 5585 1590 5639 ista
1616 5581 1765 5639 subnectit
1790 5593 1803 5659 q

968 5690 979 5720 ι
1001 5668 1030 5727 et
1048 5663 1189 5741 protlteor
1208 5662 1302 5720 Deum
1319 5656 1429 5715 bonurn
1452 5655 1560 5713 Filium
1575 5653 1638 5713 Dei.
1658 5672 1669 5708 ι

1580 5777 1628 5845 ‘tt
