3900 6128
576 322 886 394 EPISTOLARUM
908 325 1078 393 OLASSIS
1097 327 1122 391 1.
1655 325 1717 394 9oe
1804 369 1808 374 -

85 530 119 588 tn
133 529 212 600 aliis,
228 544 317 602 quam
331 527 532 600 cognitionem
542 528 598 599 (58)
614 528 645 584 in
660 544 693 583 se
709 528 825 600 adipis·
840 514 868 581 Α
882 528 991 585 similia
1001 528 1144 585 Dominus
1163 529 1379 600 perorationes
1400 529 1495 584 sancti
1514 527 1630 584 hoholii
1645 528 1717 585 tecit

85 637 114 677 r.
882 619 967 688 mire,
983 619 1033 673 aut
1047 633 1138 689 prope
1153 617 1287 688 majora?
1301 616 1367 673 Non
1379 617 1545 673 animinoni
1559 620 1648 688 metu,
1662 632 1716 674 nec

85 708 119 764 'st
134 708 229 780 igitur
241 707 304 779 jam
327 707 516 777 superiorum
530 705 643 774 incola,
664 720 827 776 possessor
883 706 1033 778 superflua
1048 707 1230 777 suspicione,
1250 707 1304 761 sed
1322 707 1464 762 saeviente
1485 706 1544 776 luc,
1561 708 1589 761 et
1603 706 1716 762 ardenti

85 797 114 853 is
129 799 250 852 aeternae
265 796 347 851 illius
363 796 539 865 Jerusalem,
550 811 616 866 quaa
633 794 663 848 in
679 795 753 849 coelo
769 797 824 849 est.
882 795 1051 866 pestilentia
1066 795 1324 866 perturbatiGothi
1336 811 1371 849 ac
1380 795 1473 850 territi
1488 797 1567 850 sunt.
1584 794 1717 866 Denique

85 885 145 942 illic
159 884 245 940 urbis
256 884 323 956 ejus
339 900 510 939 mensuram
524 885 707 953 immensam,
720 899 826 954 purum
882 888 952 939 tunc
967 883 1118 956 ingerunt,
1143 887 1176 939 ut
1190 885 1348 939 evaderent
1366 900 1372 939 :
1389 884 1525 956 regressi
1545 887 1648 954 postea
1663 899 1717 955 pa-

85 995 102 1047 ι,
116 974 246 1045 lapidem
260 975 434 1043 pretiosum,
453 973 554 1026 lumen
569 973 634 1027 sine
650 972 713 1027 sole
727 987 828 1042 perpe·
884 989 948 1027 cem
957 975 1148 1045 rogaverunt,
1164 977 1195 1028 ut
1210 973 1353 1028 viverent.

84 1078 91 1120 ς
107 1063 218 1119 ethaeo
234 1062 331 1117 omnia
343 1061 519 1132 jamdudum
534 1060 653 1131 quidem
670 1060 727 1114 sibi
744 1076 826 1114 com·
919 1061 945 1116 8.
963 1061 1097 1117 Vidimus
1113 1063 1212 1133 itaque
1227 1062 1257 1116 in
1272 1062 1343 1118 tanti
1358 1060 1416 1116 viri
1429 1061 1543 1116 meritis
1563 1062 1718 1133 superiora

94 1151 150 1208 aad
167 1166 246 1205 nunc
266 1150 342 1204 facie
359 1150 434 1214 820
450 1149 486 1203 ad
512 1149 616 1203 faciem
640 1149 826 1203 manifestata
884 1150 1143 1221 saecula,etopera
1157 1152 1378 1221 prophetarum,
1391 1167 1457 1222 qum
1469 1150 1654 1222 legebamus,
1670 1167 1719 1206 as-

85 1241 205 1298 sdicit:
225 1262 235 1289 ι
253 1240 335 1295 Sicut
350 1222 529 1309 audivimus,
545 1239 583 1292 ita
600 1240 629 1292 et
643 1238 780 1292 videmus
796 1237 827 1291 in
883 1240 1031 1309 peximus.
1046 1237 1138 1302 Quasi
1161 1238 1290 1294 Elisaeus
1314 1239 1391 1294 inter
1414 1254 1504 1310 arma,
1529 1239 1607 1294 inter
1624 1240 1718 1310 acies,

85 1344 106 1387 u
120 1328 239 1385 Domini
245 1328 395 1398 virtutum,
404 1327 433 1382 in
441 1326 617 1381 civitateDei
626 1327 722 1381 nostri
730 1324 825 1397 (Psal.
884 1328 954 1383 dum
961 1326 1045 1398 vixit,
1053 1330 1191 1382 versatus
1202 1330 1249 1382 est
1258 1327 1372 1382 meritis
1383 1327 1447 1382 suis
1455 1342 1637 1398 componens
1647 1344 1721 1398 praa·

93 1416 134 1490 9).
153 1439 164 1467 ι
182 1417 226 1472 lbi
251 1432 324 1488 ergo
338 1416 456 1486 positus
468 1414 746 1486 appallatpopulum
760 1414 825 1485 Dei,
884 1416 934 1471 lia.
951 1415 1085 1488 Denique
1107 1415 1158 1471 ubi
1181 1416 1328 1471 securitas
1348 1416 1586 1472 cohabitantibus
1606 1416 1721 1471 reddita

85 1521 116 1563 a:
134 1528 146 1555 ι
163 1504 186 1561 Ο
202 1505 304 1576 lsrael,
321 1521 409 1576 quam
424 1519 532 1576 magna
542 1505 588 1558 est
601 1502 708 1558 domus
723 1502 787 1572 Dei,
799 1505 828 1558 et
884 1508 941 1575 est,
957 1504 1036 1577 quod
1050 1505 1117 1576 ipso
1132 1504 1187 1559 tuit
1201 1505 1304 1560 durius
1315 1504 1403 1575 bello,
1420 1508 1556 1560 sanctum
1570 1505 1721 1561 exhalavit

90 1593 198 1667 ingens
212 1594 298 1649 locus
318 1593 525 1663 possessionis
548 1590 615 1662 ejus
633 1589 640 1647 Ι
657 1607 783 1663 magnus
799 1593 828 1646 et
883 1594 1030 1665 spiritum.
1045 1592 1136 1659 Quasi
1146 1592 1227 1648 Elias
1242 1609 1338 1664 usquo
1353 1593 1390 1648 ad
1406 1593 1513 1649 ooelum
1521 1594 1654 1650 elevatus
1665 1592 1723 1665 (IV

85 1682 176 1739 abens
191 1682 279 1737 tinem
295 1682 426 1752 (Baruch
441 1699 482 1752 ru,
500 1680 544 1751 al,
561 1681 616 1750 25).
636 1700 647 1730 ι
883 1683 957 1755 Reg.
973 1699 1004 1753 ιι,
1022 1681 1076 1751 ll).
1094 1697 1153 1737 non
1176 1697 1265 1736 curru
1285 1683 1405 1753 quidem
1427 1682 1527 1754 ignee,
1551 1698 1607 1738 neo
1631 1684 1718 1754 equis

85 1771 124 1828 ed
139 1770 282 1843 quidhoc
297 1771 363 1826 est‘.t
379 1770 455 1825 Dum
469 1767 639 1841 meritassviri
655 1768 823 1839 considero,
883 1771 992 1844 igneis,
1009 1771 1067 1826 nisi
1083 1769 1158 1826 torte
1173 1769 1222 1824 illa
1232 1786 1292 1825 non
1309 1770 1450 1842 vidimus,
1467 1786 1522 1826 nec
1539 1772 1570 1825 in
1585 1787 1718 1827 commo-

85 1861 113 1917 si
129 1859 332 1915 discedentem
354 1858 461 1929 spiritu
476 1873 597 1930 sequor,
614 1860 643 1912 at
657 1860 827 1913 sanctorum
844 1863 963 1950 Btione
973 1859 1052 1915 aeris
1069 1876 1075 1914 :
1091 1858 1145 1914 sed
1160 1858 1347 1914 involuntate
1357 1858 1427 1923 821
1447 1861 1477 1913 et
1490 1859 1657 1930 placiditate
1665 1859 1720 1915 Dei

85 1965 92 2005 ι
108 1947 325 2004 deducentibus
336 1948 553 2018 intermisceor,
564 1962 623 2001 non
634 1946 739 2001 merito
754 1946 825 2018 ullo,
884 1949 990 2020 nostri,
1002 1952 1031 2004 et
1047 1950 1216 2002 sanctorum
1232 1946 1406 2019 angelorum
1430 1947 1551 2019 laetitiae,
1568 1947 1619 2020 qui
1634 1949 1670 2003 ad
1686 1963 1720 2006 se

85 2034 175 2109 lectu,
191 2053 266 2108 pene
278 2053 345 2091 sum
360 2035 544 2092 oblitusmei.
556 2034 635 2089 Itane
646 2037 826 2107 ergoraptus
884 2040 996 2095 tantum
1009 2037 1106 2091 virum
1124 2035 1271 2090 transisse
1290 2035 1522 2107 gratulabantur.

85 2125 139 2182 »bis
153 2141 256 2180 murus
272 2125 351 2195 fidoi,
367 2125 472 2196 gratiae
488 2127 517 2179 et
532 2123 696 2179 sanctitatis
714 2138 720 2179 :
738 2139 827 2195 quem
919 2127 952 2182 9.-
975 2125 1061 2181 Corte
1084 2121 1224 2178 'dubitare
1247 2123 1298 2177 illa
1324 2138 1510 2195 nequaquam
1538 2138 1718 2197 possumus,

92 2214 150 2286 (59)
164 2213 373 2286 ingruentibus
388 2213 551 2268 Gothorum
567 2202 704 2281 catervis,
721 2228 828 2284 nequa·
884 2213 1122 2289 qnandoquidem
1141 2212 1255 2283 reliqua
1271 2214 1481 2283 congruerunt.
1498 2212 1650 2284 Siquidem
1666 2229 1719 2269 eo·

99 2304 198 2358 tamen
218 2305 376 2372 potueruut
395 2301 551 2357 barbarica
573 2303 729 2371 penetrare
757 2300 826 2373 tela,
885 2308 952 2362 dem
961 2302 1119 2370 momento,
1129 2315 1187 2372 quo
1202 2299 1251 2353 ille
1262 2298 1358 2354 adhuc
1366 2298 1546 2371 elevabatur,
1557 2299 1720 2374 velutquo-

85 2405 161 2457 noro
176 2392 334 2446 multarum
349 2392 481 2463 gentium
503 2389 629 2445 bulliens
645 2389 752 2445 turon?
767 2388 827 2444 De·
885 2396 953 2452 dam
962 2390 1109 2448 melotidis
1124 2388 1181 2461 (60)
1204 2403 1268 2443 suae
1290 2387 1415 2443 dimisso
1430 2388 1555 2461 amicto,
1580 2393 1717 2447 sanctum

95 2480 259 2537 incaeteris
275 2480 464 2551 populatores
479 2479 566 2548 locis,
584 2478 644 2532 illic
659 2493 762 2548 paoem
777 2493 828 2533 ro·
885 2482 1031 2555 anysium
1046 2476 1223 2548 discipulum
1248 2491 1335 2531 suum
1363 2476 1467 2548 induit,
1489 2479 1518 2532 et
1538 2479 1586 2533 sui
1600 2479 1722 2535 vestivit

85 2571 123 2642 rt3
144 2569 379 2640 mirantibusque
399 2568 470 2639 quid
494 2567 553 2623 sibi
577 2568 642 2622 sino
662 2567 753 2621 milito
767 2567 828 2622 ulio
886 2572 989 2628 intulis
1008 2567 1166 2624 sacerdotii
1183 2582 1189 2622 :
1206 2565 1294 2638 cujus
1317 2565 1454 2620 meritum
1476 2569 1505 2621 et
1520 2566 1644 2639 gratiam
1659 2582 1719 2624 non

85 2661 162 2729 uret,
179 2657 445 2729 oprndonti01·ibus
454 2655 643 2711 intimabatur
652 2655 829 2710 Elisoointus
886 2676 965 2718 nunc
978 2660 1105 2731 primurn
1116 2656 1214 2724 audio,
1233 2670 1288 2710 nec
1299 2655 1330 2707 in
1345 2654 1455 2709 vestris
1466 2655 1601 2725 epistolis
1617 2656 1718 2728 didici,

85 2761 169 2804 oram
183 2746 303 2818 degere,
320 2748 405 2800 aetoto
425 2760 595 2816 supparem,
613 2759 673 2799 non
688 2745 830 2815 imparem
867 2784 870 2790 =
886 2751 940 2807 sod
956 2748 1106 2804 invocaris
1121 2745 1228 2800 littaris
1239 2744 1411 2816 recognovi.
1427 2744 1503 2799 Nam
1517 2745 1603 2816 quasi
1622 2759 1720 2816 praes·
1823 2766 1825 2770 ·

85 2850 119 2892 1:
136 2837 275 2890 caverent
290 2851 327 2889 ne
339 2834 474 2904 exemplo
490 2833 603 2904 Syriaci
619 2832 752 2905 agminis
768 2832 828 2887 Sibi
887 2842 952 2896 cius
968 2850 1183 2894 successurum
1200 2833 1269 2904 sibi,
1286 2833 1343 2888 elsi
1361 2832 1520 2903 promissis
1535 2833 1664 2906 tegebat,
1675 2835 1722 2889 ta·

85 2937 111 2980 ¹0
125 2923 244 2978 tffltttflss
261 2920 463 2978 offunderetur
477 2921 506 2990 (l
510 2921 535 2976 V
547 2922 621 2994 Heu·
638 2938 689 2991 V¹¹r
706 2920 744 2991 t)-
886 2944 954 2984 men
978 2925 1097 2982 indiciis
1122 2922 1315 2994 designabat,
1338 2921 1471 2992 adjutum
1485 2937 1519 2977 se
1540 2921 1608 2994 ejus
1631 2936 1720 2996 cura,

85 3011 217 3068 ittamen
233 3011 312 3066 circa
332 3011 496 3081 discipulos
519 3025 594 3065 suos
615 3009 735 3065 diversa
753 3009 831 3065 dona
886 3017 998 3087 laboro,
1017 3013 1114 3070 officio
1130 3026 1318 3076 memorans3
1334 3012 1365 3064 ut
1384 3009 1447 3082 jam
1469 3010 1620 3066 declam-0
1645 3027 1720 3068 con·

85 3100 200 3156 nsunt.
216 3100 345 3154 Eiisaeus
365 3100 486 3171 quidem
506 3099 538 3153 in
560 3097 722 3153 Somnium
737 3098 832 3169 cnuti·
887 3108 999 3162 sortem
1009 3103 1169 3172 videretur,
1186 3100 1237 3172 qui
1252 3115 1312 3155 nou
1322 3100 1511 3171 quasinovus
1526 3099 1562 3153 ad
1573 3115 1722 3156 summum

85 3187 141 3245 tion
155 3188 271 3243 induxit
292 3189 453 3260 Syrorum
479 3189 601 3242 sonotns
625 3189 722 3242 outoni
736 3187 832 3242 Antio·
888 3191 1087 3250 sacerdotium
1097 3189 1220 3259 veniret,
1237 3189 1291 3244 sed
1301 3188 1387 3261 quasi
1401 3190 1488 3242 vetus
1499 3189 1659 3243 sacerdotii
1674 3204 1722 3244 ex·

86 3277 207 3334 renibus
222 3277 287 3332 suis
303 3277 373 3332 sooit
388 3280 419 3332 nt
443 3277 479 3331 do
499 3276 634 3346 portibus
649 3275 831 3331 Macedonio
847 3247 873 3312 ο
889 3280 1178 3339 secutoraccederet.
1188 3276 1242 3332 Cui
1250 3276 1373 3348 pulchre
1384 3279 1522 3332 convenit
1533 3277 1642 3331 dictum
1651 3277 1724 3334 illud

85 3380 125 3422 as
140 3365 266 3439 fugaret.
283 3366 388 3421 Nonne
405 3368 433 3420 et
447 3364 832 3437 hocintelligimusvirtutis
889 3370 1101 3444 Evangeliaum
1118 3383 1124 3424 :
1145 3389 1156 3415 o
1174 3365 1268 3438 Euge,
1284 3365 1362 3421 hone
1378 3380 1466 3421 serve
1481 3368 1510 3421 et
1523 3365 1631 3438 fidelis,
1647 3380 1725 3439 quo.

85 3455 159 3512 ioris
175 3456 289 3527 fuisse;
311 3459 343 3511 ut
358 3456 409 3511 ubi
425 3455 510 3509 miles
526 3454 627 3509 nullus
642 3454 754 3523 aderat,
771 3453 832 3509 illic
888 3462 968 3516 niam
989 3472 1081 3529 snper
1101 3471 1196 3528 pauca
1219 3453 1302 3509 fuisti
1325 3454 1433 3526 tidelis,
1459 3470 1551 3526 super
1582 3456 1673 3510 mulla
1696 3457 1725 3511 te

85 3549 174 3603 untur
184 3545 248 3600 sine
266 3545 381 3599 milite‘?
396 3544 502 3599 Nonne
518 3545 546 3599 et
561 3543 832 3615 hoecaeoitatisest,
889 3549 1066 3606 constituam
1080 3545 1199 3617 (Mattio
1217 3560 1288 3614 xxv,
1304 3542 1385 3614 66)..

85 3636 190 3708 gerent,
206 3650 282 3706 quos
298 3634 398 3689 nullus
414 3633 562 3705 urgobnt‘?
586 3631 645 3687 Sod
660 3631 785 3704 urgebat
801 3633 831 3686 ot
925 3637 968 3694 lu.
985 3637 1058 3692 llaec
1072 3634 1145 3690 mihi
1155 3634 1191 3688 de
1206 3634 1308 3688 sancto
1323 3632 1449 3688 Acholio
1464 3632 1621 3689 vobiscum
1636 3647 1720 3690 com·

85 3722 186 3779 abatm
195 3725 317 3778 sanutus
329 3720 472 3777 Acholius
488 3736 548 3776 non
562 3719 682 3793 studiis,
699 3720 753 3776 sod
768 3734 833 3776 oru-
889 3726 1006 3782 munia:
1019 3724 1093 3780 illud
1106 3727 1204 3778 tamen
1218 3721 1358 3793 speciale,
1379 3721 1459 3794 quod
1473 3722 1629 3778 devinctus
1655 3738 1723 3778 sum

85 3826 129 3869 rue
145 3827 152 3868 :
167 3810 315 3882 centolio,
333 3811 388 3866 sod
403 3809 528 3865 monitis·
889 3816 984 3871 beatae
998 3812 1149 3868 memorias
1163 3811 1228 3866 viro
1241 3825 1249 3881 3
1260 3812 1330 3883 quia
1343 3811 1446 3866 tribuit
1460 3810 1533 3867 mihi
1546 3813 1654 3867 uteum
1668 3827 1729 3867 non

85 3901 123 3956 bn
149 3901 334 3973 incognitum
357 3899 446 3955 nobis
466 3901 512 3954 est
535 3898 676 3954 dimicare
700 3901 832 3968 sanctos,
890 3905 1069 3977 ignorarem.
1085 3900 1162 3956 Nam
1177 3915 1245 3955 cum
1259 3915 1295 3955 eo
1314 3899 1451 3955 veniente
1468 3900 1505 3954 ad
1522 3899 1634 3955 ltaliam
1661 3899 1732 3972 (61),

85 4004 167 4045 ‚cnm
182 3989 344 4044 feriantur‘.t
359 3988 465 4043 Nonne
476 3988 592 4043 otiosus
607 3989 670 4043 erat
685 3986 836 4044 Elisoeust
891 3991 1067 4065 aegritudine
1088 3988 1243 4046 contactus
1265 3990 1382 4059 tenere,
1409 3991 1442 4044 ut
1465 4005 1525 4046 ιιοιι
1540 4005 1663 4061 possem
1679 4005 1732 4045 oc·

86 4092 123 4134 ns
136 4077 253 4133 scilicet
266 4092 408 4148 corpore3
439 4077 492 4132 sed
515 4076 651 4132 vibrabat
674 4077 791 4148 spiritu,
807 4078 836 4131 et
892 4095 1022 4152 currere,
1038 4080 1103 4151 ipse
1119 4078 1156 4134 ad
1170 4093 1217 4134 me
1231 4078 1312 4134 venit
1326 4081 1354 4133 et
1369 4078 1511 4134 visitavit.
1531 4077 1595 4144 Quo
1620 4078 1731 4150 studio,

85 4167 181 4223 tumus
196 4166 394 4238 praeliabatur,
412 4166 529 4237 quando
555 4167 587 4220 in
611 4165 719 4221 castris
740 4164 835 4237 Syriae
892 4187 950 4243 quo
965 4168 1073 4226 affectu
1092 4169 1203 4240 ipsein
1217 4183 1276 4239 mc,
1299 4170 1328 4223 et
1343 4183 1399 4240 ego
1428 4167 1459 4223 in
1477 4183 1543 4223 eum
1564 4168 1705 4223 irruimus
1722 4163 1729 4222 Ι

85 4257 206 4329 equitum
222 4259 251 4311 et
270 4271 330 4310 uox
352 4255 470 4309 uittutio
496 4270 612 4326 mogunt
636 4254 811 4310 audiebatur
827 4269 834 4309 :
892 4259 955 4325 Quo
970 4259 1083 4333 gemitu
1097 4258 1172 4313 mala
1183 4257 1272 4313 istius
1287 4257 1402 4326 sacculi,
1412 4259 1441 4312 et
1451 4273 1485 4312 ea
1500 4272 1566 4329 quae
1582 4257 1630 4312 hic
1647 4255 1728 4311 acci·

90 4347 122 4401 ut
143 4348 280 4417 putarent
294 4343 362 4415 Syri
375 4343 500 4399 aliorum
513 4358 618 4416 regum
642 4343 787 4399 adversus
803 4357 837 4400 se
892 4349 1006 4420 dorent,
1018 4347 1239 4419 deploravimus
1257 4345 1263 4401 i
1278 4346 1318 4401 ita
1332 4349 1364 4401 ut
1378 4346 1576 4416 lacrymarum
1584 4343 1732 4415 profluvio

85 4436 274 4504 ooxoroiiuS,
297 4434 347 4505 qui
371 4433 479 4503 populo
505 4432 597 4486 totoni
612 4431 782 4504 adjumento
794 4432 838 4487 io·
893 4441 1009 4494 vestem
1019 4437 1222 4505 infundemus
1233 4435 1303 4489 dum
1313 4431 1733 4503 salutationeexoptatissima,
1773 4474 1776 4479 .

93 4524 169 4580 ande
184 4523 318 4594 perculsi
341 4538 450 4593 magno
465 4521 606 4593 fugerunt
620 4537 741 4592 pavore,
757 4520 796 4577 ita
807 4523 839 4576 ut
892 4529 994 4584 mutuo
1009 4526 1169 4595 desiderio,
1187 4527 1215 4579 et
1230 4525 1352 4595 expetto
1375 4522 1425 4577 diu
1440 4521 1577 4591 fruimur,
1597 4519 1735 4575 adhaere-

86 4611 112 4668 si
125 4614 260 4683 quatuor,
279 4611 330 4682 qui
344 4612 448 4665 mortis
464 4610 583 4682 egressi
597 4609 839 4665 fuerantdeside·
893 4633 960 4672 mus
975 4616 1122 4687 amplexu,
1140 4614 1240 4684 ltaque
1252 4611 1331 4683 quod
1347 4610 1409 4665 voti
1423 4609 1482 4665 mei
1497 4611 1568 4680 emt,
1585 4608 1665 4664 itlius
1679 4608 1735 4664 bo.

85 4703 171 4757 astro
187 4699 316 4756 hostium
331 4698 581 4769 depraedarentur.
593 4698 840 4754 Nonneinltlaoe·
894 4705 992 4762 nonnil
1007 4703 1074 4774 fnit,
1086 4703 1155 4774 qnia
1169 4700 1251 4772 potui
1262 4700 1345 4754 illum
1359 4697 1471 4754 videre.

85 4840 96 4914 )
111 4841 326 4916 cognitionem,
343 4858 409 4914 quon
425 4857 484 4897 vox
499 4842 583 4897 donst
598 4841 628 4896 in
638 4839 720 4912 odit,
736 4855 838 4896 omos·
893 4848 943 4903 bet
954 4846 1025 4918 quin
1039 4844 1122 4900 illum
1137 4858 1171 4898 aa
1181 4858 1255 4897 voce
1274 4843 1431 4912 propterea
1442 4843 1529 4896 etiam
1544 4855 1632 4896 usum
1646 4843 1731 4911 pute·

85 4916 198 4970 manus.
895 4934 973 4988 mus,
990 4919 1023 4971 ut
1045 4913 1229 4987 signiticaret
1243 4912 1400 4968 Acholium
1415 4913 1445 4967 in
1467 4912 1643 4984 episcopatu
1658 4928 1736 4984 quo·

85 4985 179 5056 liioo
200 4985 347 5041 Boionius
371 4981 536 5055 contigisse
556 4983 683 5038 niiinmot
705 4998 753 5037 on·
775 4981 838 5037 378·
896 5005 954 5061 que
977 4987 1137 5042 retinuisse
1167 4986 1281 5039 vestem
1309 4984 1513 5039 monasticam.
1538 4981 1652 5039 Etenim
1676 4998 1737 5040 nou

85 5057 250 5119 ,exstineto
267 5057 397 5124 Valente,
414 5056 501 5110 Gothi
516 5056 646 5109 victores
663 5053 839 5109 crudelissi-
898 5060 996 5115 solum
1009 5057 1192 5112 Athanasius
1216 5055 1377 5110 Antonium
1395 5070 1431 5110 eo
1447 5054 1610 5110 indumenti
1626 5068 1737 5127 genere

85 5128 292 5200 populationes
307 5143 342 5181 oo
358 5131 477 5199 strages
498 5126 663 5196 ediderunt,
681 5126 717 5179 do
732 5125 841 5195 quibus
899 5145 988 5186 usum
1006 5128 1127 5196 scribit,
1145 5126 1198 5182 sed
1212 5126 1284 5180 illud
1309 5127 1395 5181 etiam
1411 5140 1567 5182 commune
1583 5123 1737 5198 AEgyptiis

85 5198 172 5255 uomet
188 5199 277 5252 locuti
301 5213 417 5253 sumus·
444 5197 523 5251 Nihil
548 5203 645 5251 tomen
670 5200 748 5250 votot
771 5196 842 5266 quin
899 5200 1054 5257 monachis
1070 5198 1166 5253 fuisso
1182 5213 1219 5252 ex
1233 5197 1539 5268 Cassiano,l’alladic,
1556 5197 1677 5253 Socrate
1693 5199 1736 5251 at·

85 5269 165 5325 otiam
190 5269 357 5323 indicentur
377 5268 445 5322 anni
469 5273 650 5338 soquentes3
669 5267 842 5322 adverbium
897 5288 954 5345 qua
970 5271 1038 5326 aliis
1053 5284 1239 5341 cognoscere
1251 5272 1308 5323 ast.

97 5342 188 5398 toties
204 5341 338 5396 eamdem
353 5356 416 5394 rem
431 5339 543 5409 saepius
558 5339 665 5393 iactam
678 5338 764 5408 plane
779 5341 842 5392 tes·
933 5342 990 5414 (61)
1019 5341 1085 5397 Νοιι
1113 5341 1178 5394 sino
1202 5340 1459 5395 verisimilitudine
1485 5340 1661 5411 loquuntur,
1686 5336 1738 5408 qui

84 5452 92 5470 .
898 5416 977 5471 huno
992 5413 1119 5485 primum
1136 5411 1253 5466 Acholii
1270 5427 1337 5466 curn
1360 5412 1520 5466 Ambrosio
1546 5411 1648 5464 nostro
1663 5422 1737 5462 con·

85 5483 97 5556 )
116 5482 236 5540 melotis
263 5481 335 5537 nihil
357 5481 437 5536 aliud
451 5483 498 5536 est
517 5496 604 5552 quam
626 5480 713 5550 pellis
736 5479 843 5550 ovina3
921 5500 1040 5540 rossum
1055 5499 1131 5538 anno
1146 5480 1199 5538 382
1214 5483 1393 5553 attribuunt,
1412 5498 1480 5537 curn
1499 5481 1614 5535 scilicet
1629 5477 1677 5532 illa
1707 5477 1737 5532 in

98 5556 167 5612 ovis
192 5569 290 5627 graeoo
318 5558 397 5635 μῆλον
421 5551 544 5606 dicatur.
575 5551 716 5616 Quninuis
744 5553 842 5605 nutent
898 5502 1011 5613 italiam
1025 5555 1116 5625 venit,
1137 5553 1263 5610 concilio
1286 5553 1366 5625 quod
1384 5554 1491 5608 eodem
1507 5550 1640 5604 vertente
1659 5563 1737 5604 anno

85 5632 563 5708 ucoproecipucadEliaepallium,
580 5630 844 5713 quodthXpatu.
901 5630 1005 5711 Romae
1018 5625 1169 5711 habiturn,
1193 5625 1299 5698 cuique
1321 5623 1513 5680 Ambrosium
1533 5619 1621 5676 otiam
1644 5617 1737 5677 iater-

85 5714 388 5795 nortmanniae
404 5713 533 5791 alludat·,
548 5711 622 5774 nihil
636 5714 734 5771 tamen
743 5711 845 5790 probi·
900 5700 998 5767 toleto
1013 5698 1125 5775 mount,
1141 5711 1279 5775 praesens
1289 5697 1418 5766 tuturus.
