3900 6128
68 298 130 370 879

816 296 849 364 S.
872 295 1095 367 ameaosu.

1735 296 1802 373 88)

2 546 7 553 ·
70 503 192 576 Species
212 499 312 572 utique
336 499 482 568 distincta,
500 496 553 554 sed
570 499 739 555 indistincta
753 501 903 559 divinitas.
917 486 1132 575 K'Scriptura,
1157 507 1189 560 ut
1209 519 1263 575 per
1286 504 1383 560 omnia
1404 505 1512 562 similis
1539 503 1682 562 fratribus
1712 506 1798 562 tieret

104 629 165 683 101.
183 625 299 690 Quaeris
314 623 461 694 quomodo
476 623 531 677 hoc
542 624 659 694 probari
676 626 796 695 possit?
810 625 904 680 Etiam

68 719 99 772 in
116 715 259 771 creaturis
276 714 429 767 ostendam
444 713 593 766 diversam
618 714 748 783 speciem
773 713 839 782 (58),
856 715 903 768 di·

67 820 156 861 versa
181 803 262 857 initia
288 802 317 855 in
339 801 499 872 plerisque,
521 804 548 854 et
573 817 660 855 unam
676 816 745 855 esse
761 800 903 857 substan-

67 897 148 963 tiam,
166 897 193 947 et
209 893 245 946 de
261 890 421 960 Scripturis
437 889 571 959 exempla
587 889 745 958 proteram.
762 890 861 960 ltaque
876 890 903 945 si

67 984 98 1038 in
120 983 168 1037 his
192 997 259 1052 quae
283 978 416 1033 mortalia
441 982 519 1046 sunt,
541 977 597 1031 hoc
612 982 709 1047 potest
725 978 902 1048 convenire,

68 1069 315 1143 quemadmodum
328 1067 425 1119 Patris
441 1070 470 1119 et
484 1064 550 1119 Filii
567 1068 596 1120 et
610 1066 738 1135 Spiritus
759 1067 903 1122 divinitati

66 1161 165 1234 legem
180 1158 336 1230 cujusdam
350 1155 539 1211 necessitatis
554 1155 729 1225 imponunt?

103 1284 165 1341 102.
182 1284 284 1339 Omnia
299 1298 403 1352 nempe
419 1280 546 1336 volatilia
563 1295 629 1350 quae
649 1278 785 1349 ejusdem
808 1294 901 1352 gene·

65 1373 109 1430 ris
134 1374 278 1441 videntur,
305 1371 441 1442 ejusdem
464 1370 563 1439 utique
586 1371 614 1421 et
634 1370 746 1422 naturae
771 1372 849 1437 sunt,
870 1369 902 1422 ut

65 1463 230 1535 aquilarum
245 1476 336 1515 unum
350 1474 447 1532 genus
470 1462 499 1512 et
519 1473 577 1511 una
599 1459 702 1510 natura
724 1458 780 1527 est,
805 1456 901 1510 vultu-

65 1568 130 1607 rum
146 1551 292 1620 similiter,
304 1553 332 1603 et
344 1553 519 1603 caeterorum
529 1545 694 1599 seeundum
704 1560 801 1616 genus
813 1559 901 1599 suum

64 1641 237 1695 volatilium.
263 1635 515 1702 Quemadmodum
539 1637 637 1688 autem
661 1633 805 1702 coeperint
830 1648 900 1688 esse

63 1729 205 1799 volatilia,
230 1731 292 1780 tres
317 1725 435 1796 species
457 1723 633 1793 reperimus,
649 1725 678 1775 et
692 1725 774 1776 ortus
796 1736 899 1776 eorum

65 1834 172 1873 causas
195 1816 324 1888 legimus
350 1829 419 1869 essa
438 1812 586 1867 diversas.
603 1802 674 1866 726
690 1809 838 1880 Scriptum
853 1811 900 1864 est

64 1909 142 1962 euim
165 1906 279 1960 dixisse
304 1904 421 1957 Deum:
448 1924 458 1948 a
479 1900 647 1954 Producant
667 1913 751 1970 aquae
767 1899 899 1969 repentia

63 1996 227 2050 animarum
240 1992 412 2062 viventium,
429 1993 457 2046 et
477 1989 605 2043 volatilia
629 1987 790 2042 volatilium
809 1986 897 2059 (Gen.

63 2101 82 2155 1,
107 2085 193 2154 tot.»
222 2083 257 2137 Et
281 2081 367 2152 paulo
390 2083 467 2151 post,
493 2094 559 2132 cum
581 2077 751 2147 paradisum
775 2075 899 2132 iecisset

62 2173 153 2243 Deus,
172 2176 200 2226 et
214 2172 368 2242 posuisset
391 2170 422 2223 in
447 2184 482 2222 eo
507 2167 665 2234 hominem,
683 2166 896 2235 scriptumest,

62 2263 131 2335 quia
147 2262 286 2332 tiguravit
299 2259 380 2313 Deus
396 2258 430 2313 de
446 2262 523 2310 terra
531 2255 645 2310 bestias
660 2255 735 2325 agri,
752 2258 780 2307 et
794 2253 897 2308 volati-

60 2350 100 2407 lia
116 2352 182 2406 cmii
198 2350 286 2420 (Gen.
312 2366 342 2418 ιι,
367 2348 423 2417 90).
448 2346 660 2417 Signillcantur
679 2358 751 2415 ergo
767 2342 897 2396 volatilia

61 2439 199 2496 hocloco
216 2441 340 2511 ligurata
364 2437 399 2490 de
425 2439 512 2489 tarra.
539 2435 633 2504 Supra
657 2446 775 2503 quoque
796 2431 896 2503 legisti

61 2530 129 2602 quia
155 2529 227 2583 dixit
251 2529 330 2581 Deus
353 2525 483 2579 avibus:
503 2545 513 2571 a
531 2522 664 2576 Crescite
678 2524 706 2575 et
723 2520 896 2590 multiplica-

60 2619 132 2674 mini
147 2618 233 2689 (Geu.
251 2635 271 2687 1,
287 2615 351 2685 aeg
371 2639 381 2660 n
399 2614 498 2684 utiquc
513 2627 551 2667 ox
566 2612 644 2666 coitu
659 2610 749 2664 maris
764 2613 793 2663 et
807 2608 894 2663 femi-

60 2723 106 2763 nae
121 2705 322 2780 generationis
338 2704 517 2757 incrementa
531 2700 719 2770 praecipiens.
736 2698 836 2769 ltaque
847 2697 895 2751 ad·

59 2797 202 2851 vertimus
226 2797 312 2849 etiam
337 2809 403 2864 quan
430 2792 517 2845 unius
542 2789 661 2861 generis
677 2791 756 2857 sunt,
774 2788 893 2841 diverso

59 2887 147 2941 modo
162 2901 231 2941 esse
247 2883 376 2954 caepisse
394 2897 399 2936 :
417 2881 473 2935 alia
499 2880 535 2934 de
557 2880 654 2949 aquis,
671 2877 727 2931 alia
745 2877 781 2930 de
804 2880 892 2946 terra,

59 2976 114 3030 alia
131 2976 166 3030 do
182 2975 273 3029 maris
288 2977 316 3027 et
332 2970 449 3026 temtum
465 2969 673 3042 generationa3
699 2970 728 3021 et
749 2966 836 3020 unius
852 2968 894 3019 ta·

58 3081 126 3120 men
142 3066 206 3119 lraec
222 3080 290 3119 esse
306 3065 429 3130 naturae,
446 3056 785 3129 dissimulitudinemque
801 3054 893 3111 subs-

57 3156 156 3210 tantiae
173 3170 231 3209 nou
247 3153 366 3207 habere.

95 3280 156 3336 103.
179 3280 255 3345 Quid
277 3293 347 3333 vcro
370 3280 429 3332 tam
452 3275 540 3330 unius
565 3277 687 3342 naturae,
714 3288 801 3343 quam
822 3287 891 3327 caro

58 3375 160 3427 nostra
185 3386 251 3423 cum
278 3367 421 3423 Dominici
446 3365 580 3435 eorporis
596 3363 742 3417 veritate?
756 3362 891 3417 Diversis

57 3464 154 3516 tamen
170 3465 293 3531 utraque
309 3457 395 3512 ducta
410 3456 521 3523 causis,
545 3453 674 3508 diversis
697 3454 759 3506 orta
782 3451 892 3521 prinei·

961 591 1065 660 (Helrr.
1082 610 1111 660 ιι,
1130 592 1184 660 l't).
1208 592 1320 648 Similis
1333 595 1434 666 utique
1450 594 1502 650 Dei
1517 593 1610 651 Filius
1626 595 1722 650 nostri
1736 610 1796 652 uon

961 682 1123 735 secundum
1140 681 1301 737 divinitatis
1316 683 1536 754 plenitudinem,
1554 684 1608 739 sed
1629 683 1795 739 secundnm

960 769 1064 824 animm
1080 769 1274 839 rationabilis,
1292 775 1319 826 et
1335 776 1366 827 ut
1381 773 1557 844 expressius
1579 772 1724 843 dieamus,
1740 772 1795 829 hu·

959 858 1037 912 mani
1051 859 1203 930 nostrique
1219 860 1354 930 corporis
1370 861 1521 917 veritatem
1536 860 1604 932 (53).

994 962 1055 1018 105.
1078 962 1153 1029 Quid
1177 967 1274 1020 autem
1298 965 1333 1020 de
1358 967 1425 1037 ipso
1448 967 1605 1039 loquamur
1622 967 1728 1036 Adam,
1743 967 1794 1038 qui

959 1066 1025 1106 eum
1049 1052 1089 1106 sit
1110 1052 1254 1109 iormatus
1274 1054 1376 1110 elimo
1390 1059 1478 1110 terrae
1493 1055 1580 1126 (Gen.
1597 1073 1629 1126 ιι,
1644 1055 1683 1125 t),
1700 1070 1794 1129 geue·

958 1139 1033 1195 ravit
1047 1141 1147 1212 utique
1163 1142 1241 1198 illios
1252 1159 1315 1199 suae
1325 1148 1481 1199 consortes
1492 1148 1615 1213 naturac,
1632 1144 1794 1215 participes

957 1229 1087 1300 generis,
1112 1231 1317 1288 successionis
1341 1233 1502 1289 haeredes?
1527 1234 1654 1289 ltivcrsa
1674 1232 1794 1306 quidem

958 1317 988 1371 in
1011 1317 1080 1373 filiis
1103 1322 1131 1373 et
1151 1322 1271 1390 parente
1294 1321 1448 1392 principia,
1472 1321 1527 1377 aad
1542 1321 1680 1377 humanae
1696 1321 1797 1379 condi·

958 1405 1047 1460 tionis
1061 1422 1119 1461 una
1135 1410 1257 1478 natura3
1282 1424 1337 1464 nec
1357 1412 1456 1465 tamen
1481 1410 1694 1466 dissimilitudo
1709 1414 1793 1467 ortus

957 1493 1139 1550 similitudini
1156 1488 1333 1553 substantiae
1348 1497 1562 1569 praejudicavit.
1582 1498 1696 1554 Similis
1722 1514 1794 1572 ergo

955 1582 1034 1636 tilius
1049 1584 1124 1654 patri
1140 1585 1228 1640 etiam
1242 1586 1273 1639 in
1286 1585 1345 1656 his,
1363 1603 1430 1658 quae
1441 1586 1711 1658 propterhumanae
1723 1603 1796 1643 con·

956 1671 1075 1728 ditionis
1090 1673 1280 1745 fragilitatem
1294 1674 1497 1731 similitudinis
1512 1676 1727 1747 plenitudinem
1742 1677 1793 1731 ha·

955 1758 1027 1815 bere
1050 1777 1110 1816 non
1130 1766 1254 1833 possent
1271 1780 1278 1818 z
1294 1767 1441 1835 quemme
1457 1780 1530 1837 ergo
1546 1765 1601 1821 Dei
1615 1763 1714 1821 Patris
1729 1765 1792 1820 dis·
1813 1774 1816 1780 '

915 1854 941 1928 Β
955 1849 1062 1905 similis
1077 1850 1171 1907 Filius
1187 1853 1300 1907 verus?

1236 1977 1309 2042 727
1325 1985 1451 2042 CAPUT
1467 1986 1503 2042 X.

953 2110 980 2165 Α
1002 2108 1209 2181 superioribus
1233 2126 1283 2165 eos
1305 2126 1362 2165 non
1385 2110 1574 2192 discrepare,
1601 2112 1653 2184 qui
1682 2110 1781 2167 Filiun

989 2181 1079 2235 Patri
1093 2180 1221 2235 similem
1241 2189 1446 2252 aquesceutes,
1464 2181 1596 2253 epusdem
1613 2181 1782 2238 substantie

990 2251 1171 2306 indciantur.
1189 2251 1256 2306 Non
1273 2254 1351 2307 enim
1364 2269 1453 2324 posse
1468 2255 1550 2307 inter
1565 2268 1617 2308 eos
1627 2253 1783 2308 accidenta-

988 2321 1046 2376 lem
1071 2329 1120 2377 aut
1142 2322 1300 2392 partialem
1329 2324 1521 2379 intercedere
1540 2324 1781 2388 similitudinem,¹

989 2391 1778 2466 cumqur'usmodisimilitudinespurishominibuscum

987 2464 1051 2520 [teo
1067 2464 1249 2533 tribuantur,
1271 2473 1301 2519 at
1323 2464 1400 2519 Filio
1419 2482 1483 2520 eum
1505 2464 1601 2520 Patre
1617 2472 1734 2520 naturae
1747 2466 1783 2520 sit

988 2535 1161 2603 similitude,
1187 2535 1318 2606 capuaci
1338 2535 1475 2607 perfecta
1501 2537 1599 2609 imago
1619 2542 1676 2593 est.
1702 2535 1783 2593 Nitril

988 2621 1060 2678 erpo
1088 2621 1184 2661 vocem
1208 2607 1372 2675 ingenitum
1397 2606 1554 2662 catholicis
1576 2607 1710 2679 obstare,
1736 2605 1783 2662 sed

988 2678 1195 2732 haereticorum
1207 2677 1338 2748 prodere
1351 2677 1528 2748 pertidiam;
1544 2679 1593 2750 qui
1611 2694 1648 2750 pe
1661 2679 1711 2751 qui
1721 2678 1782 2733 dum

990 2763 1088 2803 vocem
1103 2749 1134 2801 in
1149 2748 1307 2818 Scriptura
1322 2749 1451 2819 ipuotam
1476 2765 1583 2820 usurpa
1606 2754 1668 2819 ant,
1695 2750 1783 2804 omni-

983 2819 1146 2945 potentiam
1163 2834 1225 2890 quae
1239 2818 1303 2873 illis
1314 2820 1456 2892 personis
1470 2818 1516 2874 ilri
1531 2819 1687 2891 tribuitur,
1705 2834 1784 2892 nepa·

1008 2896 1068 2946 aut.

987 3033 1047 3089 106.
1072 3033 1131 3089 Sed
1154 3031 1288 3106 plerique
1313 3034 1445 3090 eamdem
1473 3036 1586 3091 sectam
1611 3037 1780 3108 sequentes,

949 3122 1157 3194 disputationis
1175 3138 1284 3195 genere
1300 3124 1472 3180 discordare
1496 3140 1529 3180 se
1554 3129 1658 3195 putant
1680 3125 1717 3180 ab
1740 3125 1783 3179 his

910 3212 999 3294 'equi
1027 3211 1202 3266 dissimilem
1233 3210 1313 3265 Patri
1341 3212 1513 3283 peremnia
1538 3211 1646 3268 Filium
1675 3213 1782 3269 dieunt.

948 3299 1017 3356 ideo
1032 3300 1136 3357 horum
1152 3315 1269 3372 quoque
1284 3301 1335 3373 qui
1350 3301 1477 3356 similem
1488 3301 1589 3357 dicunt
1601 3301 1723 3373 Filiam,
1733 3302 1784 3359 sed

947 3405 1006 3445 non
1021 3389 1110 3444 unius
1126 3388 1302 3444 substantiae
1328 3405 1395 3444 cum
1419 3389 1514 3461 Patre,
1538 3390 1668 3462 ineptias
1684 3391 1784 3447 discu-

946 3478 1066 3533 tiamns.

54 3551 113 3622 piis
138 3554 193 3605 est.
219 3547 293 3602 Caro
318 3548 396 3602 anim
421 3543 537 3600 Domini
560 3542 670 3612 Spiritu
694 3541 723 3594 in
740 3540 891 3612 Virginem

56 3638 284 3709 superveniente
300 3637 381 3705 (Luc.
398 3652 418 3706 1,
434 3635 480 3703 ³5)
494 3636 644 3704 generata,
662 3646 721 3685 uon
736 3633 896 3706 exspecta·-

55 3727 99 3779 vit
113 3726 208 3779 virilis
219 3725 397 3794 femineique
408 3723 504 3777 coitus
515 3722 648 3775 solemne
660 3720 869 3775 commercium
881 3735 888 3790 3

58 3829 126 3869 earo
148 3828 219 3866 vero
245 3816 356 3882 nostra,
380 3812 437 3865 nisi
461 3810 557 3863 virilis
578 3809 663 3880 juxta
684 3808 889 3881 femineusque

57 3918 150 3958 sexus
166 3902 304 3974 genitalia
320 3900 413 3954 sulcis
430 3897 613 3952 naturalibus
630 3896 755 3951 obducat
764 3900 887 3968 semina,

56 3993 133 4047 intra
157 3992 274 4045 viscera
297 3990 392 4057 nescit
417 3991 548 4040 materna
573 3986 710 4055 formari,
742 3990 770 4040 et
792 3989 889 4044 umen

57 4098 125 4138 oum
148 4079 350 4154 generationis
375 4077 463 4131 iuerit
483 4091 572 4130 eausa
588 4076 715 4146 diversa,
733 4077 831 4131 carnis
846 4080 891 4130 ta-

56 4188 123 4229 men
140 4172 169 4226 in
183 4170 301 4224 Christo
317 4183 384 4224 cum
399 4164 569 4221 hominibus
593 4163 729 4220 omnibus
754 4181 811 4219 una
835 4181 888 4221 na·

55 4268 121 4320 tura
135 4265 190 4317 est.

982 3583 1043 3640 107.
1069 3583 1127 3641 Sed
1152 3600 1219 3658 quae
1241 3600 1300 3641 non
1322 3584 1412 3641 unius
1428 3589 1540 3642 nature
1556 3589 1637 3658 sunt,
1656 3587 1782 3644 diversa
1804 3598 1807 3602 ’

947 3676 1017 3729 sunt
1040 3674 1141 3745 utique
1166 3677 1254 3746 atque
1276 3674 1414 3730 distantis
1431 3690 1437 3730 :
1456 3679 1485 3730 et
1498 3691 1565 3747 quae
1582 3676 1721 3732 distantis
1736 3693 1783 3733 na-

945 3764 1029 3832 turoe,
1047 3777 1236 3833 consequens
1252 3766 1298 3818 est
1312 3766 1344 3818 ut
1358 3763 1466 3818 similia
1485 3779 1554 3819 esse
1571 3779 1631 3819 uon
1648 3767 1781 3837 possint;
1821 3809 1831 3834 ,

945 3851 1004 3907 nisi
1020 3850 1095 3906 forte
1111 3851 1275 3906 secuudum
1291 3851 1422 3922 speeiem
1446 3852 1555 3907 similia
1579 3853 1677 3925 dicas,
1696 3855 1782 3910 dissi·
1804 3881 1832 3896 -

944 3940 1025 3995 milia
1050 3940 1214 3995 secundum
1235 3940 1400 3995 veritatem.
1422 3941 1497 3996 Nam
1513 3944 1542 3996 et
1556 3941 1644 3998 lactis
1660 3947 1689 3998 et
1705 3943 1779 3998 nivis
1803 3959 1832 3996 a

945 4031 974 4083 et
999 4029 1088 4101 cygni
1114 4029 1241 4084 albentis
1265 4029 1406 4084 concolor
1428 4031 1548 4101 speeies
1570 4033 1617 4087 est
1641 4028 1832 4102 (att,saa1

945 4116 1172 4188 discrepantiam
1188 4120 1288 4172 servat
1309 4118 1446 4173 distantis
1471 4121 1602 4188 naturae3
1622 4135 1679 4175 nec
1698 4118 1833 4175 diue·—

944 4207 1038 4261 rentia
1052 4209 1223 4261 naturarum
1237 4206 1405 4277 specierum
1416 4206 1610 4262 similitudine
1622 4207 1833 4264 coloratur..-

980 4311 1042 4368 108.
1065 4311 1217 4379 Quomodo
1242 4327 1314 4385 ergo
1337 4312 1386 4368 isti
1406 4313 1534 4368 similem
1549 4313 1833 4370 dicuntPatreun

92 4391 153 4446 104.
174 4392 278 4444 Partus
294 4384 371 4441 enim
388 4381 521 4454 Virginis
535 4397 594 4436 uon
608 4384 741 4436 naturam
755 4381 886 4453 mutavit,
944 4404 973 4458 θ,
997 4400 1114 4472 pilium,
1138 4401 1189 4474 qui
1210 4401 1350 4457 ,mitatem
1373 4401 1549 4457 substant&
1570 4404 1711 4476 negant,
1737 4404 1834 4458 An

57 4480 109 4537 sed
121 4474 519 4553 generandiusumnovavit.
533 4472 664 4543 Denique
676 4470 788 4526 earode
800 4486 900 4543 carne,
943 4491 1108 4546 secundum
1123 4490 1247 4546 somam
1270 4495 1298 4545 et
1321 4491 1448 4563 ssguram
1463 4494 1491 4546 e,
1505 4490 1638 4547 colorem
1653 4491 1834 4548 similem

33 4573 122 4624 ‘⁰³¹³
137 4574 192 4624 ⁰⁸²·
210 4567 319 4622 Habuit
332 4580 405 4636 ⁰l3⁰
430 4563 465 4618 <¹⁰
492 4577 546 4616 ⁸¹¹0
572 4561 673 4633 ViidQ
697 4552 1219 4660 ‘111011²l⁸d0·'bputant?sedhaee
1240 4580 1374 4650 corporis
1397 4582 1477 4650 sunt,
1503 4579 1568 4636 liaeo
1590 4581 1834 4653 compositio-⁴

13 4671 16 4679 ¹
56 4650 712 4728 ”et'rnfflwnimfllieflumdedimam*Sfld
737 4650 888 4720 ΡΓΟΡΓῙΠΠι
943 4683 1010 4724 nem
1026 4668 1181 4739 quamdam
1196 4667 1335 4722 indicant.
1353 4667 1506 4733 Quomodo
1522 4670 1621 4724 autem
1636 4669 1782 4725 invisibila
1813 4661 1835 4715 Ι

57 4746 256 4801 evisceribus
273 4745 338 4799 suis
355 4742 478 4797 contulit
492 4741 631 4795 inusitato
647 4739 744 4807 modo,
762 4739 815 4792 sed
831 4739 889 4792 usi·
945 4757 1167 4812 similitudinem
1182 4756 1346 4811 secondum
1363 4757 1492 4812 colorem
1507 4761 1644 4829 aptamus
1660 4757 1718 4831 (53)
1732 4766 1781 4812 au’
1806 4764 1835 4806 1

56 4837 114 4888 ²⁸¹⁰
140 4850 271 4888 munem·
297 4833 406 4885 Hlbssst
431 4832 521 4902 fiditur
544 4844 661 4883 Cflfflem
683 4828 784 4900 Vil8⁰r
800 4843 887 4899 ΨΜ
945 4844 1094 4900 sormam?
1109 4847 1166 4900 Aut
1181 4845 1328 4917 quomodo
1345 4848 1478 4900 creatura
1494 4850 1679 4918 potestesse
1695 4846 1835 4902 simi-⁶·

30 4944 33 4951 ·
56 4928 168 4979 naturae
184 4922 327 4977 solemnis
341 4919 408 4990 jure
420 4919 606 4989 transcripsit
622 4919 651 4971 in
667 4917 766 4972 tetum.
779 4916 888 4972 Eadem
942 4932 981 4988 lis
998 4933 1154 4989 increato?
1176 4932 1328 4998 Quomodo
1344 4934 1485 5005 splendor
1499 4933 1617 5006 gloriae,
1633 4939 1662 4992 et
1677 4935 1802 4991 chan-
1815 4964 1836 4978 -

18 5046 22 5053 ·
55 5014 146 5086 igitur
161 5011 325 5067 secuudum
340 5026 457 5063 carnem
473 5009 643 5080 generantis
660 5007 768 5073 llariae,
780 5007 888 5078 geniti·
944 5023 1007 5077 ereo
1028 5023 1202 5078 substantioe
1218 5020 1285 5093 ojus
1310 5021 1413 5082 (Hebr.
1431 5038 1450 5090 ι,
1470 5021 1836 5096 3);sid1versaglo‘

54 5119 112 5176 (1¹10
138 5106 260 5171 stillula»
285 5115 338 5154 1¹⁰⁰
362 5100 517 5153 diSSifflfflS
543 5097 701 5165 sfflfflbusi
727 5096 796 5167 ‘luia
818 5095 888 5150 ‘¹1⁰st
943 5110 997 5179 ria,
1015 5113 1046 5164 ut
1059 5110 1101 5164 illi
1117 5111 1226 5180 dieunt,
1244 5111 1363 5165 diversa
1377 5101 1544 5166 substantia
1558 5114 1618 5168 est.

90 5249 158 5316 (ΒΞ)
182 5247 245 5301 Hoc
267 5247 473 5317 argumentum
496 5245 650 5297 lrtsslfllutss
675 5240 804 5296 occurrit
828 5254 887 5294 1¹⁰ss
979 5251 1034 5318 tal)
1046 5252 1185 5308 Nonnulli
1198 5269 1284 5320 mss,
1299 5276 1309 5299 a
1320 5252 1445 5308 albentis
1454 5252 1591 5310 coloriss
1633 5255 1837 5313 creseat*

51 5323 139 5377 modo
155 5321 184 5373 in
200 5320 251 5373 lm.
268 5335 306 5384 iv,
325 5317 426 5370 llasilii
447 5321 524 5370 cont.
549 5315 687 5384 Iturium,
709 5328 772 5394 cup.
791 5313 817 5382 ⁹2,
834 5328 886 5365 ve·
979 5323 1034 5391 (55)
1052 5324 1091 5376 110
1108 5325 1176 5378 edit,
1195 5340 1308 5392 omnes,
1325 5325 1581 5395 expoprjsummig
1614 5327 1713 5384 „abug
1726 5329 1837 5383 pgr

50 5409 115 5448 rum
133 5394 218 5446 etiam
236 5392 265 5443 iu
281 5391 330 5442 lib.
348 5388 500 5441 Athanasii
526 5387 562 5441 de
584 5386 673 5439 Decr.
688 5385 821 5440 Nicaeum
837 5399 887 5454 sy·
942 5393 995 5448 ris,
1013 5394 1063 5448 uhi
1080 5395 1207 5466 legimus
1224 5419 1235 5441 a
1250 5397 1280 5449 jn
1296 5395 1473 5451 invisibili...
1489 5398 1637 5469 aptamus,
1650 5422 1663 5448 a
1681 5399 1838 5455 noviss

50 5466 129 5529 nodi,
154 5465 183 5516 in
207 5463 258 5516 lib.
285 5478 315 5530 ιι,
339 5460 476 5531 Gregorii
501 5459 593 5528 Npss.
611 5457 731 5510 advers.
749 5456 885 5526 Eunoen,
942 5465 1017 5520 sima
1035 5488 1046 5512 a
1064 5472 1239 5535 optamus.»
1262 5468 1335 5520 tlurn
1360 5465 1415 5520 huc
1436 5482 1511 5522 mss.
1528 5470 1677 5541 propead
1691 5486 1781 5526 unum
1812 5492 1838 5509 κ

48 5538 108 5593 eta
132 5535 169 5590 ud
185 5534 271 5589 alios.
621 5597 626 5608 Ι
942 5537 1142 5604 consentiunt,
1167 5538 1226 5592 nisi
1251 5537 1330 5608 quod
1352 5537 1526 5608 particulam
1543 5540 1577 5594 in
1601 5543 1783 5612 praetermit-

84 5553 141 5677 (ὃς)
165 5604 289 5672 Quidam
313 5620 389 5662 mss.
412 5606 441 5660 et
465 5601 546 5674 edit,
570 5598 732 5655 «dicamus
748 5597 885 5656 humanae
940 5609 1015 5678 tunt,
1044 5608 1141 5678 potior
1168 5610 1264 5665 tamen
1293 5612 1339 5666 est
1367 5608 1549 5686 «eommunis,
1578 5626 1651 5690 quo
1679 5616 1785 5676 nostra

47 5678 213 5752 nostrique,
232 5697 243 5728 ι
260 5681 316 5740 etc.
941 5679 1029 5740 etiam
1044 5682 1100 5756 est,
1117 5679 1215 5740 teatio.
