3900 6128
417 620 867 797 salicti
934 624 1545 809 AMBROSH

697 936 1045 1003 MEDIOLANENSIS
1068 940 1263 1004 EPISCOPI

241 1118 344 1243 litt
395 1121 665 1246 LAPSU
720 1129 1085 1256 lllRGlNlS
1138 1133 1708 1256 CONSECRATAE

762 1376 923 1458 niusa
965 1372 1119 1456 unus.

301 1690 375 1762 305
390 1705 516 1765 capu?
530 1707 693 1767 pfflMUM,
957 1666 987 1731 Α
1036 1687 1063 1743 l.
1079 1687 1155 1744 llinc
1175 1693 1268 1745 aestus
1283 1688 1380 1745 animo
1406 1705 1481 1760 mea,
1498 1690 1567 1745 hinc
1587 1686 1772 1745 insanabilis
1785 1684 1833 1742 do·

111 1823 147 1880 s.
217 1827 222 1839 .
417 1832 423 1844 ,
912 1831 917 1841 ,
1000 1776 1062 1848 lor;
1077 1779 1299 1854 (thuiaunum
1310 1779 1641 1850 malumboaaplurima
1661 1778 1834 1832 mcumtra·

136 1824 268 1883 nannum
286 1830 434 1903 abrumpit
451 1840 565 1903 auctor,
587 1841 617 1890 et
634 1850 736 1891 onrncs
751 1839 781 1888 ut
796 1830 944 1887 Ecclesiae

142 1905 268 1971 propte,
276 1916 371 1957 πω,
386 1905 515 1976 virm-ms
525 1907 742 1978 commanem
752 1904 867 1976 ,wem
878 1917 944 1957 m,
1001 1866 1061 1922 lut:
1077 1870 1105 1923 et
1115 1884 1205 1923 unius
1216 1869 1360 1925 nubecula
1369 1871 1545 1941 peccatricis
1556 1870 1648 1922 totam
1657 1865 1834 1939 peaeluoen

146 1969 272 2052 doleant,
285 1976 416 2029 excitat:
430 1978 638 2050 propositaque
653 1977 833 2048 indignitate
851 1972 939 2045 ilergi-
1000 1956 1171 2012 0b⁸⁰¹¹¹⁸⁸li²
1182 1957 1336 2013 ΕθθῙθθῑῑθ·
1346 1959 1506 2013 Assumm
1514 1972 1587 2029 01'80
1596 1971 1703 2011 V⁰0⁰¹¹¹
1711 1953 1832 2026 ΡΡΟΡῙῘΟ·

147 2046 191 2108 tn,
208 2056 290 2096 suurn
305 2059 338 2099 cc
354 2044 390 2100 dc
406 2062 442 2101 ro
452 2050 564 2120 promit
581 2064 747 2105 rnmrorcm.
1000 2045 1098 2116 ticam,
1109 2050 1137 2102 et
1148 2046 1285 2102 debiliter
1295 2047 1409 2101 dicam:
1425 2046 1600 2114 Arrditeme,
1613 2060 1718 2100 omnes
1725 2041 1830 2115 populi,

1001 2140 1031 2189 et
1048 2134 1147 2190 videte
1163 2135 1293 2190 dolorem
1312 2150 1407 2190 nieum
1422 2134 1548 2204 (Threu.
1568 2153 1587 2201 l,
1605 2133 1671 2202 tn:
1696 2132 1824 2204 virginea

1002 2222 1246 2295 meaeetjuveaes
1258 2224 1315 2278 moi
1334 2223 1510 2279 abieruntin
1530 2222 1741 2294 captivitatem.
1758 2221 1825 2275 Vere

1000 2311 1065 2367 hoec
1089 2316 1135 2367 est
1158 2313 1321 2383 captivitas,
1337 2312 1388 2367 ubi
1403 2313 1509 2367 animae
1531 2314 1687 2382 apeccato
1708 2309 1823 2380 captivo

1000 2400 1147 2456 ducuntur
1168 2400 1206 2456 ad
1221 2405 1354 2471 mortem,
1377 2405 1442 2457 eta
1465 2400 1612 2456 diabolica
1635 2398 1824 2455 dominatione

1000 2490 1203 2562 possidentur.

146 2161 171 2218 1.
188 2160 263 2230 Quid
286 2169 367 2223 taces
382 2165 432 2239 (l),
463 2166 577 2239 anima3
608 2171 678 2242 quid
709 2169 939 2240 cogitationibus

111 2251 242 2324 metuas:
259 2255 329 2328 quid
344 2273 402 2313 uon
414 2261 546 2330 erumpis
560 2261 588 2314 in
600 2275 715 2327 vocem,
725 2263 754 2314 et
769 2258 876 2313 mentis
887 2260 944 2312 tute

110 2345 390 2416 exponisardorem,
404 2352 434 2402 ut
448 2348 568 2420 aliquod
587 2346 725 2405 solatium
743 2345 868 2418 capias?
884 2345 948 2400 lloc

109 2432 205 2504 plane,
221 2434 278 2489 hoc
293 2436 348 2490 erit
362 2437 449 2509 quasi
462 2438 625 2494 remedium
637 2436 825 2510 agritudinis
836 2439 905 2502 taae,
920 2435 946 2489 si

110 2526 211 2591 aperto
220 2538 271 2578 ore
280 2528 454 2596 conceptum
465 2527 585 2600 digeras
599 2527 713 2583 scelus.
726 2526 801 2581 Nam
819 2528 847 2580 ct
861 2524 948 2579 ulcus

111 2604 246 2681 quamvis
256 2607 409 2685 tumidum,
426 2629 493 2670 cum
508 2612 597 2671 luerit
614 2618 746 2686 apertam
765 2611 815 2685 (2),
833 2628 943 2684 evapo-
1328 2595 1455 2654 CAPUT
1471 2596 1506 2651 Π·

112 2713 182 2754 ΜΒ
198 2704 318 2770 praestat
332 2702 522 2775 ¹’0f1'5801'il1ffl
537 2705 700 2775 P⁰⁸⁸i⁰¹¹is·
1002 2722 1177 2796 Corrupteia
1199 2721 1377 2797 alloquitur:
1405 2727 1436 2776 et
1460 2720 1556 2794 qualis
1579 2735 1723 2795 quemque
1748 2718 1822 2775 beata

147 2787 174 2844 ἓ.
188 2788 294 2845 Audite
305 2805 351 2845 me
362 2807 450 2863 nunc,
463 2792 513 2864 qui
532 2808 623 2864 prope
635 2793 718 2859 estis,
740 2791 825 2862 etqui
845 2790 946 2863 longe,
1036 2793 1130 2850 tuerit
1146 2799 1214 2850 ente
1230 2809 1343 2849 crimen
1359 2793 1529 2855 admissum,
1546 2792 1578 2846 in
1590 2807 1674 2874 quam
1693 2803 1823 2863 reregi!-

112 2877 203 2948 etqui
220 2878 328 2934 timetis
350 2879 516 2950 Dominum,
541 2885 569 2936 et
584 2881 729 2936 Ecclesiae
745 2878 812 2951 ejus
836 2878 946 2951 gaudio
1038 2869 1085 2919 ²⁰⁸
1101 2865 1255 2948 ᾂθθῑᾶθῖῑῑ,
1265 2862 1462 2919 ⁶³1⁸m1'2820111
1477 2879 1512 2918 ⁸⁰
1525 2862 1750 2934 turpitudinem,
1769 2872 1821 2934 ⁰1²³

114 2959 318 3039 congaudetis,
330 2969 358 3023 cl
367 2968 494 3024 tristitiae
506 2969 674 3042 conlugetis
687 2985 695 3037 ς
707 2969 785 3023 sicut
802 2967 947 3038 scriptum
962 2995 988 3058 Β
1037 2935 1133 2992 ⁰⁰¹¹I¹⁸
1145 2936 1278 3008 subm·

113 3057 177 3110 est:
195 3055 657 3128 Gauderecumgeudentibus,ct
668 3057 744 3113 ilerc
763 3074 827 3113 cum
844 3057 947 3112 ilenti-
1038 3061 1064 3117 6.
1081 3061 1126 3116 Ad
1140 3063 1169 3116 te
1184 3075 1257 3133 argo
1283 3076 1360 3115 nunc
1376 3059 1447 3114 mihi
1471 3073 1570 3114 sermo
1586 3057 1636 3127 sit,
1659 3073 1727 3131 quoe
1750 3054 1819 3127 capul

111 3141 333 3215 harmanni,
346 3143 400 3216 15).
414 3146 485 3215 Vae,
505 3147 635 3218 inquom,
651 3146 765 3217 appello
781 3145 831 3217 qui
847 3143 946 3200 chari·
1002 3151 1109 3206 horum
1122 3152 1151 3205 el
1163 3165 1253 3204 caasa
1269 3148 1413 3205 malorum
1428 3164 1472 3215 es,
1491 3163 1558 3222 quae
1572 3147 1770 3218 multipliciter
1780 3140 1822 3199 nn‘·

111 3235 199 3288 tatem
222 3232 333 3289 Christi
356 3235 545 3291 verissimam
566 3235 712 3305 retinetis,
728 3237 757 3289 et
780 3249 871 3305 super
887 3232 945 3288 ini·
1002 3231 1821 3311 saraaumglariavirginitatisnomenetiamperdidistit
1852 3254 1864 3317 ἑ·

112 3322 296 3393 quitatenon
311 3323 457 3397 gaudetiS,
473 3325 526 3380 sed
544 3325 642 3396 polius
658 3322 866 3396 ingemiscitis.
882 3321 946 3377 Ad·
1002 3329 1086 3385 ueias
1107 3331 1153 3384 est
1171 3328 1249 3383 euim
1267 3326 1432 3382 Suzaanam
1447 3325 1549 3381 vocari
1564 3340 1624 3381 non
1639 3328 1823 3394 costumnae
1850 3340 1864 3379 a

111 3411 216 3466 vertile
231 3412 321 3467 verba
337 3413 398 3468 oris
414 3415 472 3468 mei
486 3413 535 3484 (3),
553 3416 581 3469 et
605 3430 671 3485 quie
688 3428 725 3468 ex
745 3411 828 3484 justo
843 3410 945 3466 dolore
1001 3416 1071 3472 licet
1085 3417 1177 3472 lilium
1197 3415 1343 3472 nominari
1359 3413 1438 3487 quod
1454 3430 1513 3470 non
1527 3429 1561 3469 es
1585 3415 1637 3484 (5).
1656 3413 1742 3470 Unde
1762 3408 1825 3468 inci·
1852 3380 1864 3439 3

112 3499 284 3570 procedunt,
299 3500 447 3573 judicate;
462 3505 491 3558 et
506 3503 612 3558 delecti
625 3501 750 3558 sceleris
774 3500 945 3573 qualitatem
1001 3507 1102 3577 piam?
1125 3506 1196 3578 quid
1211 3505 1349 3578 primam,
1371 3503 1443 3576 qnid
1466 3503 1599 3558 ultimum
1615 3502 1736 3559 dimna?
1755 3500 1826 3558 ean
1852 3480 1864 3561 ἶ

110 3603 226 3644 mecum
241 3589 351 3660 pariter
365 3591 547 3661 perhorrete.
1000 3610 1229 3651 commemorem
1259 3610 1326 3666 quae
1341 3591 1521 3665 perdidisti?
1551 3607 1588 3646 aa
1610 3591 1688 3647 mala
1716 3590 1828 3649 denna
1853 3568 1864 3635 -¹

145 3677 172 3733 3.
186 3677 276 3752 Virgo
291 3679 411 3750 nobilis,
422 3679 517 3735 dicata
531 3680 799 3750 Christo,sapiens,
815 3677 940 3748 erudita,
1000 3699 1067 3756 quoe
1082 3683 1248 3739 invenisti?
1855 3654 1864 3705 ¹

109 3766 168 3822 ruit
181 3766 212 3821 in
237 3766 354 3824 foveam
373 3770 573 3840 turpitudinis,
598 3769 732 3840 concepit
756 3768 899 3836 dolorem,
915 3770 945 3821 et
1035 3773 1061 3828 6.
1074 3772 1283 3846 Erasvirgoin
1305 3771 1444 3842 paradiso
1457 3769 1519 3842 Dei,
1542 3769 1734 3843 utiqueiater
1750 3769 1830 3825 horat

109 3855 223 3926 peperit
235 3857 437 3928 iniquitatem:
454 3874 487 3914 se
503 3858 639 3929 perdidit,
655 3860 684 3913 et
699 3856 864 3912 Ecclesiam
879 3871 943 3910 ma·
999 3861 1161 3918 Ecclesia:
1177 3877 1245 3917 aras
1264 3876 1377 3933 sponsa
1387 3856 1510 3928 Christi,
1526 3874 1594 3914 eras
1616 3858 1760 3931 templum
1774 3851 1831 3927 uei,
1859 3852 1864 3875 ³

110 3943 227 3999 culavit.
241 3945 707 4003 HincomnisenimaChristiana
726 3961 817 4018 grave
833 3943 942 4000 vulnus
999 3949 1276 4006 erashebitaculum
1295 3949 1423 4022 Spiritus
1448 3948 1552 4003 sancti.
1569 3946 1606 4003 Et
1621 3963 1690 4002 cum
1705 3946 1772 4003 dico
1792 3949 1832 4002 to·
1861 3952 1864 4011 ξ

110 4033 226 4103 excepit
237 4049 245 4103 ς
257 4034 324 4104 quia
335 4038 470 4090 sanctum
493 4036 591 4090 datum
602 4039 647 4091 est
663 4035 797 4104 cunibus,
823 4037 852 4089 et
867 4048 943 4087 mar·
998 4041 1054 4095 ties
1079 4054 1147 4094 aras
1163 4038 1212 4109 (6),
1229 4054 1356 4094 necessa
1373 4041 1418 4093 est
1431 4037 1519 4093 toties
1543 4036 1751 4109 ingemiscas,
1771 4032 1833 4110 qaia

109 4121 213 4194 garitae
229 4123 331 4178 missae
354 4127 423 4179 sunt
437 4129 503 4181 ante
526 4141 635 4195 porcos
659 4124 778 4191 (Mattio.
796 4141 845 4193 vu,
862 4122 909 4193 dl:
926 4137 942 4176 e
997 4144 1057 4184 non
1072 4143 1105 4184 es
1121 4128 1200 4200 quod
1216 4127 1309 4182 luisti.
1326 4125 1490 4182 Incedebas
1505 4125 1536 4180 in
1551 4123 1691 4180 Ecclesia
1702 4128 1833 4199 tanquan

109 4209 221 4267 rabidis
235 4213 314 4268 enim
328 4213 499 4269 hominibus
515 4229 622 4269 nomen
638 4214 797 4269 laceratam
814 4215 859 4268 est
869 4226 942 4266 saa·
998 4217 1133 4273 columba
1145 4217 1203 4285 iila,
1214 4216 1317 4289 daque
1328 4215 1471 4287 scriptum
1482 4217 1545 4271 est:
1565 4214 1682 4270 Peuma
1700 4212 1834 4293 columbe

109 4310 226 4375 ctitatia
253 4314 283 4366 et
305 4312 342 4367 ab
367 4313 527 4370 immundis
542 4317 571 4370 et
586 4314 673 4369 luteis
688 4311 853 4383 pretiosum
867 4299 940 4365 306
997 4306 1213 4377 deargentatis,
1227 4312 1257 4360 ct
1271 4306 1440 4377 posteriora
1451 4304 1536 4360 dorsi
1544 4302 1610 4377 ejus
1619 4304 1651 4358 in
1660 4304 1763 4377 specie
1773 4298 1833 4359 auri
1862 4368 1864 4373 Ι

108 4400 312 4457 conculcatum
322 4404 369 4457 ast
383 4404 569 4474 propositum
585 4403 740 4458 castitatis,
957 4395 1035 4472 cil)
1056 4393 1150 4465 (Paul.
1170 4411 1258 4461 cxvii,
1279 4393 1333 4465 tt).
1351 4393 1535 4466 splendebas
1551 4396 1582 4448 ut
1596 4398 1766 4467 argentum,
1782 4391 1836 4449 tal-
1862 4416 1864 4420 ·

143 4543 181 4615 (l)
196 4544 268 4600 llaec
284 4545 380 4601 omuia
404 4544 551 4618 usquead
576 4548 749 4618 sequentem
772 4556 937 4611 numerum,
998 4539 1132 4610 qnamris
1146 4543 1345 4611 suppuratum,
1363 4553 1538 4610 evaporans,
1555 4539 1612 4594 eto.
1641 4536 1745 4594 Minus
1762 4550 1830 4594 oon·

107 4617 484 4688 quaeinsuperioribused.
496 4615 753 4685 desiderabantur,
774 4617 886 4669 uostrae
901 4628 940 4669 ex
997 4610 1095 4666 cinae.

106 4701 182 4740 mss.
211 4688 390 4743 Floriacensi
416 4704 451 4743 ac
469 4689 510 4743 ile
535 4688 562 4743 io
586 4691 725 4743 montano
752 4686 937 4740 acesserunt.
1032 4681 1071 4752 (d)
1085 4680 1159 4737 Mss.
1176 4680 1358 4749 nonnulli,A
1380 4678 1834 4749 veritatovcrbaorismci,elc,

108 4755 513 4831 EademqaoqueiuPseudo·
545 4755 936 4830 ieronymiexslatepistola:
996 4751 1073 4808 Edit.
1090 4756 1118 4808 et
1133 4753 1219 4823 pauci
1234 4768 1321 4819 mss,
1339 4759 1368 4809 ct
1392 4768 1429 4807 an
1453 4766 1492 4806 cx
1507 4751 1591 4824 justo
1609 4750 1716 4807 dolore
1730 4765 1833 4825 proce·

108 4826 163 4881 sed
172 4827 231 4883 illis
251 4832 466 4900 praemittuntur
482 4830 657 4886 ibidemista
674 4829 778 4884 verba:
797 4827 873 4882 Puto
893 4825 906 4880 l
923 4855 939 4867 ·
997 4822 1079 4879 dant.

112 4898 177 4952 vias
202 4914 270 4954 esse
287 4902 409 4969 crimen,
428 4902 478 4956 ulii
500 4903 584 4958 homo
594 4906 746 4974 peccatum
761 4915 844 4954 suum
861 4895 939 4953 altro
1030 4895 1069 4965 (l)
1087 4894 1206 4966 Aliquot
1219 4910 1305 4963 mss,
1322 4894 1559 4961 insanusdolor,·
1573 4908 1664 4962 unas,
1682 4890 1835 4949 insatiati·

109 4939 276 5038 annitatur,
290 4988 372 5042 qnam
391 4972 441 5026 ubi
459 4972 560 5027 recinas
575 4972 650 5026 inula
665 4972 758 5026 initus
776 4969 937 5040 delegitur,
995 4964 1035 5020 lis
1050 4964 1144 5021 dolor.
1169 4966 1270 5021 Lectio
1294 4967 1393 5021 miuus
1407 4966 1541 5038 elegans,
1566 4968 1597 5020 et
1612 4966 1697 5036 prior
1711 4965 1832 5021 minime

108 5046 139 5094 at
150 5038 254 5096 nolens
259 5041 436 5113 publicatur.
449 5043 542 5098 Nemo
558 5047 655 5098 autem
669 5059 728 5098 uon
746 5041 825 5096 videt
835 5040 938 5095 eadem
995 5036 1143 5105 displicet.

108 5110 157 5166 illa
184 5128 317 5183 pugnare
330 5130 397 5168 cum
425 5116 681 5181 manteauctoris;
713 5113 854 5168 hicenim
878 5127 937 5165 non
1030 5109 1069 5177 (5)
1084 5108 1193 5164 Omnes
1208 5108 1277 5163 edit.
1293 5125 1327 5162 ac
1343 5125 1416 5163 mss.
1434 5125 1492 5163 non
1507 5107 1594 5179 pauci
1608 5122 1678 5162 cum
1694 5105 1829 5163 Pseudo-

110 5198 207 5252 suum,
219 5183 271 5238 sed
283 5184 660 5257 alienuntcrimendetegit.
673 5186 748 5239 Nam
765 5183 843 5255 quod
861 5182 937 5235 inira
996 5179 1089 5245 Hier.,
1106 5180 1173 5235 Noa
1198 5179 1268 5234 licet
1293 5181 1440 5234 nominari
1455 5180 1531 5252 quod
1544 5183 1612 5241 est‚·
1635 5178 1686 5232 alii
1708 5178 1830 5251 aliquot,

110 5254 217 5308 dicitur
231 5261 400 5326 conceptum
423 5255 531 5321 sacius,
556 5256 612 5310 hoc
627 5257 745 5327 quidem
771 5254 841 5309 nihil
858 5253 937 5306 alind
995 5267 1052 5305 nou
1063 5250 1156 5305 lilimn
1176 5251 1332 5314 nominari,
1355 5251 1429 5322 qnod
1447 5267 1503 5306 non
1515 5255 1580 5310 est:
1594 5253 1624 5304 at
1639 5249 1830 5306 manifestum

108 5325 218 5397 signat,
236 5326 293 5380 nisi
318 5327 468 5399 cognitum
492 5327 593 5382 scelus
609 5333 637 5382 et
658 5327 775 5382 silentio
792 5327 936 5381 hacteuus
995 5326 1040 5376 est
1054 5323 1091 5377 ad
1107 5323 1267 5392 perlectam
1283 5323 1459 5376 sententiam
1484 5337 1522 5377 ex
1537 5320 1605 5375 aliis
1630 5324 1660 5375 ct
1675 5320 1747 5376 edit.
1767 5337 1833 5376 ver·

109 5413 256 5472 pressum.
270 5398 750 5470 Hucetiamaccedilquodeedem
762 5397 853 5452 verba
871 5395 937 5450 siae
996 5393 1067 5448 bum
1083 5392 1297 5448 accersendum
1312 5409 1391 5448 esse.
1409 5393 1475 5447 Lilii
1494 5407 1584 5518 porro
1600 5390 1650 5446 hic
1666 5393 1779 5448 mentio
1795 5391 1838 5462 nt,

107 5467 166 5531 nlla
181 5468 243 5524 iere
260 5469 417 5533 mutatione
446 5471 641 5541 reperiuntur,
663 5486 726 5540 cap.
743 5469 769 5535 8,
795 5484 874 5522 num.
892 5465 936 5534 36,
996 5465 1074 5536 quod
1091 5465 1235 5520 Susannee
1247 5464 1391 5520 vocabulo
1407 5465 1463 5520 llos
1473 5464 1491 5519 il
1506 5479 1532 5531 e,
1545 5479 1604 5520 uon
1615 5478 1709 5519 secus
1720 5480 1756 5519 ac
1765 5478 1835 5521 resa

108 5540 185 5603 unde
196 5540 375 5611 abimperito
390 5542 527 5612 quopiam
542 5543 571 5598 ia
587 5542 664 5597 hunc
680 5541 777 5595 locum
797 5538 939 5593 translata
998 5537 1215 5608 significentur.

107 5610 203 5675 tuisse
218 5613 325 5683 oppido
341 5614 482 5669 credibile
498 5616 553 5669 est.
1034 5607 1072 5677 (6)
1089 5607 1177 5674 Edit,
1192 5607 1241 5661 Et·
1284 5606 1361 5663 oties
1375 5607 1451 5663 dico.

142 5678 183 5761 (ἓ)
205 5683 547 5759 Pseudo-Hieronicae,
577 5700 640 5751 ctu
668 5681 762 5749 tuerit
787 5680 937 5753 tunicam,
1034 5680 1073 5752 (t)
1089 5680 1241 5736 undeno
1264 5679 1341 5751 it.,in
1353 5678 1558 5753 parturiant.
