3900 6128
68 248 147 313 aus
345 232 350 241 ’
496 246 553 313 aa
575 242 707 315 carru
729 243 1046 316 vacuarentur.
1071 288 1107 298 -
1129 246 1383 318 inueniam.
1720 259 1800 323 1414

105 449 168 506 182.
189 448 287 506 Habet
311 449 427 505 enimus
450 464 488 507 ex
511 450 569 506 hoc
586 449 651 524 jem
672 433 953 520 viteennaetu,1t
967 451 1019 521 ult,
1043 455 1075 508 ut
1099 452 1165 508 haec
1189 457 1338 526 spectaret
1360 458 1390 511 et
1411 459 1555 513 cerneret.
1580 457 1799 532 Denique'ait:

68 542 98 594 et
112 539 225 595 terreni
239 539 375 609 corporis
391 537 558 595 colluvione
573 539 740 609 discedere,
757 543 786 594 at
801 540 836 594 ad
859 539 909 595 ille
970 563 981 588 e
1001 541 1096 596 Unam
1111 543 1201 612 petivi
1217 559 1233 597 a
1249 544 1384 615 Domino,
1401 546 1477 602 benc
1492 547 1655 618 requiram
1671 553 1703 604 ut
1717 552 1799 607 inlis-

68 626 195 684 eoueilia
220 644 349 698 superne
375 629 566 699 contendere,
593 630 651 683 etsi
675 633 847 684 sanctorum
869 629 908 683 sit
966 629 1057 686 bitem
1080 630 1109 686 in
1131 632 1219 687 domu
1244 633 1360 688 Domini
1382 651 1486 691 ornnes
1509 637 1573 692 dies
1588 639 1657 694 vitae
1671 655 1755 711 mete,
1773 645 1802 698 et

68 717 239 788 pervenire,
256 717 373 771 laudem
387 715 487 772 dicere
504 717 566 772 Deo
581 718 682 788 (quam
699 718 796 782 1170
812 717 908 772 citha·
966 720 1083 775 videam
1098 721 1279 790 voluptatem
1296 722 1412 778 Domini
1428 725 1492 795 (Pe.
1509 743 1589 782 xxvi.
1605 728 1643 799 l).
1662 752 1674 778 ι

67 805 198 861 rixantes
214 805 281 860 illos
297 805 400 877 (Apoc.
416 822 475 875 xiv,
492 804 520 876 l)
536 805 647 876 dicere,
665 805 838 877 prophetica
852 806 909 862 lec·
1003 810 1064 865 llll.
1086 809 1174 865 Iuvat
1189 811 1245 866 hoc
1261 813 1396 882 eredere,
1417 831 1540 885 sperare
1556 816 1681 872 delectat
1697 835 1703 874 z
1720 822 1800 876 certe

67 895 149 950 tione
165 894 364 964 comperimus
381 909 387 950 :
407 917 417 940 a
435 893 509 959 Quia
524 911 632 968 magna
645 895 790 950 mirabilia
819 911 908 966 opera
967 898 1208 954 concredidisse
1225 916 1312 970 pmna
1326 905 1383 970 est,
1400 918 1542 972 sperasse
1557 906 1661 977 gratia.
1674 906 1756 972 Quod
1773 909 1802 965 sl

68 986 131 1052 tua,
147 983 271 1037 Domine
287 983 369 1039 Deus
383 983 570 1054 omnipotens
586 1000 592 1039 :
609 983 701 1056 justas
715 988 744 1040 et
759 1000 840 1042 verae
851 985 908 1040 viee
968 987 998 1041 in
1014 986 1070 1042 hoe
1086 1002 1163 1054 erro,
1181 990 1249 1059 quia
1264 990 1382 1063 angelis
1398 1007 1443 1047 me
1459 998 1666 1063 postmortem
1691 997 1800 1053 sociari

67 1072 139 1141 tuse,
159 1071 224 1126 llex
239 1071 371 1143 gentium
385 1070 457 1142 (let
480 1070 553 1138 Quis
575 1089 634 1129 non
655 1073 771 1153 timebit
791 1078 820 1129 et
843 1089 907 1128 ma·
966 1075 1053 1145 malo,
1069 1092 1166 1147 ‚quam
1190 1078 1308 1150 bestiis,
1333 1079 1460 1136 libenter
1484 1081 1514 1137 iu
1539 1083 1596 1138 hoc
1612 1099 1689 1156 erro,
1705 1100 1802 1158 neque

68 1159 225 1233 gnillcebit
244 1175 351 1216 nomen
373 1164 464 1230 tuum,
495 1162 563 1233 quia
592 1162 676 1218 solus
707 1165 830 1218 sanetus
860 1178 905 1231 es,
965 1180 1095 1236 unquam
1111 1166 1166 1222 hac
1182 1183 1229 1223 me
1243 1168 1392 1240 opinione,
1409 1169 1478 1226 dum
1492 1171 1572 1242 vivo,
1595 1172 1727 1230 fraudari
1750 1190 1800 1247 pa·

68 1247 141 1321 quia
162 1263 267 1305 omnes
288 1252 397 1321 gentes
418 1249 538 1306 venient
559 1254 589 1306 et
612 1250 777 1306 adorabunt
797 1255 863 1307 ante
878 1254 907 1306 te
966 1253 1032 1309 tier.

67 1337 173 1410 (Apoe.
189 1355 241 1408 xv,
256 1337 284 1408 3,
300 1337 344 1409 l);
361 1363 372 1388 a
390 1338 491 1395 videre
507 1356 626 1412 quoque
637 1343 714 1410 tuas,
730 1339 815 1411 lesu,
833 1357 906 1411 nup·
1001 1342 1063 1398 les.
1083 1342 1158 1409 Quid
1174 1347 1252 1401 enim
1267 1347 1338 1403 mihi
1353 1352 1491 1420 superest
1501 1350 1608 1419 solatii,
1625 1353 1802 1424 quemquod

68 1426 137 1497 ties,
155 1427 185 1482 in
200 1427 309 1498 quibus
324 1428 361 1483 de
377 1430 505 1484 terrenis
521 1429 557 1484 ad
581 1429 724 1497 coelestia,
749 1430 906 1485 concinen·
964 1447 1012 1486 mc
1033 1432 1122 1489 eitius
1147 1435 1183 1489 ad
1206 1440 1244 1505 te,
1269 1436 1371 1508 irater,
1394 1454 1484 1508 spero
1500 1442 1667 1511 venturum,
1683 1456 1739 1497 nse
1754 1442 1801 1498 di-

67 1515 151 1572 tibus
175 1516 304 1573 omuium
327 1517 445 1590 gaudiis
470 1533 581 1587 sponsa
606 1518 778 1589 deducitur,
796 1538 809 1568 a
826 1519 862 1573 ad
878 1523 905 1573 te
963 1535 1091 1593 gressus
1107 1524 1148 1578 tui
1164 1523 1309 1581 internos
1326 1526 1415 1600 longa
1431 1528 1557 1583 divortia
1573 1528 1655 1601 lore,
1680 1531 1800 1606 tuisque

67 1602 150 1660 enim
163 1605 261 1660 omnis
276 1620 346 1661 cero
361 1607 460 1663 veniet
473 1606 570 1677 (l'snl.
588 1623 666 1676 cxiv,
682 1607 722 1678 3),
741 1631 751 1656 a
768 1606 905 1679 jamnon
964 1609 1232 1669 intercessionibus
1248 1616 1320 1669 mibi
1336 1615 1392 1671 hoe
1407 1633 1499 1688 possa
1509 1619 1652 1687 conferri,
1670 1623 1701 1675 ut
1711 1621 1800 1677 citius

68 1692 184 1749 seculo
212 1693 351 1765 obnoxia,
382 1694 436 1751 sed
465 1696 583 1767 spiritui
611 1696 745 1766 copulata
772 1713 777 1751 :
804 1697 905 1751 videre
922 1729 948 1793 Β
964 1697 1185 1756 desiderantem
1200 1704 1241 1758 tui
1257 1705 1397 1761 advoces.
1412 1704 1486 1772 Quis
1501 1707 1580 1762 enim
1594 1713 1650 1778 est,
1675 1708 1725 1780 qui
1741 1724 1801 1766 nou

69 1781 218 1839 thalamos
234 1789 355 1839 ornatos
371 1785 508 1855 byssino,
523 1785 616 1854 rosis,
632 1784 713 1850 liliis,
730 1790 760 1840 et
774 1786 903 1842 coronis.
964 1788 1022 1843 sibi
1037 1789 1142 1846 debeat
1158 1792 1235 1846 istud
1252 1797 1353 1862 optare
1368 1810 1429 1863 prm
1445 1795 1573 1865 caeteris,
1603 1817 1614 1842 α
1632 1799 1664 1851 ul
1679 1812 1801 1867 corrup·

69 1869 166 1943 Cujus
179 1872 258 1928 enim
273 1872 396 1928 alterius
412 1874 457 1928 sic
472 1875 615 1929 ornantur
634 1874 767 1944 nuptis?
789 1872 905 1930 Oranu-
963 1878 1046 1941 tihile
1070 1879 1127 1935 boc
1149 1879 1250 1935 induat
1274 1882 1513 1954 incorruptelam,
1538 1887 1567 1939 st
1592 1885 1716 1941 mortale
1745 1884 1804 1942 lios

69 1963 118 2015 tur
131 1959 212 2017 enirn
226 1961 436 2017 confessorum
451 1962 545 2018 livore
565 1962 633 2032 (15),
655 1966 819 2034 martyrum
833 1978 905 2019 san·
965 1972 1066 2028 induat
1088 1969 1335 2026 immortalitatem
1360 1971 1388 2041 (1
1401 1971 1470 2027 Cor.
1497 1990 1546 2046 xv,
1568 1971 1635 2045 top?
1659 1996 1671 2023 ι
1695 1976 1727 2031 ut
1749 1974 1801 2048 qul

10 2114 12 2123 ¹
67 2049 176 2122 grune,
207 2049 278 2106 liliis
307 2050 472 2123 virginum,
500 2051 620 2107 coronis
649 2051 736 2106 etiam
762 2053 905 2109 sacerdo·
963 2076 1042 2116 nunc
1057 2059 1145 2114 morti
1159 2060 1295 2131 corporis
1311 2058 1470 2133 fragilitate
1490 2062 1726 2135 succumbimus,
1752 2079 1803 2120 su·

70 2139 159 2197 lum?
963 2166 1019 2223 pra
1033 2151 1169 2204 naturam
1184 2149 1244 2220 siti,
1261 2152 1384 2205 mortem
1400 2148 1456 2220 (16)
1469 2149 1532 2222 jam
1547 2152 1651 2208 timere
1670 2166 1799 2225 neques-

104 2225 170 2285 1³3.
192 2228 256 2284 lloe
279 2229 336 2285 sibi
361 2245 423 2301 prae
446 2230 564 2286 caeteris
580 2229 673 2283 David
689 2231 812 2286 sanctus
826 2234 905 2301 opta·
964 2254 1043 2295 mus,

10 2342 14 2407 ζ
67 2370 183 2444 partem
204 2367 378 2444 jugulavit:
400 2387 474 2428 mss.
498 2387 569 2427 uero
592 2373 725 2426 nostram
750 2370 906 2427 lectionem
969 2380 1464 2451 .Hab01nnimusexhoe,·etc.

68 2454 189 2497 ummo
205 2457 356 2498 consensu
372 2444 535 2514 stabiliunt,
552 2441 611 2497 nisi
626 2442 705 2513 quod
719 2441 823 2515 legunt
837 2459 908 2499 noa·
1002 2453 1059 2536 (15)
1078 2454 1186 2509 Omnes
1203 2452 1272 2508 edit.
1288 2467 1322 2506 ee
1346 2452 1480 2525 plerique
1501 2467 1588 2524 mes,
1614 2476 1626 2501 ι
1649 2452 1699 2511 Sic
1721 2451 1801 2510 enim

65 2511 154 2582 111111,
172 2513 611 2597 ‘⁰(l81190?11³⁰⁰n⁸0011d0l0;
630 2537 641 2562 ¹·
966 2540 1055 2595 capus
1069 2525 1192 2580 alterius
1208 2526 1350 2579 ornantur
1368 2526 1477 2595 nuptiae
1500 2523 1708 2582 confessorum
1726 2525 1800 2582 livo-

11 2606 15 2613 '
103 2583 680 2660 (14)30111·θὼῑ-θῑνῑῑῑῌθΐθῑθῠθ,
701 2584 907 2665 1361861011·
966 2612 1014 2666 re;
1039 2618 1051 2646 ι
1078 2598 1162 2652 Rom.
1187 2596 1269 2664 edit,
1292 2594 1421 2651 labore:
1441 2595 1538 2666 aptius
1559 2612 1632 2653 uero
1655 2597 1721 2653 cod.
1745 2596 1801 2653 Tu·

65 2651 188 2738 ¹⁰l¹¹¹3¹3
207 2676 219 2706 ’
235 2660 450 2712 omnesaulem
466 2674 539 2713 mss·
557 2672 592 2712 ⁸⁰
613 2661 672 2710 vel·
697 2653 779 2730 edit,
805 2682 816 2706 ‘¹
844 2660 908 2714 ΗΘΚ
945 2674 1042 2737 ’τοττ.,
1059 2667 1156 2724 Germ.
1173 2667 1292 2723 etVict.
1309 2667 1800 2740 utineontextu.bivoremporro

64 2729 227 2801 8⁰⁰¹¹¹¹¹¹¹3
256 2750 267 2775 ⁸¹
293 2726 408 2798 Glaet'fl,
432 2732 738 2820 spectantemque,
760 2732 827 2786 Rex
840 2745 907 2785 8⁸0·
967 2738 1014 2795 hic
1040 2739 1122 2810 ponit
1144 2739 1335 2807 Ambrosius,
1358 2754 1411 2808 pro
1437 2737 1538 2794 colore
1554 2739 1697 2810 violaceo,
1712 2754 1801 2823 quem

65 2810 196 2863 storum.
213 2806 292 2863 lulra
309 2824 390 2878 vero,
407 2809 458 2864 ubi
469 2808 651 2864 omnesedit.
662 2812 906 2885 aepluresmss-‚
967 2809 1176 2866 consessorum
1191 2811 1343 2935 proprium
1359 2825 1428 2865 osse
1444 2811 1480 2864 ad
1494 2810 1545 2867 lib.
1562 2827 1602 2865 vn
1618 2809 1752 2882 Exposit.
1769 2811 1801 2868 in

67 2899 80 2927 ι
109 2878 214 2934 videre
236 2895 388 2951 quoque...
414 2880 516 2935 videre
539 2877 703 2954 thalamos3
723 2908 734 2934 a
758 2895 908 2939 memnon
968 2884 1079 2937 Lucam
1094 2897 1174 2938 num.
1210 2881 1254 2952 18,
1271 2881 1488 2938 admonuimus

64 2950 157 3032 psuci
173 2949 284 3007 habent
299 2952 465 3023 utrobique,
484 2952 598 3007 videro.
616 2950 684 3010 Non
698 2955 774 3011 satis
800 2959 906 3010 recte:
1003 2954 1059 3024 (lo)
1080 2953 1154 3008 Mss.
1180 2968 1240 3008 noa
1260 2954 1357 3024 pauci,
1386 2975 1397 3000 a
1424 2969 1514 3024 supra
1537 2956 1671 3010 naturam
1695 2954 1744 3025 sit,
1770 2955 1802 3009 ut

64 3020 228 3078 milnitlma
250 3022 329 3079 euim
345 3022 394 3077 illa
415 3023 577 3093 pendente
602 3027 750 3097 superiori
764 3027 907 3096 oratioue,
967 3027 1103 3095 mortem,
1123 3044 1135 3075 ι
1152 3030 1208 3081 etc.

200 3382 257 3447 IN
278 3383 494 3448 CONSOLA
506 3384 697 3449 TIONE'M
713 3385 782 3449 DE
805 3383 959 3448 OBITU
985 3382 1346 3447 VALENTINIANI
1365 3382 1659 3449 ADMONITIO.

92 3765 128 3823 la
143 3767 298 3838 procinctu
313 3771 376 3824 erat
390 3768 615 3824 Valentinianus
628 3765 740 3841 junior,
757 3769 789 3824 ut
803 3782 819 3824 e
833 3764 937 3825 Galliis
951 3767 981 3824 in
996 3764 1118 3837 ltaliam,
1141 3782 1201 3841 quo
1225 3781 1292 3824 euni
1313 3766 1512 3824 Barbarorum
1535 3764 1730 3841 irruptionem
1752 3771 1809 3826 mi-

54 3856 218 3915 nitantium
231 3861 328 3912 metus
343 3857 477 3926 vocabat,
494 3861 703 3928 reverteretur,
720 3874 787 3913 cum
803 3874 818 3913 e
834 3857 912 3912 vivia
926 3857 1107 3930 Arbogastis
1123 3856 1239 3914 comilis
1256 3856 1359 3912 lrauds
1375 3857 1511 3913 sublatus
1528 3857 1582 3913 luit
1607 3858 1708 3915 ldibus
1723 3858 1809 3916 Velis

54 3945 130 4003 uni
152 3944 207 4001 392
228 3946 259 4000 iu
280 3946 382 4018 vigilia
404 3947 482 4002 sacri
507 3947 709 4003 Pentecosles.
737 3946 819 4001 llllus
841 3961 952 4018 corpus
967 3961 1026 4002 non
1042 3945 1081 3999 ila
1097 3944 1187 4001 multo
1203 3949 1272 4016 post
1287 3945 1411 4001 relatum
1426 3950 1471 4001 ost
1488 3946 1695 4017 llodiolanum,
1711 3946 1812 4021 ibique

54 4032 217 4105 tantisper,
233 4034 330 4104 quoad
346 4033 506 4089 Theodosii
521 4035 656 4089 mandata
671 4034 708 4089 de
723 4033 875 4105 sepultura
890 4033 958 4106 ejus
974 4037 1189 4106 acciperentur,
1204 4036 1234 4090 in
1251 4035 1358 4106 palatio
1374 4051 1429 4091 suo
1444 4040 1604 4092 servatum.
1635 4035 1739 4092 ,illatis
1760 4037 1812 4094 de·

55 4136 143 4179 num
156 4121 195 4176 ab
208 4121 385 4192 imperatore
401 4122 437 4177 de
446 4122 502 4178 boc
512 4121 628 4193 litteris,
638 4122 833 4179 Valentiniani
850 4123 1010 4194 parentalia
1026 4122 1173 4178 celebrata
1190 4127 1269 4192 suat,
1286 4123 1315 4177 in
1331 4124 1441 4194 quibus
1457 4123 1635 4180 Ambrosius
1645 4124 1809 4197 prinoipem

56 4208 146 4267 illum
161 4225 239 4266 anno
253 4210 349 4266 aetatis
363 4211 507 4266 vicesimo
522 4227 558 4266 ex
573 4213 697 4283 imperio
712 4212 814 4267 eluite
830 4215 946 4282 raptum
961 4212 1096 4284 sequenti
1113 4212 1245 4266 oratione
1260 4215 1439 4283 prosecutus
1455 4217 1512 4268 est.

96 4299 129 4354 ln
145 4313 191 4369 ea,
208 4299 318 4371 quibus
333 4300 433 4354 causis
450 4301 486 4354 ad
503 4301 660 4356 dicendum
675 4302 882 4367 adduceretur,
900 4300 1025 4356 strictim
1041 4300 1177 4370 exposito
1194 4299 1285 4368 (num.
1304 4299 1340 4370 1),
1365 4299 1601 4356 Valentinianum
1625 4300 1746 4356 senisse
1769 4299 1810 4356 alt

56 4388 155 4459 (nun.
172 4387 210 4457 2),
226 4388 281 4443 sed
295 4390 426 4444 omnium
443 4389 491 4461 qul
507 4395 643 4462 tanquem
655 4396 812 4463 perentem
824 4388 974 4462 publicum
990 4391 1081 4455 (num.
1098 4387 1126 4458 3)
1151 4404 1217 4443 eum
1241 4388 1391 4460 lugebant,
1417 4388 1556 4459 lacrymis
1580 4388 1804 4445 circumfusum.

59 4475 178 4533 Deinde
192 4477 283 4546 (num.
301 4478 317 4532 3
332 4477 407 4550 seq.)
423 4479 460 4532 ab
475 4479 603 4533 loremin
627 4479 762 4534 Thronos
784 4483 945 4548 muluatus,
968 4481 999 4533 ut
1021 4477 1184 4548 prinoipem
1208 4473 1323 4544 defleat,
1345 4477 1397 4547 qui
1421 4477 1615 4532 consiliorum
1637 4476 1806 4531 maturitate

59 4580 132 4623 eum
147 4566 358 4621 adolescentiae
374 4567 446 4622 llore
461 4568 490 4622 in
506 4583 540 4622 se
555 4568 724 4640 conjuncta,
742 4570 829 4623 etiam
845 4569 990 4624 barbaros
1005 4567 1035 4622 in
1051 4566 1099 4621 sui
1122 4566 1342 4620 venerationem
1366 4568 1557 4634 pertraxerat,
1582 4565 1693 4619 asserit
1718 4566 1809 4620 totius

59 4654 184 4729 quidem
210 4654 299 4710 ltaliae
325 4655 434 4710 luctum
460 4672 529 4712 csse
551 4672 752 4726 communem3
774 4658 811 4711 ad
836 4657 1000 4714 Ecclesiam
1023 4660 1120 4710 tamen
1135 4655 1323 4726 potissimum
1339 4658 1474 4723 spectaro
1490 4654 1582 4723 (num.
1598 4652 1625 4716 5,
1643 4652 1681 4723 6),
1699 4655 1808 4725 quippe

60 4756 131 4817 quae
144 4743 277 4798 Gratiani
292 4760 325 4798 ac
344 4745 540 4799 Valentiniani
556 4746 636 4800 obitu
651 4747 681 4799 in
699 4749 852 4816 utramque
869 4747 1018 4801 maxillam
1034 4760 1178 4816 percusse
1193 4747 1283 4798 esset.
1311 4741 1462 4811 Postilla,
1488 4743 1538 4796 ubl
1563 4741 1739 4813 patefactum
1762 4748 1810 4799 est
1875 4764 1880 4778 ·

60 4845 150 4906 quani
167 4849 234 4887 raro
250 4833 279 4887 in
294 4832 494 4888 adolescentia
510 4835 555 4889 vel
572 4851 699 4905 prorsus
714 4852 729 4888 n
747 4835 826 4888 uitiis
849 4851 882 4889 se
907 4835 1085 4902 contineant,
1110 4833 1156 4886 vel
1180 4832 1323 4886 maturius
1346 4831 1467 4886 redeant
1489 4832 1525 4885 ad
1549 4831 1656 4886 bonam
1678 4829 1806 4904 frugem,

61 4922 194 4978 ostendit
208 4923 299 4991 (num.
317 4922 334 4977 9
356 4925 431 4994 seq.)
454 4923 590 4977 eumdem
612 4921 848 4977 Valentinianum
870 4923 944 4994 jugo
966 4922 1081 4978 Domini
1106 4921 1214 4976 collum
1237 4919 1409 4975 subdidisse
1431 4919 1527 4974 adhuc
1547 4920 1703 4992 juvenem3
1730 4923 1760 4976 et
1781 4922 1809 4977 si

59 5008 169 5066 luisset
183 5011 214 5065 in
229 5010 297 5082 ejus
314 5011 458 5079 moribus,
479 5011 557 5082 quod
583 5012 766 5066 obtrectandi
788 5012 886 5066 locum
910 5011 1066 5081 praeberet,
1094 5009 1150 5064 lioc
1172 5011 1231 5062 tam
1246 5008 1336 5063 celeri
1360 5009 1563 5063 emendatione
1585 5008 1712 5064 deletum
1738 5024 1810 5066 esse

64 5097 157 5169 (uum.
175 5098 208 5154 ll
224 5102 311 5172 sep),
328 5102 359 5153 ut
374 5116 425 5154 ora
437 5100 589 5154 maledicis
605 5101 852 5171 opprimerentur.
870 5100 944 5155 Tum
960 5100 995 5154 ud
1012 5100 1136 5154 virtutes
1152 5097 1245 5169 hujus
1261 5097 1404 5168 principis
1420 5097 1513 5152 uerba
1528 5102 1717 5169 convertens,
1739 5097 1809 5170 ejus

65 5188 213 5258 pietatem,
231 5187 319 5258 eujus
335 5189 451 5243 virtutis
467 5189 665 5259 pulcherrima
681 5190 813 5260 exempla
832 5191 859 5242 in
882 5189 1009 5243 medium
1031 5187 1151 5258 profert,
1177 5186 1298 5258 egregie
1322 5186 1422 5242 laudet
1445 5188 1536 5256 (uum.
1564 5186 1597 5242 18
1619 5190 1704 5259 sep).
1731 5186 1808 5241 Huic

65 5276 192 5332 adnectit
206 5280 300 5346 (num,
317 5278 348 5331 tl
366 5287 441 5350 seq.)
458 5295 589 5332 amorem
604 5278 671 5349 ejus
687 5296 758 5350 crgn
772 5279 909 5349 populos,
927 5294 1003 5348 quos
1018 5293 1072 5332 neo
1088 5291 1211 5331 onerare
1228 5277 1313 5330 novis
1329 5277 1447 5331 tributis
1474 5277 1572 5331 induci
1597 5280 1720 5346 poteret,
1746 5277 1806 5329 eta

66 5362 206 5421 Barbams
222 5365 381 5421 delendcrc
396 5383 462 5420 cum
479 5367 606 5422 evidenti
623 5368 690 5422 vilae
707 5368 837 5437 periculo
851 5369 972 5437 paratus
989 5369 1061 5419 crat.
1078 5365 1140 5419 lllio
1157 5366 1202 5418 vir
1217 5368 1340 5419 sanetus
1356 5365 1485 5420 animum
1502 5364 1697 5420 Valentiniani
1716 5364 1746 5416 iu
1771 5374 1806 5416 se

66 5466 233 5510 memorans
246 5455 337 5524 (num.
353 5455 388 5509 ‘aa
402 5457 488 5528 seq),
504 5460 672 5527 quantoque
686 5455 791 5510 ardore
808 5455 862 5509 abs
878 5469 911 5509 se
927 5454 1079 5525 baptizari,
1095 5459 1123 5508 et
1138 5453 1215 5523 apud
1232 5454 1430 5526 Arbogaslem
1444 5470 1477 5508 se
1494 5454 1566 5508 vade
1584 5453 1625 5506 uti
1641 5452 1801 5520 exoptave-

65 5541 110 5614 rit,
134 5543 289 5617 eleganter
311 5543 474 5614 explicans,
498 5544 677 5600 tenerrimos
697 5545 808 5601 amoris
831 5559 865 5598 ac
882 5542 994 5598 doloris
1010 5544 1058 5598 sui
1073 5544 1171 5598 motus
1186 5558 1341 5614 erumpere
1356 5543 1464 5615 petitur
1480 5558 1485 5595 :
1503 5545 1536 5596 ut
1554 5555 1621 5611 quae
1635 5539 1666 5592 iu
1680 5538 1806 5610 gratiam

65 5629 131 5711 ejas
155 5630 311 5710 principis,
336 5647 353 5689 e
375 5647 433 5710 quo
457 5632 588 5710 parentis
612 5632 678 5693 loce
704 5631 892 5712 diligebatur,
917 5633 985 5695 vote
1009 5634 1038 5694 et
1061 5632 1185 5693 consite
1209 5649 1264 5693 sua
1286 5632 1412 5709 tuerent,
1432 5630 1527 5706 palam
1542 5627 1662 5686 tacerel.
1680 5626 1721 5687 De
1736 5626 1806 5698 bino
