3900 6128
121 274 160 339 13
876 264 1107 345 Panthera.
1822 281 1864 349 lt

116 489 269 555 recudere
297 489 507 574 superfluum
533 491 693 555 duximus
717 512 725 555 ι
751 494 788 554 ut
811 493 903 574 puta,
935 491 1111 573 Expositio
1123 491 1211 574 fidei
1237 491 1382 575 symboli
1402 492 1535 556 Nicaeni
1554 495 1671 557 contra
1689 493 1811 558 Arium
1829 496 1863 557 et

115 587 306 665 Plotinum,
330 607 404 671 quar
427 592 498 653 trita
519 607 538 654 e
558 589 639 653 locis
663 589 791 671 aliquot
815 588 915 670 primi
937 590 1099 654 librorum
1121 591 1229 655 sancti
1250 590 1413 656 Ambrosii
1442 590 1493 653 De
1524 591 1603 654 Fide
1630 593 1864 657 mnsarcinats

115 689 166 748 est
191 709 199 749 :
225 686 305 749 item
329 686 528 749 Exhortatio
554 686 599 748 ad
616 685 849 769 poenitentiam
868 687 1050 768 agendam;
1074 688 1155 770 quia
1173 706 1249 754 cum
1270 688 1335 752 iero
1354 687 1494 754 totidem
1511 688 1621 753 verbis
1645 690 1682 754 in
1705 690 1863 755 Sermone

116 785 178 847 393
200 785 286 846 inter
313 784 582 862 Augustinianos
605 785 808 865 reperiatur,
833 801 909 848 eam
929 784 1104 849 Ambrosio
1131 785 1389 867 abiudicandam
1415 803 1488 850 esse
1512 786 1641 868 liquido
1667 789 1770 871 patet.
1799 786 1863 853 His

118 880 199 945 item
222 881 306 945 adde
327 885 510 946 tractatum
531 881 583 944 De
608 881 751 943 moribus
779 881 1081 964 Brachmanorum,
1106 898 1205 964 quem
1224 901 1245 946 a
1268 883 1365 948 nobis
1386 884 1549 947 omissum
1570 900 1668 948 neme
1691 886 1859 968 queretur,

119 984 158 1041 ut
171 982 248 1058 pote
267 979 440 1043 Ambrosio
464 979 563 1060 plane
582 977 775 1057 iudignum.
801 979 953 1061 Denique
972 979 1202 1045 abdicatorum
1223 981 1373 1046 ordinem
1395 980 1528 1046 claudet
1549 979 1663 1043 Sermo
1682 981 1723 1044 de
1740 980 1865 1064 Purifi-

119 1081 247 1138 cuu'one
270 1082 397 1138 sanctor
421 1076 557 1151 Marioe,
581 1091 682 1160 quem
704 1078 768 1140 etsi
791 1076 919 1141 codices
941 1094 1009 1140 non
1030 1078 1129 1158 pauci
1151 1077 1324 1143 Ambrosio
1342 1078 1505 1160 tribuant,
1527 1082 1561 1143 et
1578 1092 1597 1142 e
1615 1078 1720 1143 veteri
1739 1095 1864 1143 mauu-

120 1175 387 1256 scriptamque
406 1173 602 1256 praelerebat
621 1190 743 1238 nomen
765 1174 911 1255 morini,
937 1174 978 1238 cl.
1003 1175 1161 1240 Baluaius
1184 1175 1292 1258 primo
1314 1177 1603 1241 Miscellaneorum
1621 1194 1759 1240 suorum
1776 1179 1864 1241 tomo

120 1273 269 1353 ediderit,
287 1271 492 1353 probabilius
506 1275 620 1336 tamen
634 1271 767 1335 videtur
782 1271 948 1336 Ambrosii
961 1273 1113 1352 Autperti
1128 1272 1219 1337 hunc
1234 1289 1419 1339 sermonem
1431 1290 1513 1338 esse.
1531 1274 1625 1354 Nam,
1643 1276 1865 1356 preterquam

121 1370 209 1452 quod
228 1369 290 1432 sub
313 1369 386 1448 ejus
407 1369 569 1434 vocabulo
591 1370 842 1433 vetustissimus
863 1369 965 1434 codex
988 1370 1207 1434 Floriaoensis
1230 1371 1327 1435 illum
1345 1371 1490 1452 exhibet,
1515 1371 1680 1453 eumdem,
1697 1374 1866 1437 auctorem

122 1468 362 1549 pulcherrimas
382 1468 419 1532 in
441 1464 585 1547 satiatos,
601 1472 634 1532 et
650 1470 684 1532 in
698 1469 761 1531 hoc
775 1468 976 1532 beatissimus
989 1468 1143 1548 Virginis
1158 1468 1279 1533 festum
1294 1469 1465 1551 scripsisse
1487 1469 1644 1534 homilias
1667 1469 1867 1535 testificetur

122 1569 238 1629 Petrus
253 1565 420 1629 Diaconus
433 1566 500 1639 (De
515 1565 596 1628 airis
613 1567 735 1628 illustr.
757 1566 886 1629 Cassiis.
899 1583 971 1647 cap.
991 1566 1049 1647 13).

161 1667 202 1727 Et
227 1665 298 1727 lraec
323 1663 364 1726 de
391 1664 547 1744 operibus
584 1682 657 1746 quae
682 1663 865 1745 aliquando
893 1663 979 1728 inter
1003 1663 1223 1728 umbrosiane
1249 1665 1303 1729 vel
1330 1663 1364 1728 in
1396 1681 1511 1731 eorum
1540 1666 1729 1748 Appendice
1756 1666 1868 1734 locum

121 1762 324 1843 habuerunt,
348 1762 438 1824 dicta
459 1762 649 1826 sufficiant:
669 1761 758 1844 quod
776 1777 852 1825 vero
872 1761 914 1824 ad
932 1776 972 1825 ea
995 1780 1069 1844 quas
1092 1762 1128 1826 in
1151 1762 1363 1827 voluminum
1376 1764 1483 1828 sancti
1501 1764 1649 1828 Doctoris
1662 1764 1868 1831 editionibus

122 1877 294 1941 nusquam
322 1861 503 1938 leguntur,
533 1877 625 1922 nnnc
651 1859 724 1942 ipsa
749 1860 987 1939 expendemus.
1018 1860 1149 1922 (litatur
1174 1859 1210 1922 in
1236 1859 1370 1924 Decreta
1398 1877 1440 1924 ex
1467 1861 1598 1943 Synodo
1626 1865 1778 1929 Romam
1802 1860 1868 1928 sub

121 1957 255 2020 Gelasio
270 1956 426 2038 pontifice
442 1956 557 2019 liabita
578 1957 672 2018 Liber
696 1955 923 2038 Physioloqus,
954 1955 1010 2037 qui
1034 1956 1073 2018 ab
1095 1956 1263 2019 becreticia
1277 1958 1480 2041 conscriptus
1508 1964 1569 2034 eat,
1590 1963 1622 2021 et
1637 1959 1678 2022 B.
1696 1958 1869 2025 Ambracii

121 2055 249 2116 nomine
259 2054 502 2135 presignetur,
518 2057 725 2137 apocryphus
749 2053 914 2136 (Distinet.
943 2054 990 2135 15,
1014 2071 1076 2136 cap
1114 2053 1239 2117 Sancta
1264 2055 1348 2118 Rom
1358 2057 1397 2136 );
1412 2073 1512 2137 quem
1525 2057 1721 2122 Hormisdas
1734 2074 1869 2142 quoque

121 2152 293 2235 prohibuit
309 2153 344 2215 in
358 2153 520 2215 Decretali
543 2171 550 2210 :
573 2152 632 2217 sed
652 2152 707 2215 hic
727 2155 891 2216 tractatus
908 2151 1040 2233 Jamdiu
1059 2153 1210 2216 evanuit.
1226 2156 1266 2217 In
1285 2153 1486 2218 bibliotheca
1504 2156 1763 2236 Sanctigallensi
1777 2155 1870 2239 apud

121 2250 290 2313 Helvetios
319 2253 533 2314 asservantur
560 2249 626 2313 duo
652 2249 778 2314 codices
808 2251 885 2315 lues
915 2268 1097 2331 annorum,
1135 2250 1170 2314 in
1195 2267 1337 2332 quorum
1362 2251 1464 2316 altero
1486 2256 1648 2317 tractatus
1671 2255 1781 2318 exstat
1803 2251 1869 2319 sub

121 2350 182 2413 hoo
203 2351 380 2412 lemmate:
408 2348 506 2409 Liber
529 2348 639 2410 sancti
663 2347 833 2410 Ambrosia
857 2347 1003 2429 episcopi
1026 2354 1141 2410 eontra
1164 2348 1361 2422 hereticos,
1379 2349 1474 2431 quus
1494 2351 1630 2414 initium
1651 2356 1729 2416 est:
1756 2350 1870 2413 Dauid

122 2467 186 2508 uno
211 2445 337 2528 lapidis
360 2449 437 2519 ictu,
461 2449 542 2525 etc.3
569 2447 604 2509 in
624 2446 728 2510 altero
748 2450 861 2511 autem
882 2445 970 2510 alius
990 2448 1153 2509 tractatus
1168 2445 1216 2509 ita
1236 2444 1437 2526 inscriptus:
1455 2447 1554 2509 Liber
1573 2449 1683 2510 sancti
1698 2447 1870 2512 Ambrosii

123 2544 270 2626 episcopi
295 2544 329 2607 in
351 2543 448 2605 laude
469 2548 657 2605 sanctorum
679 2544 878 2627 compositus
888 2563 901 2619 ;
921 2543 1017 2625 cujus
1039 2543 1148 2625 prima
1169 2542 1271 2608 verbe
1293 2546 1398 2608 sunt:
1418 2544 1592 2608 Pertinere
1616 2545 1661 2608 ad
1686 2565 1758 2625 nos,
1784 2546 1871 2610 dite-

122 2641 267 2703 ctissimi
274 2644 419 2720 fratres.
439 2645 624 2724 Utrumque
639 2646 752 2706 autem
767 2639 983 2706 Mabillonius
998 2641 1199 2705 nosterdum
1213 2641 1401 2705 Germanias
1411 2642 1626 2724 perlustraret
1637 2642 1873 2728 bibliothecas,

123 2742 247 2818 rogatu
262 2742 384 2818 nostro,
401 2738 542 2801 describi
557 2739 708 2821 eviravit:
726 2739 784 2802 sed
798 2757 873 2803 cum
888 2739 1043 2820 priorem,
1058 2755 1157 2820 quem
1171 2755 1213 2803 ex
1233 2738 1384 2803 Parisino
1403 2757 1536 2823 quoque
1550 2742 1777 2823 manuscripto
1790 2742 1872 2808 des-

123 2838 268 2916 criptum
283 2836 456 2917 habemns,
473 2840 506 2899 et
522 2855 580 2918 pro
595 2837 815 2902 Ambrosiano
830 2837 970 2901 citatum
989 2836 1101 2901 videre
1112 2838 1163 2899 est
1178 2837 1214 2899 in
1228 2836 1404 2902 Urbinatis
1424 2838 1639 2920 Milleloqui0,
1661 2837 1704 2902 ad
1727 2853 1871 2905 examen
1921 2864 1928 2871 ·

124 2951 383 3012 revocassemus,
400 2935 592 2998 invenimus
608 2940 735 3018 patrem
750 2952 822 2999 esse
843 2935 957 3015 Operis
972 2935 1146 3014 crrjusdam
1161 2934 1263 2998 semel
1278 2936 1379 3016 atque
1394 2935 1517 2999 iterum
1532 2937 1567 3000 iu
1583 2935 1789 2999 Bibliotheca
1805 2934 1873 3001 ra-

125 3040 211 3093 trum
225 3032 316 3112 editi,
333 3032 441 3113 primo
455 3033 592 3114 quidem
606 3033 669 3096 sub
684 3033 747 3096 hac
760 3032 966 3116 epigraphe:
990 3031 1140 3094 Faustini
1160 3031 1307 3112 episcopi
1330 3037 1445 3094 eontra
1466 3033 1628 3111 Arianos,
1655 3036 1730 3116 etc,
1755 3050 1873 3099 rursus

124 3147 202 3192 vcro
215 3128 278 3192 sub
294 3130 379 3191 ista:
403 3128 559 3211 Gregorii
574 3129 698 3191 Baetici
712 3128 915 3191 Illiberitani
929 3129 1075 3212 episcopi
1089 3129 1134 3190 ad
1153 3128 1286 3191 Gallam
1299 3129 1488 3193 Placidiam
1507 3131 1708 3213 Augustam.
1724 3131 1873 3197 Tametsi

124 3244 202 3290 vero
217 3245 281 3291 non
297 3227 466 3291 defuerint
479 3228 548 3308 qui,
565 3227 629 3291 hac
643 3227 771 3291 inducti
786 3227 1013 3308 inscriptione,
1031 3226 1064 3290 id
1083 3226 1282 3307 opusculum
1297 3227 1457 3306 Gregorio
1470 3228 1665 3308 tribuerent,
1682 3229 1802 3293 melius
1813 3231 1875 3293 ta-

127 3342 202 3389 men
217 3325 260 3388 ab
280 3325 358 3388 aliis
372 3325 534 3388 Faustino
550 3325 727 3389 ascribitur
742 3347 749 3387 :
774 3324 831 3390 sed
845 3325 916 3388 haec
929 3342 1050 3403 urgere
1064 3343 1132 3389 non
1146 3328 1197 3389 est
1211 3324 1313 3405 hujus
1327 3324 1400 3388 loci.
1422 3325 1512 3402 Quod
1538 3325 1581 3389 ad
1600 3327 1785 3392 meandum
1807 3328 1874 3393 ho-

126 3442 200 3487 rum
214 3426 429 3502 tractatuum,
447 3442 550 3505 quam
565 3427 597 3487 et
613 3423 670 3487 ille
684 3424 815 3488 alienus
829 3423 873 3487 sit
888 3422 931 3487 ab
944 3423 1128 3503 Ambrosio,
1145 3422 1198 3486 vel
1213 3422 1293 3485 hinc
1307 3421 1491 3502 intelligas,
1509 3424 1596 3505 quod
1611 3441 1718 3490 sermo
1732 3423 1873 3508 quidam

128 3525 170 3584 sil
185 3522 322 3585 habitus
336 3521 378 3585 ab
393 3522 545 3602 episcopo
565 3538 743 3605 anonymo,
760 3522 819 3603 qui
833 3538 869 3584 se
881 3508 1131 3602 ex'Britanniis,
1153 3520 1212 3584 ubi
1226 3519 1319 3602 pacis
1333 3521 1498 3585 concilian
1508 3521 1549 3585 1ae
1563 3523 1676 3602 gratia
1689 3523 1749 3588 diu
1765 3540 1876 3588 mora·

127 3626 182 3682 tus
196 3621 314 3700 iuerat,
331 3620 485 3683 reducem
497 3635 569 3682 esse
584 3623 696 3700 aperte
712 3623 836 3684 narrat.
853 3618 941 3683 Illud
956 3622 1069 3683 autem
1082 3636 1138 3683 eos
1155 3619 1213 3700 qui
1227 3618 1326 3682 hocca
1340 3619 1501 3699 scriptum
1521 3621 1651 3685 Ductori
1673 3623 1785 3686 nostro
1808 3622 1876 3687 rati

127 3722 208 3781 suut
230 3717 473 3796 ascribendum,
495 3716 628 3779 videtur
650 3717 829 3798 decepisse,
858 3715 944 3798 quod
967 3716 1040 3797 ejus
1059 3719 1173 3781 auctor
1199 3717 1403 3781 mentionem
1422 3716 1706 3783 tacitsanctorum
1725 3719 1874 3784 Protasii

127 3819 230 3895 atque
242 3814 415 3892 Gervasii;
433 3815 516 3896 quin
530 3813 632 3878 etiam
646 3816 681 3877 et
692 3814 904 3878 Ambrosium
918 3814 1027 3897 ipsum
1047 3814 1237 3896 alloquitur.
1253 3814 1314 3879 Sed
1330 3814 1391 3878 hoc
1404 3815 1562 3880 ultimum
1576 3817 1685 3882 sancti
1698 3816 1874 3884 Antistitis

126 3914 313 3978 orationem
326 3930 393 3976 non
407 3927 480 3975 esse
494 3911 628 3975 abunde
645 3912 771 3992 probat.

168 4015 208 4075 ln
221 4009 389 4073 codicibus
403 4009 612 4074 bibliothecas
625 4008 852 4075 Ambrosianus
869 4008 1046 4075 Mediolani
1062 4011 1178 4091 opellae
1192 4010 1272 4076 item
1286 4008 1415 4093 aliquot
1427 4010 1597 4078 habentur
1611 4012 1760 4079 Doctoris
1771 4013 1877 4079 nostri

128 4110 228 4172 titulo
242 4111 442 4190 pernotatis,
462 4125 605 4190 quarum
621 4109 803 4172 nonnullas
816 4109 976 4173 laudatus
987 4126 1090 4190 supra
1108 4108 1325 4172 Mubillonius
1344 4108 1481 4190 ejusque
1494 4111 1602 4175 socius
1617 4113 1656 4176 D.
1672 4113 1773 4177 Mich.
1789 4113 1878 4177 Ger-

130 4226 262 4286 manus,
284 4209 400 4271 liusea
414 4208 519 4270 Italiae
533 4207 632 4270 solita
646 4207 807 4270 rimantes
825 4206 1015 4286 diligentia,
1041 4207 1237 4271 detexerunt
1259 4205 1580 4290 descripseruntque.
1605 4208 1715 4273 Prima
1739 4208 1878 4275 illarum

127 4314 187 4388 est,
205 4325 280 4389 quae
296 4306 507 4369 inscribitur:
539 4305 711 4386 Confessio
724 4304 811 4385 fidei
833 4304 942 4366 saneti
960 4304 1132 4365 Ambrosii
1141 4323 1153 4380 ;
1176 4303 1295 4386 incipit
1319 4305 1455 4367 auen:
1482 4304 1672 4389 sufficiebat
1686 4307 1776 4389 fides
1795 4326 1877 4369 con-

129 4406 256 4487 scripta
271 4404 360 4486 apud
376 4402 537 4464 Nicoeam.
556 4403 618 4467 Sed
632 4403 721 4466 hanc
734 4421 752 4466 e
767 4402 954 4467 colbertino
973 4402 1082 4465 codice
1094 4403 1128 4463 P.
1146 4402 1215 4466 iac.
1233 4404 1372 4482 Homey,
1391 4403 1665 4482 Augustinianus
1684 4404 1876 4486 theologus,

129 4503 234 4567 edidit
248 4503 284 4564 in
300 4500 531 4583 supplemento
551 4500 702 4579 Parrum,
715 4501 853 4582 jamque
868 4500 962 4581 prius
976 4500 1084 4580 ipsam
1104 4499 1304 4579 vulgaverat
1323 4500 1359 4560 P.
1382 4501 1592 4575 Quesuelllus
1610 4501 1756 4581 Operum
1769 4502 1879 4567 sancti

131 4601 250 4665 Leonis
264 4604 353 4663 tomo
366 4601 408 4678 Il,
425 4615 505 4678 pag.
524 4599 592 4679 138,
613 4598 671 4662 ubi
692 4597 847 4662 Faustini
869 4615 990 4662 nomen
1011 4598 1046 4661 in
1065 4597 1173 4661 fronte
1187 4595 1288 4676 gerit.
1306 4597 1505 4664 Ratiouibns
1520 4599 1563 4662 iis
1578 4598 1702 4680 quibus
1715 4599 1879 4667 Faustino

131 4702 218 4764 idem
237 4695 447 4775 Quesnellius
461 4713 536 4760 eam
550 4696 712 4776 vindicat,
737 4699 771 4760 et
790 4697 878 4759 inter
901 4713 1007 4759 annos
1030 4695 1087 4760 379
1111 4698 1145 4758 et
1168 4697 1226 4759 381
1249 4699 1367 4763 asserit
1391 4698 1561 4777 scriptam,
1579 4697 1667 4761 nihil
1688 4700 1879 4783 repugnat-

130 4804 246 4862 contra
257 4813 335 4860 vero
351 4798 387 4858 nt
399 4793 550 4859 eamdem
566 4793 730 4857 Ambrosii
744 4810 817 4858 esse
827 4793 1068 4872 existimemus,
1087 4791 1174 4855 nihil
1189 4793 1406 4875 suffragatur.
1425 4795 1514 4858 Huic
1529 4794 1663 4858 schedio
1677 4795 1780 4860 iidem
1793 4813 1874 4861 uos:

129 4897 173 4961 tri
189 4894 406 4960 hlabillonins
420 4897 520 4974 atque
533 4893 723 4957 Germanus
738 4892 806 4955 alia
819 4893 885 4955 dno
899 4890 1002 4956 etiam
1026 4889 1218 4972 adjunxere,
1242 4891 1398 4957 videlicet
1423 4891 1581 4954 Libellum
1591 4891 1688 4975 fidei,
1705 4895 1738 4958 et
1752 4893 1881 4977 episto-

130 4997 200 5059 lam
215 4993 266 5055 De
282 4990 454 5054 Pudicitia
468 4994 501 5051 et
511 4992 677 5054 castitate.
696 4990 844 5054 Libellus
859 4987 1038 5072 acephalus
1052 4990 1112 5068 est,
1130 4987 1271 5070 epistola
1284 5006 1363 5054 vero
1380 4990 1555 5055 decurtata
1575 4989 1748 5070 posteriori
1762 4990 1878 5072 parte;

129 5113 169 5157 ac
189 5096 350 5172 praterea
373 5096 443 5158 tam
464 5091 587 5158 crebris
609 5088 742 5153 lacunis
763 5089 945 5168 utrumqne
967 5086 1194 5167 intersectum,
1220 5089 1259 5150 ut
1281 5089 1437 5169 quamvis
1457 5106 1478 5151 a
1496 5088 1687 5155 charactere
1711 5086 1880 5154 Ambrosii

128 5192 246 5255 minus
260 5191 459 5274 recederent,
474 5193 531 5255 vix
545 5195 657 5254 tamen
668 5188 778 5252 essent
797 5185 895 5266 tanti,
911 5186 949 5249 ut
964 5184 998 5247 in
1013 5183 1054 5246 iis
1068 5182 1206 5247 edendis
1221 5184 1338 5249 charta
1351 5189 1384 5249 et
1398 5204 1498 5268 opera
1514 5184 1770 5267 impenderetur.
1787 5186 1883 5255 idem

127 5289 234 5352 etiam
243 5288 410 5369 iudicium
423 5294 493 5353 esto
507 5289 549 5353 de
562 5283 766 5370 quibusdam
784 5284 861 5347 aliis
877 5280 1124 5364 scriptionibus,
1142 5300 1217 5364 qna·
1239 5282 1274 5347 in
1295 5284 1410 5348 eadem
1434 5283 1636 5348 bibliotheca
1656 5283 1812 5349 feruntur
1828 5282 1883 5348 iu-

128 5386 240 5450 veniri
254 5386 318 5449 sub
332 5386 386 5449 his
400 5386 511 5450 titulis
526 5409 533 5450 :
552 5385 603 5447 De
616 5386 781 5466 primitiis
796 5380 989 5464 offerendis,
1004 5378 1056 5442 De
1070 5380 1256 5443 melioribus
1273 5381 1494 5464 litigantibus,
1510 5385 1543 5445 et
1562 5382 1733 5446 Aduersus
1759 5382 1882 5444 Astro-

128 5504 255 5562 nomos,
279 5502 354 5565 quae
379 5484 541 5567 opuscula
566 5480 757 5546 incineratis
778 5477 949 5543 sodalibus
969 5476 1091 5542 nostris
1110 5495 1168 5560 per
1188 5482 1366 5561 augustias
1383 5480 1554 5564 temporis,
1576 5499 1642 5565 quo
1659 5477 1782 5547 versati
1800 5477 1883 5547 sunt

127 5581 325 5663 Mediolani,
341 5581 507 5665 expiscari
521 5580 660 5646 minime
673 5578 781 5645 licuit.

169 5680 215 5751 la
226 5680 392 5751 Vaesana
405 5677 619 5767 bibliotheca,
636 5673 966 5771 praeescriptione
979 5690 1115 5767 pauno,
1133 5691 1218 5770 quas
1231 5673 1399 5750 edidimus
1411 5675 1449 5752 ia
1462 5674 1662 5767 appendice,
1679 5672 1755 5743 alia
1764 5691 1885 5767 omniq
