3900 6128
106 276 167 343 877

708 278 836 352 LIBER
856 289 912 351 DE
934 287 1254 360 INCARNATIONE

1782 303 1844 370 878

139 478 184 533 99.
203 479 379 553 lntelligitur
395 479 462 552 hoe,
478 497 550 553 ergo
567 490 624 537 nea
645 484 761 555 legitur.
784 486 840 540 Sed
857 489 882 541 si
899 489 940 542 in·
962 474 992 538 l!
1011 490 1089 544 milis
1105 492 1143 545 sit
1158 494 1256 548 Patri:
1274 511 1339 551 eum
1352 497 1436 552 Pater
1452 512 1488 553 ex
1504 494 1561 555 alio
1578 516 1697 557 eausam
1712 519 1772 559 non
1788 505 1842 559 ha-

102 566 259 640 lelligitur,
274 585 328 623 nee
339 569 480 639 Spiritum
490 575 624 625 sanetum
638 574 769 643 genitum
780 575 853 645 legi:
868 567 942 631 724

101 669 178 727 erge
193 658 221 710 el
237 656 376 727 spiritua,
394 659 463 728 quia
492 660 610 729 genitus
635 677 692 714 non
715 665 769 730 est,
791 663 941 733 ingenitas

101 743 206 815 utique
223 745 388 799 seeundum
403 749 533 800 vestram
554 751 728 803 sententiam
745 752 941 807 nominandus

102 835 159 886 esl.
188 832 219 887 Si
242 834 333 904 igitur
356 834 520 906 ingenitum
545 830 644 890 dieitis
669 842 696 890 et
721 840 853 908 genitum
883 856 942 894 nen

100 936 197 992 posse
214 922 302 976 unius
318 937 387 976 esse
403 923 599 993 substnnliae3
615 931 752 993 superest
769 930 798 980 al
809 928 844 981 dr
858 928 941 983 Patre

102 1012 132 1062 et
148 1008 261 1079 Spiritu
277 1015 396 1080 saneto,
421 1013 488 1081 quia
509 1028 563 1066 nee
581 1013 696 1067 Patrem
716 1016 847 1085 genitum
866 1016 941 1087 legi-

103 1112 183 1168 muS,
202 1114 257 1152 nee
272 1097 413 1168 Spiritum
429 1105 582 1169 sanetum,
606 1103 745 1156 unitatem
765 1104 872 1158 divinae
889 1121 941 1158 na-

101 1188 178 1241 turae
194 1191 223 1241 et
238 1188 413 1242 substantiae
429 1204 488 1243 non
503 1190 630 1261 negetis.
648 1189 679 1244 Si
698 1192 775 1244 enirn
798 1193 827 1245 in
845 1209 879 1247 eo
895 1197 940 1248 est

102 1275 151 1329 vis
167 1277 265 1331 onmis
279 1281 389 1331 vestrae
405 1278 623 1347 disputationis,
649 1280 727 1348 quod
748 1280 897 1350 ingenitus
914 1286 942 1335 et

103 1364 224 1435 genitus
241 1380 301 1419 non
316 1369 444 1434 possunt
459 1382 528 1421 esse
544 1367 632 1421 unius
648 1371 759 1421 naturae
777 1384 783 1421 ε
803 1384 874 1439 ergo
890 1370 941 1440 qni

104 1455 226 1508 uon-est
240 1454 371 1524 genitus,
387 1470 453 1507 rum
469 1470 504 1508 eo
520 1455 570 1525 qui
586 1471 644 1509 non
660 1455 699 1509 sit
710 1457 839 1526 genitus,
852 1459 940 1512 unius

106 1541 218 1596 naturae
232 1545 320 1613 alque
337 1542 512 1596 substantiae
530 1546 585 1596 est.
602 1543 637 1596 Et
652 1545 678 1596 si
690 1544 756 1597 ideo
767 1547 876 1614 putatis
887 1546 941 1599 Pa·

104 1631 180 1684 trem
202 1627 259 1699 (48)
284 1629 428 1700 majorem
453 1646 532 1700 esse,
560 1633 628 1702 quia
653 1633 772 1702 genitus
791 1650 850 1687 aaa
875 1639 939 1705 est;

102 1719 248 1789 numquid
263 1723 291 1773 et
306 1718 434 1789 Spiritus
450 1723 572 1774 sanetus
589 1720 684 1791 major
698 1724 744 1775 est
760 1721 856 1775 Filio?

1010 578 1086 647 beat,
1104 579 1196 635 Filius
1212 587 1318 651 autem,
1346 590 1376 639 ut
1399 588 1454 655 ipsi
1480 588 1617 658 allegant,
1636 606 1706 645 esse
1721 608 1779 647 non
1794 610 1843 664 po·

1009 669 1106 738 tuerit,
1123 670 1182 723 nisi
1198 670 1254 725 boe
1269 673 1367 741 ipsum
1383 690 1419 727 ex
1434 676 1519 730 Patro
1536 683 1565 730 ut
1581 683 1671 747 esset,
1684 683 1841 752 acceperit.

1046 756 1090 810 97.
1117 757 1245 829 ldeeque
1270 761 1433 832 ingenitum
1457 768 1484 817 et
1510 766 1641 835 genitum
1658 767 1843 827 dieualesse

1011 844 1185 899 dissimilem
1199 863 1206 914 ς
1223 849 1308 917 quasi
1325 849 1496 921 rere,'qued
1512 853 1582 906 alibi
1598 870 1678 924 saepe
1691 856 1753 926 jam
1769 858 1841 930 dixi,

1010 935 1162 1002 generatio
1184 938 1339 1003 potestatis
1363 939 1411 1007 sil,
1438 956 1497 994 non
1520 945 1642 996 naluroe.
1668 943 1740 999 Cum
1764 947 1843 1002 errirn

1010 1019 1075 1074 dieo
1099 1024 1240 1092 genitum,
1265 1041 1323 1079 non
1348 1029 1554 1096 proprietatem
1579 1035 1700 1102 naturae,
1727 1035 1781 1089 sed
1807 1014 1844 1091 siss

1010 1109 1230 1180 gnideatronem
1245 1116 1446 1183 generationis
1458 1120 1615 1187 expressi3
1631 1125 1658 1174 et
1674 1120 1731 1176 hoe
1747 1138 1844 1179 exem·

1008 1195 1065 1266 plis
1081 1199 1314 1256 evidentioribus
1330 1205 1510 1274 approbabo.
1528 1207 1602 1261 Nam
1623 1209 1649 1262 si
1665 1210 1844 1280 generaliter

1009 1285 1103 1339 dicam
1120 1286 1236 1359 Filium,
1254 1307 1308 1344 nee
1323 1285 1395 1347 725
1412 1295 1515 1348 addam
1532 1296 1630 1366 eujuS,
1646 1301 1744 1368 polest
1759 1301 1844 1356 intel·

1008 1372 1060 1444 ligi
1077 1375 1198 1429 attilius
1215 1376 1353 1449 hominis,
1371 1382 1492 1436 attilius
1517 1384 1689 1455 iniquitalis,
1712 1392 1740 1441 el
1761 1388 1842 1445 filius

1008 1461 1193 1529 pestilentiae,
1211 1469 1238 1518 et
1254 1467 1332 1521 lilius
1348 1469 1467 1539 diaboli,
1486 1471 1562 1526 sieut
1579 1473 1614 1527 de
1631 1474 1744 1530 ludaeis
1760 1475 1842 1531 Seri-

1007 1553 1071 1602 tam
1096 1555 1219 1606 testatur
1242 1555 1336 1622 (dorm.
1364 1575 1424 1628 rur,
1450 1559 1494 1626 ar,
1520 1560 1565 1628 ll)
1580 1577 1585 1615 :
1603 1566 1631 1617 et
1646 1565 1724 1634 qued
1740 1565 1769 1618 in
1786 1579 1844 1622 usu

1008 1640 1062 1707 est,
1081 1642 1108 1691 et
1125 1638 1200 1695 letus
1216 1645 1349 1712 paradis,
1367 1650 1394 1699 et
1410 1647 1480 1716 pulli
1497 1650 1709 1706 columbarum.
1725 1651 1761 1706 at
1776 1653 1842 1710 ideo

1008 1725 1036 1779 in
1052 1727 1246 1796 appellatione
1269 1731 1395 1786 filiorum
1415 1750 1473 1788 noa
1490 1739 1536 1790 est
1552 1741 1708 1808 expressio
1724 1741 1842 1814 signill-

138 1823 184 1878 94,
202 1823 290 1878 Multa
303 1828 429 1895 possunt
444 1830 472 1879 gr
488 1827 641 1881 innumera
655 1828 789 1898 exempla
800 1833 940 1899 summe.
960 1841 987 1907 Β
1009 1818 1070 1868 rata
1087 1821 1209 1871 nalrrrre.
1235 1820 1272 1872 Αῑ
1295 1837 1366 1874 vero
1390 1822 1415 1876 si
1438 1826 1570 1879 naturam
1587 1827 1745 1900 designare
1761 1831 1843 1886 desi·

101 1927 145 1981 re,
164 1915 195 1966 ut
210 1913 246 1967 da
263 1928 297 1968 eo
314 1915 391 1985 qued
407 1916 539 1985 genitum
555 1916 677 1983 nonsit,
696 1917 809 1971 dicatur
823 1919 940 1988 ingeni·
1007 1903 1088 1971 ‘1⁰¹’0r
1106 1909 1154 1958 aut
1170 1905 1318 1961 ll⁰¹¹¹l¹¹⁰¹¹¹
1334 1912 1520 1982 nunculffllfflr
1545 1918 1594 1968 ⁰¹¹²
1619 1930 1727 1987 equum
1750 1921 1843 1975 1²0ml·
1881 1972 1885 1980 .

102 2005 175 2054 lum.
192 2002 267 2055 Nam
282 2006 309 2056 et
324 2003 463 2057 muudum
478 2004 611 2074 plerique
628 2004 790 2076 ingenitum
807 2021 875 2060 esse
892 2008 937 2059 di-

103 2094 212 2144 xerunl
236 2090 320 2160 (llll,
344 2094 372 2145 et
396 2094 545 2146 materiam
572 2108 670 2146 rerum
695 2096 834 2162 onmium,
853 2112 939 2166 quam

101 2178 201 2235 Graeei
218 2179 304 2248 bplen
328 2179 444 2247 dicunt,
467 2181 552 2251 quasi
569 2181 675 2234 silvam
691 2184 879 2252 materialem,
897 2185 941 2237 iu·

103 2268 235 2338 genitam
265 2281 334 2321 esse
363 2269 691 2323 mammaemammal
716 2271 807 2342 igilur
827 2272 857 2325 in
883 2273 940 2326 boe

102 2355 197 2410 verbo
214 2358 440 2427 praerogativam
456 2357 611 2427 quamdam
627 2360 781 2427 potestatis
797 2376 865 2414 esse
881 2377 940 2415 noa

103 2459 207 2515 posse,
233 2445 292 2498 nisi
316 2445 391 2499 sorta
417 2445 474 2499 boe
497 2447 589 2500 rerba
613 2447 669 2500 sibi
687 2447 832 2502 honorare
849 2449 940 2503 lleuza

102 2532 252 2602 videatur,
269 2548 327 2604 quo
342 2533 512 2603 philesophi
524 2535 664 2588 mundum
680 2540 855 2604 putaverunt
871 2553 940 2592 esse

102 2620 283 2675 donandum.
301 2622 450 2693 Numquid
466 2638 538 2694 argo
555 2625 600 2677 sie
616 2624 766 2693 ingenitus
785 2625 878 2696 l'ater,
896 2628 940 2681 sie

103 2711 136 2763 ul
151 2709 304 2764 mundus?
319 2711 416 2765 Absit.
433 2713 491 2764 Aul
506 2712 554 2764 hie
570 2712 654 2766 solus
670 2712 762 2766 Deum
778 2713 862 2768 deeet
877 2732 939 2771 ser-

102 2813 162 2868 mo,
181 2813 248 2852 eum
265 2798 344 2853 Deus
360 2799 434 2853 ultra
451 2815 621 2854 sermonum
637 2802 766 2856 omnium
783 2804 821 2856 sit
846 2805 939 2857 ambi-

102 2890 176 2942 tum.
200 2887 281 2941 Nibil
304 2889 396 2958 igitur
418 2889 581 2958 pretiosum
603 2890 663 2944 Deo
687 2892 716 2944 in
740 2907 774 2944 eo
791 2907 938 2959 sermone,

103 2976 155 3048 qui
171 2977 337 3031 eommunis
354 2978 450 3046 possit
466 2993 534 3031 esse
551 2993 618 3032 cunr
635 2981 762 3032 caeteris.

138 3101 184 3154 95.
216 3100 274 3156 Sed
304 3104 401 3156 tamea
432 3101 679 3172 quemadmodum
706 3103 806 3174 vultis,
833 3105 942 3160 iamsti-

1007 1993 1094 2061 nabo,
1112 1997 1159 2047 aut
1175 2011 1259 2049 arem
1275 1997 1380 2066 dieam,
1398 2005 1428 2052 ut
1443 2005 1545 2055 natura
1562 2007 1658 2072 possit
1673 2007 1809 2081 intelligi.

1041 2080 1086 2136 98.
1109 2081 1149 2135 lla
1174 2099 1246 2153 ergo
1270 2086 1296 2138 si
1318 2090 1449 2141 naturam
1476 2091 1561 2159 euplo
1587 2091 1746 2164 designare
1768 2097 1842 2153 divi-

1006 2186 1083 2236 naar,
1111 2171 1203 2225 lleum
1229 2188 1330 2227 rerum
1354 2175 1447 2230 debeo
1470 2179 1632 2235 nominare.
1649 2181 1721 2238 Cum
1743 2191 1841 2242 autern

1007 2255 1113 2310 Filium
1138 2259 1219 2330 dio,
1247 2266 1417 2332 generatum
1443 2265 1581 2337 significo
1603 2285 1609 2323 :
1633 2285 1699 2325 eum
1725 2273 1842 2331 Patrem

1007 2362 1123 2417 quoque
1149 2348 1225 2417 dieo,
1251 2366 1413 2422 generasse
1439 2354 1567 2410 declaro.
1591 2358 1657 2413 Non
1674 2375 1747 2433 ergo
1772 2363 1841 2420 hine

1008 2439 1119 2490 nutrire}
1137 2437 1344 2494 diseretionem
1360 2441 1462 2514 facias,
1481 2460 1546 2499 eum
1562 2448 1600 2501 sit
1616 2448 1672 2503 lree
1687 2451 1841 2523 signifiea-

1007 2525 1113 2578 torium
1139 2530 1308 2597 generantis
1331 2532 1358 2583 el
1383 2534 1474 2602 genili
1491 2549 1497 2587 :
1516 2535 1727 2607 significatoria
1743 2545 1840 2599 autom

1007 2612 1177 2684 hujusmodi
1190 2618 1357 2686 exprimunt
1368 2620 1542 2677 substantiae
1553 2626 1722 2695 qualitatem
1733 2646 1740 2698 3
1757 2631 1840 2687 multi

1006 2701 1093 2772 enim,
1118 2706 1150 2757 ut
1172 2704 1243 2774 dixi,
1271 2706 1332 2776 lilii,
1354 2709 1407 2762 sed
1423 2709 1581 2767 diversitas
1599 2714 1745 2790 illiorum3
1761 2720 1838 2776 alius

1010 2807 1062 2860 per
1082 2796 1225 2864 naturam,
1243 2794 1319 2849 alius
1333 2813 1387 2866 per
1402 2799 1535 2869 gratiam.

1041 2908 1084 2962 aa.
1111 2909 1209 2964 lllultae
1235 2915 1377 2967 creaturae
1401 2914 1568 2972 invisibiles
1583 2923 1612 2974 et
1626 2921 1780 2996 visibiles3
1796 2927 1840 2982 ln·

1007 2997 1151 3066 risibiles,
1179 3004 1208 3051 ul
1232 3000 1418 3069 ls'rineipalus
1434 3008 1462 3058 el
1482 3005 1657 3078 Palestales,
1685 3011 1839 3071 Throniet

1006 3086 1244 3155 llomiaationes3
1261 3089 1407 3159 visibiles,
1420 3096 1451 3145 ut
1461 3094 1517 3160 sol,
1529 3094 1607 3167 luna,
1621 3099 1726 3170 stellae,
1737 3101 1837 3174 bomo,

103 3189 224 3245 mobilis
253 3191 292 3243 sit
321 3190 412 3262 hujus
442 3192 639 3262 praerogativa
669 3194 837 3260 sermonis,
875 3201 985 3270 quaec
1007 3178 1092 3229 lel'l'ss·
1111 3175 1672 3256 Elssslllll'ffl'ssaeSlltsslessrl’ldlvffsfe,
1690 3194 1838 3247 creatura-

103 3292 162 3333 nen
178 3279 351 3332 austeritate
367 3279 464 3350 aliqua
480 3280 663 3351 designatur,
681 3283 733 3335 sed
751 3287 850 3337 restro
866 3284 943 3337 iesti-
1007 3281 1070 3316 ΝΠ)
1087 3265 1261 3320 sub-‘lamiae
1277 3270 1355 3321 sunl·
1382 3269 1479 3340 Ita‘1¹¹3
1496 3273 1521 3324 Si
1538 3274 1612 3328 ‘'⁰¹¹'S
1629 3277 1838 3347 lll'OPllfllssleffl

106 3369 201 3422 matur
215 3367 347 3422 arbitrio.
363 3366 425 3431 Quo
442 3368 534 3438 igitur
548 3370 604 3422 boe
620 3369 746 3439 proficit,
760 3375 790 3424 ul
802 3387 839 3425 ex
850 3373 941 3426 verbo

105 3455 204 3510 velitis
224 3455 323 3510 laeere
347 3456 424 3510 inter
447 3456 562 3510 Patrem
585 3461 613 3510 et
639 3456 743 3512 Filium
774 3460 941 3514 distantiam

106 3548 228 3612 naturae,
256 3545 425 3599 distantiam
449 3546 626 3615 potestatis?
650 3547 811 3617 lagenilus,
837 3550 939 3620 inquit,

106 3637 133 3687 et
160 3635 281 3705 genitus
310 3649 368 3688 non
396 3638 524 3703 possunt
553 3634 640 3688 unius
670 3649 739 3690 esse
764 3641 876 3692 naturae
899 3644 940 3693 at-

106 3738 162 3794 que
193 3723 389 3792 substantiae3
419 3726 486 3792 aut,
520 3723 764 3794 quemadmodum
796 3727 940 3781 interilum

106 3811 217 3880 dieunt,
234 3813 405 3881 inoperatus
425 3816 452 3865 et
474 3812 570 3866 laetus
591 3828 649 3866 non
669 3817 738 3867 sunt
753 3815 839 3868 unius
855 3819 940 3869 natu-

105 3916 156 3954 rae.
183 3901 288 3971 Neque
313 3901 390 3954 enim
416 3900 625 3955 discretionem
651 3901 940 3974 laetantingeniliet

106 3990 260 4060 inoperati,
278 4005 373 4060 neque
389 3990 557 4044 distantiam
572 3991 674 4045 retunt
690 4006 758 4046 esse
774 3992 849 4046 inter
859 3995 940 4064 gaai-

106 4081 164 4133 lum
189 4079 237 4133 vel
262 4083 402 4148 ereetum,
427 4079 512 4133 medo
537 4083 567 4132 ut
590 4083 752 4134 creaturam
773 4079 877 4135 Filium
894 4083 939 4135 di·

107 4169 182 4223 aaut.

137 4275 182 4330 96.
201 4274 306 4329 Dieuut
321 4292 394 4347 ergo
410 4276 477 4346 quia
498 4276 582 4329 Pater
604 4291 720 4330 earnem
735 4291 865 4344 eausam,
882 4277 939 4332 lroe

108 4368 151 4419 est
164 4363 265 4426 αἰτίαν,
287 4364 364 4419 sicul
384 4364 480 4418 Graeci
500 4364 610 4429 dieunt,
627 4380 856 4435 supergressus,
873 4383 939 4419 rum

107 4466 142 4508 ex
156 4453 215 4508 alio
232 4457 349 4507 oreatus
365 4468 422 4506 nou
440 4453 488 4522 sit,
504 4452 617 4506 nonsit
634 4452 732 4521 lilius3
757 4469 823 4507 eum
840 4454 939 4524 utique

107 4542 273 4597 substantia
289 4541 336 4610 sit,
354 4557 412 4595 non
433 4541 551 4595 aliunde
571 4541 747 4610 principium
762 4541 877 4596 habens
893 4543 982 4637 vel„

108 4646 237 4701 eausam,
262 4646 299 4685 ex
325 4647 381 4702 qua
405 4631 463 4700 sit3
489 4633 516 4684 et
538 4630 613 4698 ideo,
641 4630 785 4700 inquiunt,
801 4632 856 4684 alia
872 4634 967 4686 tatis‘

108 4719 272 4774 substantia
295 4735 364 4774 esse
387 4736 446 4773 non
470 4722 576 4790 polest,
602 4718 670 4790 quia
690 4719 787 4773 omnia
803 4736 839 4774 ex
856 4720 939 4774 Patre

109 4804 165 4863 Deo
191 4807 301 4863 habent
324 4808 509 4863 subsistendi
532 4824 662 4862 causam.
688 4807 772 4862 lfnde
796 4825 854 4862 non
870 4825 938 4862 esse

109 4896 268 4952 rerisimilo
282 4896 392 4966 dieunt,
417 4900 448 4950 ut
472 4896 565 4949 Filius
590 4896 657 4966 quia
682 4912 720 4949 ex
741 4897 824 4950 Patre
839 4901 894 4966 est,
911 4901 940 4950 et

110 4998 143 5040 ex
157 5002 191 5042 se
208 5002 328 5041 eausam
345 5002 403 5041 non
419 4985 525 5040 habeat
540 4988 571 5039 ut
586 4987 633 5056 sit,
652 4985 705 5040 sed
726 5001 762 5040 ex
787 4985 882 5053 Patre,
899 4986 939 5039 si·

142 5131 197 5200 tl8t
222 5130 363 5185 Nonnulli
385 5146 470 5199 mss,
498 5153 508 5177 ιε
528 5129 563 5183 Et
586 5129 613 5184 si
636 5129 702 5184 ideo
726 5130 863 5198 putamus
885 5146 938 5199 pa-

111 5202 188 5266 trem,
209 5228 220 5249 ι»
239 5208 295 5257 ete.

141 5282 198 5351 llll)
219 5284 344 5347 Quinam
364 5281 420 5337 hoe
440 5281 603 5349 docuerint,
621 5295 788 5351 eognosees
804 5294 841 5334 ex
857 5280 939 5335 initio

112 5349 157 5407 lib.
174 5354 188 5407 l
205 5354 349 5408 ttamen.

51 5470 54 5491 ι
141 5434 197 5501 (aa)
214 5433 258 5488 Ex
273 5434 311 5488 iis
326 5449 393 5504 quaa
408 5433 612 5487 ‹liermturboe
628 5433 693 5485 loeo
710 5432 745 5485 de
761 5445 834 5485 rane
849 5428 937 5500 edeta,

112 5506 295 5559 nanifestam
318 5510 364 5559 est
388 5521 442 5559 nos
467 5505 503 5556 ab
531 5505 687 5556 ilrnluosio
708 5519 765 5556 uon
782 5503 888 5556 remitti
903 5501 940 5556 ad

62 5612 66 5617 -
111 5573 184 5631 aliud
206 5576 300 5647 Opus,
324 5592 413 5648 quam
436 5577 473 5629 ad
495 5576 546 5631 lib.
571 5592 611 5644 ru,
638 5575 675 5627 rle
695 5574 779 5642 r'tuo,
804 5589 868 5643 eap.
893 5571 937 5644 15,

111 5658 185 5703 eum.
203 5646 265 5719 let,
283 5647 334 5706 ubi
349 5651 377 5702 et
393 5647 533 5702 Dallaeum
559 5648 596 5701 ab
618 5645 754 5716 ejusdam
777 5649 859 5700 reeta
875 5646 938 5716 etp-

111 5718 265 5801 leelogi'am
292 5734 361 5780 eum
389 5721 493 5779 saneto
522 5719 649 5778 [lectore
675 5716 811 5792 asperius
835 5717 938 5797 egisse

1006 3356 1148 3407 erraturae
1164 3354 1291 3424 otirajas
1303 3358 1477 3429 exprimere,
1490 3363 1538 3413 aul
1554 3363 1658 3433 solam,
1675 3371 1724 3421 aut
1739 3366 1837 3425 lunam

1006 3443 1181 3508 narrandas,
1199 3448 1246 3497 aut
1262 3444 1364 3498 stellas
1383 3462 1388 3500 :
1406 3449 1433 3500 et
1452 3449 1495 3501 sie
1514 3451 1687 3524 intelligitur
1701 3456 1770 3526 quid
1787 3458 1836 3529 sit,

1004 3531 1081 3600 quod
1099 3531 1324 3601 sigaittranlam
1341 3537 1500 3604 putareris.

1041 3629 1100 3681 lea.
1118 3630 1262 3683 (laetarum
1280 3632 1304 3685 si
1322 3631 1428 3705 lartum
1446 3635 1528 3688 dieas
1545 3641 1591 3690 aul
1609 3643 1836 3715 er·eatu1n,querl

1004 3717 1148 3769 interdum
1167 3716 1272 3772 Filium
1289 3719 1408 3790 ‹lirunt3
1424 3723 1492 3793 quia
1508 3725 1596 3779 malla
1610 3726 1684 3782 laeta
1700 3735 1727 3784 el
1739 3736 1838 3790 ereata

1007 3809 1085 3872 siml,
1112 3821 1169 3858 nan
1195 3810 1401 3878 proprietatem
1422 3811 1597 3869 substantie
1612 3817 1723 3872 videris
1740 3822 1838 3893 signi-

1006 3895 1125 3957 ficasse,
1150 3896 1202 3948 sed
1229 3898 1359 3965 speeiem
1381 3900 1540 3969 qualitatis.
1567 3903 1653 3959 llliurl
1669 3908 1746 3962 enim
1763 3911 1837 3964 sub-

1006 3985 1122 4051 stantia,
1138 3984 1216 4038 aliud
1232 3987 1356 4056 qualitas
1373 3990 1427 4041 est.
1445 3989 1578 4062 Denique
1595 3993 1724 4051 diximus
1740 4002 1768 4053 et
1782 3999 1837 4054 ali-

1004 4076 1044 4142 bi,
1069 4080 1157 4132 adrian
1181 4075 1236 4143 (silli
1261 4075 1297 4127 ila
1325 4075 1529 4145 interpretatos
1555 4080 1690 4152 latinos,
1714 4089 1745 4139 ul
1768 4087 1838 4141 sab-

1006 4172 1141 4226 stantiam
1165 4169 1305 4223 dicerent.
1325 4164 1409 4216 otro
1432 4170 1528 4221 aulem
1553 4169 1605 4223 llei
1628 4187 1695 4225 eum
1719 4173 1836 4242 dieitur,

1005 4261 1073 4333 quid
1098 4259 1175 4314 aliud
1197 4256 1391 4327 significatur,
1417 4256 1473 4308 nisi
1500 4256 1590 4310 lleum
1611 4275 1730 4329 semper
1743 4266 1838 4317 esse?

1004 4351 1086 4416 Quod
1103 4351 1206 4403 litterar
1224 4346 1296 4415 ipsae
1313 4345 1489 4413 expriaurat,
1514 4347 1651 4414 quoniam
1676 4349 1722 4402 ris
1739 4348 1837 4406 divina

1005 4433 1068 4493 οὖσα
1091 4441 1139 4501 ἀεὶ,
1165 4438 1221 4490 boo
1244 4440 1299 4497 est,
1317 4449 1382 4486 eum
1405 4432 1443 4483 sil
1466 4447 1592 4501 seraper,
1619 4433 1694 4486 οὐσία
1719 4436 1836 4505 dieitur,

1007 4531 1093 4584 anias
1122 4528 1224 4581 litteren
1254 4525 1361 4576 mutato
1390 4519 1492 4572 ordine
1526 4525 1645 4590 propter
1675 4540 1781 4580 sonum
1810 4533 1839 4582 et

1007 4616 1211 4687 eorapeadium
1240 4612 1436 4676 decoremque
1461 4609 1619 4663 sermonis.
1645 4611 1724 4685 Ergo
1749 4613 1836 4683 odaia,

1008 4708 1086 4778 „uod
1110 4718 1228 4771 seraper
1242 4699 1280 4751 sit
1298 4698 1386 4760 lleus,
1404 4695 1552 4765 siguilieat
1569 4714 1574 4750 :
1592 4699 1716 4768 ingenili
1731 4708 1838 4771 aulem,

1007 4802 1035 4850 ul
1051 4800 1080 4849 lu
1097 4795 1152 4858 ris,
1171 4791 1215 4843 vel
1233 4785 1320 4858 genili
1333 4783 1488 4852 appellatio
1504 4788 1661 4857 quomodo,
1680 4796 1727 4861 sil,
1740 4793 1840 4846 ‹laela-

1007 4890 1050 4940 ral
1072 4883 1137 4951 lidi,
1162 4879 1217 4932 liae
1242 4880 1297 4940 est,
1322 4873 1399 4943 qued
1416 4889 1473 4926 aaa
1491 4889 1529 4926 ex
1544 4875 1600 4929 alio
1618 4879 1656 4932 sit
1672 4879 1767 4952 Pater,
1785 4898 1840 4936 nea

1007 4991 1044 5028 rx
1069 4988 1102 5026 se
1127 4968 1229 5022 lilius.
1258 4964 1380 5033 Species
1410 4962 1457 5016 lrir.
1483 4962 1597 5027 ridetur
1621 4982 1690 5022 esse
1710 4970 1840 5028 diversa.

1008 5115 1201 5173 ostendimus.

1044 5189 1099 5242 ilrll
1115 5185 1202 5250 Edit,
1243 5180 1312 5251 quid
1325 5178 1362 5231 sil
1374 5177 1503 5232 rlerlaral.
1517 5196 1523 5236 :
1536 5203 1546 5226 r
1565 5196 1651 5251 mas,
1670 5206 1681 5231 r
1695 5184 1842 5255 quomodo

1010 5263 1045 5314 sit
1063 5260 1202 5317 ilrelarat,
1218 5279 1228 5300 i
1243 5255 1269 5305 id
1284 5255 1340 5315 est,
1357 5266 1416 5303 nau
1431 5251 1637 5317 substantiam,
1654 5256 1707 5308 sed
1723 5255 1843 5309 modum

1011 5331 1168 5404 signiliual.
1189 5325 1301 5394 Optime
1324 5337 1415 5389 saue:¹
1439 5321 1493 5374 hee
1516 5325 1592 5376 enim
1608 5327 1728 5393 petiuim
1744 5328 1843 5378 estex

1007 5413 1067 5466 illis
1092 5405 1191 5473 llasilii
1217 5403 1328 5471 verbis,
1354 5401 1404 5454 liti.
1427 5418 1454 5453 rr
1470 5409 1548 5455 enat.
1571 5402 1703 5471 la’unorn,
1720 5399 1844 5474 ὑπῆρξιὸ

1010 5489 1101 5550 solae:
1119 5485 1148 5540 τὸ
1166 5484 1294 5558 ἀγένητον,
1317 5483 1360 5533 καὶ
1372 5480 1416 5532 elz
1434 5481 1527 5532 oleran·
1539 5474 1626 5551 ὄνομα.
1646 5481 1773 5533 adverte
1788 5496 1843 5534 au·

1010 5550 1067 5619 ti'Jm
1084 5563 1185 5633 paucis
1203 5563 1268 5628 post
1284 5555 1384 5608 reatris
1400 5568 1503 5605 vorent
1522 5573 1533 5596 r
1552 5552 1670 5618 Speciess
1688 5574 1698 5595 ν
1716 5549 1845 5618 1108le

1030 5652 1062 5694 ro
1078 5632 1239 5703 irnliridue,
1257 5628 1337 5699 quod
1354 5623 1486 5681 insoleus
1510 5635 1567 5701 noa
1593 5619 1756 5702 esseuopud
1771 5621 1844 5685 Am.

1008 5653 1143 5767 Erosium
1158 5702 1226 5761 olibi
1242 5700 1433 5758 obser-ratum
1448 5711 1464 5749 a
1479 5691 1566 5785 nebia
1583 5704 1728 5781 reperies,
1842 5701 1846 5708 ’
