3900 6128
193 335 254 414 22'7

923 318 957 396 S.
971 316 1208 398 menosn.

1854 323 1932 395 '228

195 549 326 620 unquam
353 542 493 598 viderunt
521 535 643 608 saecula)
672 534 824 609 egreditur
847 532 883 590 de
900 530 1035 604 lupanari
1047 510 1078 576 Α
1092 531 1120 586 si
1135 545 1182 585 me
1193 530 1277 602 prius
1292 529 1413 602 patiaris
1427 528 1533 586 occidi.
1549 529 1582 585 ln
1594 531 1623 585 te
1638 544 1697 586 non
1716 529 1826 586 habent
1839 529 1925 584 aliam

193 636 291 708 virgo,
301 632 355 690 sed
363 630 486 687 Christi.

229 742 274 798 at.
290 742 328 796 nt
338 738 381 794 iili
392 737 443 811 qui
452 735 593 791 videbant
606 732 713 803 oculis,
724 734 753 787 et
764 746 823 787 non
833 729 972 785 videbant
981 729 1031 799 (5),

195 847 251 888 cau
266 832 402 901 raptores
417 825 455 881 ad
469 839 587 897 agnam,
605 837 660 878 neu
684 821 745 892 lupi
760 820 887 876 fremere
902 817 939 872 ad
953 832 1033 889 prar-

194 921 270 976 dam.
285 917 370 973 Unus
381 915 431 988 qui
447 917 510 970 erat
521 912 735 980 immodestior,
747 908 887 966 introivit.
909 906 967 962 Sed
980 905 1033 962 ubi

196 1008 296 1064 bausit
320 1004 418 1061 oculis
441 1003 484 1058 rei
515 1005 645 1058 textum:
664 999 740 1066 Quid
760 998 827 1069 hoc,
844 996 948 1068 inquit,
964 995 1034 1051 esti

197 1085 1033 1168 Puellaingressaest,virvidotur.Eccenoniabulosum

195 1186 267 1242 illud
292 1199 380 1241 cerva
399 1197 454 1254 pro
477 1179 659 1252 virginati),
676 1178 730 1234 sod
753 1176 832 1248 quod
851 1191 956 1231 vorum
975 1176 1031 1245 est,

193 1275 281 1330 miles
296 1290 334 1330 ex
351 1271 480 1345 virgine.
498 1269 636 1325 titatium
651 1267 802 1322 audieram
818 1269 846 1320 et
860 1280 919 1320 non
934 1262 1033 1319 oradi-

194 1364 305 1434 daram,
324 1360 404 1434 quod
427 1374 533 1433 aquam
555 1356 693 1413 Christus
715 1355 746 1411 in
765 1354 866 1410 vinum
888 1352 1034 1410 conveitit

194 1453 291 1523 (ioan.
309 1468 340 1522 ir,
356 1450 385 1520 9)
399 1471 408 1505 .·
421 1448 483 1521 jam
499 1450 612 1503 mutare
627 1445 715 1518 aoepit
734 1446 762 1500 et
776 1458 879 1499 sexus.
898 1441 1033 1499 Recede·

195 1557 264 1597 mus
280 1541 360 1609 binc,
373 1539 442 1593 dum
451 1537 548 1593 adbuc
559 1536 609 1608 qui
621 1534 742 1605 luimus,
754 1548 869 1589 sumus.
882 1530 1033 1603 Numquid

198 1633 227 1687 et
242 1631 307 1702 ipse
322 1631 451 1684 mutatus
467 1642 545 1697 suin,
562 1626 611 1697 qui
627 1625 706 1678 uliud
718 1638 817 1693 cerno,
828 1619 1033 1694 quamcredo?

196 1720 242 1775 Ad
256 1718 382 1790 lupanar
396 1716 474 1787 veni,
491 1730 581 1770 cerno
606 1712 806 1768 vadimonium
820 1712 876 1782 (i):
892 1713 921 1765 et
935 1712 1033 1765 umen

194 1811 326 1864 mutatus
348 1805 496 1879 egrediar,
518 1803 645 1876 pudicus
669 1801 769 1872 exibo,
790 1800 841 1873 qui
856 1799 971 1855 adulter
985 1798 1032 1854 iu·
1047 1821 1086 1888 B·

194 1900 281 2042 πῖθι..
295 1985 406 2041 Indicio
421 1983 475 2055 rei,
497 1982 565 2056 quia
583 1980 746 2038 debebatur
761 1982 841 2035 tanto
859 1993 969 2034 corona
983 1977 1031 2031 vi-

196 2077 281 2147 ctori,
298 2076 454 2131 damnatus
478 2075 524 2128 est
544 2086 598 2143 pro
620 2069 747 2143 virgine,
765 2068 817 2141 qui
839 2083 894 2139 pro
912 2066 1031 2140 virgine

197 2164 434 2236 comprehensus
445 2164 501 2219 est.
514 2160 555 2216 Ita
566 2160 602 2215 de
612 2159 746 2230 lupanari
757 2173 815 2213 non
827 2157 924 2212 solum
932 2157 1029 2228 virgo,

198 2255 252 2311 sed
268 2254 356 2309 etiam
369 2252 516 2323 martvres
538 2250 683 2305 exierunt.
699 2247 807 2303 Fertur
819 2246 918 2318 puella
933 2244 970 2300 ad
984 2244 1030 2300 lo-

187 2348 264 2401 'oum
274 2341 412 2413 supplicii
424 2339 626 2405 concurrisse,
641 2339 773 2393 certasse
783 2335 888 2391 ambos
899 2335 935 2389 de
946 2348 1029 2405 nece,

196 2450 265 2491 ciam
280 2432 329 2487 ille
338 2431 450 2486 diceret
460 2445 466 2484 :
478 2428 542 2501 Ego
553 2426 736 2498 sumjussus
746 2425 852 2495 occidi,
862 2428 891 2480 te
902 2423 1032 2480 absolvit

195 2521 352 2591 sententia,
370 2517 488 2592 quando
504 2533 550 2573 mo
560 2516 664 2572 tenuit.
677 2515 714 2570 ut
728 2515 777 2569 illa
788 2514 914 2569 clamare
926 2513 1027 2584 eoepit:

195 2613 262 2668 Non
273 2626 330 2681 ego
339 2612 367 2663 te
385 2606 490 2663 mortis
501 2606 605 2662 vadem
619 2604 707 2677 elegi,
720 2604 773 2659 sed
787 2603 917 2675 praedem
937 2602 1029 2673 pudo·

196 2701 238 2756 ris
255 2697 353 2769 optavi
367 2696 417 2767 (8).
432 2695 464 2751 Si
478 2696 574 2766 pudor
589 2693 741 2766 quaeritur,
758 2695 856 2746 maaet
870 2706 983 2747 sexus:
1002 2691 1030 2746 si

195 2787 321 2860 sanguis
332 2784 514 2856 exposcitur,
525 2782 735 2855 fideiussorem
746 2797 805 2836 non
818 2781 966 2850 desidero,
979 2780 1030 2835 ba·

194 2877 252 2934 beo
266 2875 344 2931 unde
359 2871 532 2929 dissolvam.
549 2872 581 2927 ln
596 2887 643 2926 me
657 2870 712 2925 lata
728 2870 785 2926 ista
796 2870 950 2941 sententia,
962 2886 1029 2942 quta

195 2983 249 3040 pro
264 2981 311 3021 me
326 2963 384 3019 lata
399 2965 454 3017 est.
470 2960 555 3016 Certo
572 2961 599 3015 si
618 2960 751 3031 pecuniae
772 2963 799 3015 te
819 2958 1030 3031 fidejussorem

195 3055 358 3124 dedissem,
376 3057 404 3109 et
417 3051 540 3106 absente
553 3066 610 3120 me,
620 3049 714 3121 judex
724 3051 806 3104 tuum
817 3063 940 3103 censum
950 3048 1030 3104 iene-

194 3144 285 3203 ratori
293 3141 509 3215 adjudicasset,
517 3139 621 3195 eodem
629 3154 676 3193 ma
688 3137 832 3193 sententia
840 3137 1027 3210 convenires,
1049 3141 1074 3203 c

193 3250 260 3291 mco
271 3231 448 3305 patrimonio
457 3230 605 3285 solverem
612 3231 680 3283 tuos
688 3242 795 3282 nexus.
806 3225 837 3282 Si
846 3242 1027 3299 recusarem,

194 3324 263 3396 quis
279 3337 325 3377 mo
341 3320 494 3393 indignam
509 3317 631 3390 indigna
642 3319 735 3372 morte
745 3316 1027 3382 censeretaQiianto

194 3411 291 3484 maior
305 3412 352 3465 ast
376 3407 481 3480 capitis
498 3405 590 3479 buius
606 3403 713 3461 usural
738 3405 848 3460 Moriar
870 3405 1026 3477 innocens,

193 3516 231 3557 na
246 3500 356 3554 moriar
371 3512 494 3553 nocens.
511 3494 592 3550 Nihil
608 3494 657 3550 hic
672 3494 1028 3550 mediumest:hodieaut
1087 3547 1093 3559 ,

192 3605 244 3645 rea
259 3604 310 3645 ero
324 3589 367 3644 tui
382 3585 550 3657 sanguinis,
568 3587 617 3640 aut
628 3587 738 3655 martyr
752 3583 820 3639 mei.
832 3583 929 3640 Sinite
939 3584 1025 3652 redii,

1093 633 1183 691 quam
1193 621 1361 689 exerceant,
1373 633 1505 690 poenam:
1520 618 1550 673 in
1559 618 1676 692 virgine
1688 618 1837 674 obnoxius
1854 609 1921 673 171

1093 708 1189 778 pudor
1207 711 1263 763 est.
1288 708 1388 779 ltaque
1414 707 1577 781 gloriosior
1599 707 1670 777 aris,
1690 707 1717 762 si
1739 707 1870 762 videaris
1889 706 1925 762 da

1092 796 1236 852 aldultera
1251 802 1409 869 martyrem
1423 797 1545 868 iecisse,
1558 813 1647 870 quam
1661 797 1698 854 de
1711 800 1840 870 martyre
1850 795 1928 854 udul-

1093 888 1185 940 teram
1200 886 1378 942 reddidisse.

1127 992 1172 1048 33.
1182 992 1257 1058 Quid
1266 994 1472 1065 exspectatis?
1487 993 1551 1050 Duo
1562 992 1784 1064 contenderunt,
1796 994 1826 1048 et
1840 991 1927 1048 ambo

1092 1082 1242 1137 vicerunt:
1267 1097 1322 1138 nec
1346 1082 1442 1138 divisa
1463 1085 1509 1138 est
1534 1098 1653 1152 corona,
1674 1082 1727 1138 sed
1752 1081 1860 1137 addita.
1886 1082 1927 1137 lta

1092 1170 1188 1227 sancti
1203 1174 1348 1243 martyres
1363 1171 1491 1228 invicem
1502 1171 1560 1227 sibi
1571 1171 1715 1228 beneficia
1726 1169 1925 1240 conterentes,

1092 1259 1182 1316 altera
1197 1259 1375 1332 principium
1386 1261 1527 1333 martyrio
1537 1260 1626 1333 dedit,
1638 1260 1712 1316 altar
1725 1258 1873 1316 etiactum.

1400 1362 1543 1460 'curor
1562 1404 1596 1458 v.

1090 1544 1261 1602 Amicorum
1270 1546 1393 1602 duorum
1404 1551 1434 1602 et
1444 1553 1526 1602 secta
1535 1546 1726 1620 Pythoporea
1733 1545 1921 1602 memorabile

1127 1616 1236 1673 iactum
1244 1633 1307 1672 cuni
1318 1617 1405 1673 laude
1415 1624 1593 1673 recensetur
1598 1636 1607 1684 ,·
1619 1618 1770 1744 superiori
1777 1623 1920 1673 tamenne·

1130 1688 1265 1744 tenditur
1280 1704 1348 1744 esse
1363 1689 1610 1771 postponendam:
1627 1707 1644 1744 ii
1667 1690 1781 1745 i'etiam
1797 1690 1837 1744 de
1854 1689 1921 1744 Dio-

1127 1760 1210 1832 nysii
1231 1760 1263 1815 i'n
1285 1759 1451 1832 spoliandis
1469 1760 1559 1815 idolis
1574 1761 1729 1829 irrisione,
1747 1775 1803 1816 neo
1818 1775 1877 1816 nou
1888 1759 1923 1816 de

1127 1832 1248 1886 deorum
1259 1832 1290 1886 in
1303 1829 1468 1887 tolerandis
1477 1831 1922 1904 illiussacrileqiisinfirmitate

1127 1902 1302 1971 disseritur,
1309 1903 1410 2029 posita
1421 1917 1461 1957 er
1470 1902 1599 1958 adverso
1610 1918 1693 1976 quain
1700 1901 1856 1959 Deusolim
1864 1916 1920 1958 coe·

1126 1974 1170 2046 pit
1184 1973 1221 2029 de
1236 1973 1308 2029 dero
1331 1989 1402 2040 oam,
1422 1989 1529 2029 severa
1545 1974 1664 2029 ultione.

1125 2117 1171 2174 St.
1196 2120 1233 2173 At
1254 2116 1342 2173 etiam
1366 2116 1612 2188 philosophorum
1636 2116 1791 2189 gymnasia
1815 2118 1920 2174 Damo-

1091 2223 1159 2264 nem
1175 2207 1232 2278 (io)
1247 2210 1276 2262 et
1290 2206 1424 2279 Pythiam
1440 2207 1644 2279 Pythagoreos
1660 2205 1919 2278 incoelumierunt,

1091 2313 1217 2369 quorum
1232 2312 1310 2352 unus
1326 2310 1393 2351 oum
1416 2299 1498 2351 esset
1519 2295 1605 2350 morti
1626 2294 1824 2368 adjudicatus,
1840 2312 1918 2351 oom-

1090 2386 1322 2442 mendandorum
1338 2401 1461 2441 suorum
1477 2387 1593 2456 tempus
1608 2386 1760 2456 poposcit:
1779 2389 1919 2456 tirannus

1089 2477 1185 2531 nutem
1201 2474 1415 2544 astutissimus,
1433 2474 1511 2546 quod
1533 2474 1655 2544 reperiri
1676 2490 1735 2530 non
1750 2489 1842 2545 posse
1857 2474 1918 2530 exi-

1089 2565 1232 2636 stimaret,
1248 2563 1352 2635 petivit
1375 2567 1407 2618 ut
1431 2579 1608 2634 sponsorem
1630 2564 1721 2630 daret,
1743 2565 1796 2636 qui
1814 2579 1868 2635 pro
1887 2579 1919 2620 se

1089 2653 1237 2724 feriretur,
1253 2654 1280 2708 si
1303 2652 1367 2724 ipse
1386 2652 1498 2713 iaeeiet
1512 2669 1634 2708 moram.
1654 2651 1729 2718 Quid
1744 2652 1781 2708 de
1803 2653 1919 2709 duobus

1087 2743 1272 2815 praeclaiius,
1298 2742 1411 2798 nescio.
1438 2741 1601 2814 Utrumque
1629 2741 1817 2813 praeclarum.
1840 2741 1919 2797 Alter

1088 2833 1191 2888 mortis
1208 2831 1313 2887 vadem
1327 2831 1447 2901 invenit,
1465 2831 1538 2886 alter
1552 2846 1586 2885 se
1606 2831 1718 2885 obtulit.
1736 2830 1838 2903 ltaque
1852 2832 1918 2886 dum

1088 2937 1158 2977 reus
1173 2937 1285 2976 moram
1300 2920 1445 2992 supplicio
1461 2919 1581 2991 iaceret,
1598 2919 1759 2992 ililejussor
1774 2919 1858 2976 vultu
1874 2933 1918 2975 sa·

1087 3028 1159 3067 reno
1175 3016 1298 3067 mortem
1318 3026 1377 3066 nori
1397 3010 1554 3066 recusavit.
1572 3009 1644 3064 Cum
1666 3009 1833 3080 duceretur,
1850 3008 1917 3064 ami·

1089 3118 1142 3157 cus
1159 3101 1325 3170 revertitur,
1342 3101 1489 3155 cervicem
1505 3098 1667 3168 substituit,
1688 3098 1763 3153 colla
1779 3097 1915 3170 subjecit

1088 3191 1170 3245 Tunc
1193 3189 1354 3244 admiratus
1379 3192 1520 3260 tyrannus
1545 3188 1710 3243 chariorem
1730 3187 1916 3261 pbilosophis

1087 3280 1244 3335 amicitiam
1269 3295 1357 3350 quam
1379 3278 1468 3332 vitam
1489 3276 1605 3347 luisse3
1630 3277 1732 3348 petivit
1751 3281 1783 3332 ut
1800 3276 1867 3349 ipse
1882 3275 1916 3333 ab

1086 3369 1134 3424 bis
1160 3385 1236 3441 quos
1261 3368 1463 3437 damnaverat,
1491 3366 1520 3422 in
1545 3367 1702 3421 amicitiam
1725 3367 1915 3437 reciperetur.

1085 3459 1207 3513 Tantam
1222 3456 1340 3512 virtutis
1356 3472 1425 3512 esse
1441 3456 1565 3528 giutiam
1586 3455 1653 3526 (tl),
1675 3458 1705 3510 ut
1720 3458 1748 3511 et
1762 3458 1916 3527 tyranuum

1085 3548 1249 3603 inclinaret.

193 3679 261 3751 quis
276 3694 322 3733 me
333 3676 420 3732 audet
435 3673 617 3730 excludere?
633 3673 660 3728 si
675 3688 787 3728 moram
803 3672 871 3744 ieci,
888 3673 956 3744 quis
972 3689 1026 3728 au·
1119 3654 1164 3709 35·
1182 3654 1277 3726 ”58¹¹st
1299 3653 1396 3752 lande>
1413 3652 1467 3752 sid
1487 3651 1601 3707 milwffl
1624 3652 1751 3752 nisisi&
1767 3651 1843 3707 Nam
1859 3652 1915 3708 illic

192 3767 241 3822 det
256 3764 517 3821 absolveretl'lus
532 3761 650 3834 legibus
667 3761 772 3832 debeo,
788 3777 839 3816 rea
854 3777 913 3816 non
929 3761 1026 3817 solum
1084 3743 1170 3798 ⁸¹¹¹b0
1185 3744 1259 3813 Villi
1276 3742 1324 3797 ¹¹¹⁰
1340 3758 1396 3796 ΗΜ
1413 3758 1509 3814 V¹¹'802
1526 3757 1592 3813 <11¹oe
1609 3757 1702 3812 Pl¹¹¹¹⁰
1714 3744 1915 3798 0¹¹⁰¹1¹⁸0³¹t¹m

193 3855 273 3927 iugre
283 3870 368 3924 meae,
380 3852 433 3908 sed
444 3851 531 3906 etiam
540 3850 632 3905 caedis
642 3850 757 3905 alienae.
768 3848 925 3906 Sufficiunt
935 3866 1025 3907 mem·
1083 3833 1236 3901 vinceret,
1261 3830 1303 3885 illl
1328 3830 1434 3930 amici,
1449 3830 1517 3886 iSllS
1542 3829 1703 3901 5⁰⁰⁰8¹¹l¹i²
1727 3830 1769 3884 iffi
1792 3833 1915 3902 limum

191 3942 245 3998 hm
270 3941 450 4012 m01·ti,quae
475 3955 534 3995 non
558 3938 747 3994 sufficitibant
773 3937 902 4010 (ψη,
919 3938 972 3995 Est
994 3939 1024 3994 in
1082 3921 1134 3976 uni
1145 3936 1178 3975 se
1193 3919 1372 3990 obtulerunt,
1387 3923 1435 3974 isti
1451 3920 1583 3990 tyrannis
1598 3918 1744 3990 pluribus,
1757 3918 1814 3975 hoo
1831 3922 1915 3976 etiarn

191 4032 308 4105 virgine
324 4029 440 4085 vulneri
455 4028 599 4101 locusqui
610 4043 669 4082 non
679 4029 741 4082 erat
752 4027 946 4083 contumeliae.
959 4027 1024 4100 Ego
1084 4008 1313 4079 eludellffl'lblffii
1329 4008 1408 4080 ‘1¹10d
1424 4008 1473 4062 1¹¹0
1492 4008 1633 4107 pellefflllg
1652 4009 1699 4062 issfi
1723 4008 1913 4064 θθθίἆθῑῦῠῑί

192 4120 386 4192 opprobrium
400 4117 557 4186 declinavi,
575 4131 634 4171 non
656 4116 838 4186 martyrium,
854 4117 920 4171 Tibi
944 4118 1024 4172 0035,
1082 4099 1159 4154 inter
1174 4098 1242 4155 illos
1254 4099 1283 4152 in
1296 4114 1354 4152 uno
1369 4097 1498 4152 obnoxia
1514 4101 1690 4166 necessitas,
1701 4098 1730 4151 in
1748 4097 1796 4152 liis
1811 4098 1914 4154 ambo·

191 4214 317 4279 vestem,
333 4223 391 4263 non
414 4205 633 4278 professionem
657 4205 776 4259 mutavi.
793 4204 877 4271 Quod
901 4205 928 4260 si
952 4206 1024 4262 mihi
1082 4205 1147 4243 rum
1163 4188 1300 4243 voluntas
1315 4187 1417 4242 libera.
1428 4186 1492 4241 Hoc
1504 4201 1621 4257 quoque
1633 4187 1681 4241 isti
1695 4186 1913 4259 prudentiores,

190 4298 329 4371 praeripis
345 4299 478 4366 mortem,
496 4311 554 4350 non
570 4293 784 4364 redemistime,
801 4294 1023 4351 sedcireumve.
1081 4278 1160 4351 quod
1176 4278 1235 4332 illis
1251 4277 1341 4332 studii
1356 4276 1403 4331 sui
1419 4276 1487 4330 linis
1502 4275 1639 4331 amicitiae
1653 4277 1758 4348 gratia,
1778 4276 1847 4333 istis
1862 4293 1914 4333 co·

189 4388 270 4444 nisti.
287 4386 375 4453 Cava,
391 4400 506 4457 quoeso,
523 4399 560 4439 ne
576 4383 748 4450 contendas,
764 4397 836 4439 cava
856 4399 892 4438 na
909 4387 1023 4440 eontra.
1081 4383 1154 4422 rona
1169 4366 1311 4438 martyrii,
1323 4365 1453 4420 illienim
1469 4368 1656 4420 certaverunt
1667 4364 1848 4437 hominihus,
1865 4365 1914 4422 isti

189 4477 289 4533 dicare
307 4475 418 4530 audeas
443 4473 492 4544 (9).
509 4471 577 4528 Noli
602 4472 715 4543 eripere
739 4472 927 4544 beneficium,
944 4474 1022 4545 quod
1037 4454 1065 4517 D
1081 4456 1153 4512 12⁰⁰·

190 4566 309 4621 dedisti.
326 4565 401 4620 Dum
421 4563 494 4618 mihi
518 4561 593 4616 hanc
616 4561 792 4616 senteutiam
815 4576 919 4635 negas,
943 4563 1022 4619 illam
1116 4562 1161 4619 36,
1178 4560 1214 4617 Et
1234 4562 1372 4634 quoniam
1393 4561 1437 4616 rei
1465 4561 1552 4617 istius
1575 4561 1699 4618 iacimus
1722 4563 1911 4632 mentionem,

87 4702 90 4708 ,
188 4655 322 4712 restituis
339 4654 534 4725 superiorem.
551 4651 700 4708 Sententia
715 4651 793 4706 enim
808 4651 953 4707 sententia
968 4669 1022 4708 su·
1080 4655 1368 4726 parestcontexere
1384 4651 1506 4722 quidde
1530 4651 1587 4706 diis
1612 4650 1676 4706 suis
1698 4653 1837 4723 sanserit,
1854 4668 1911 4726 quo

188 4744 305 4814 periore
321 4746 458 4797 mutatur.
476 4740 508 4797 Si
527 4741 676 4812 posterior
693 4756 739 4795 me
759 4756 819 4796 non
838 4744 927 4811 tenet,
943 4745 1023 4798 tenet
1080 4739 1478 4815 magisiniirmosjudicetis,
1491 4757 1567 4813 quos
1578 4741 1700 4796 irrident
1709 4741 1768 4798 sui.
1778 4741 1911 4815 Namque

182 4831 336 4915 superior.
352 4830 519 4886 Possumus
535 4833 658 4903 uterque
670 4830 843 4886 satisfacere
855 4832 1019 4903 sententis,
1079 4829 1106 4886 is
1123 4846 1190 4886 eum
1205 4829 1339 4886 venisset
1353 4829 1383 4884 in
1394 4830 1633 4903 templumiovis,
1645 4831 1910 4890 amictumnureum

224 4974 263 5044 (5)
278 4973 319 5028 lta
336 4989 409 5028 mss.
428 4989 542 5044 omnes,
559 4974 618 5030 uisi
633 4974 711 5046 quod
727 4974 784 5030 duo
800 4973 950 5046 exhibent,
962 4975 1022 5031 ire·
1076 4988 1131 5045 pro
1146 4973 1193 5028 vir
1216 4973 1263 5028 ine
1279 4973 1473 5028 constituerit.

187 5060 310 5101 muare:
335 5046 419 5100 Rom.
444 5061 516 5100 vero
526 5046 594 5101 edit.
618 5049 687 5116 post
702 5061 792 5100 voces
815 5053 844 5099 at
861 5062 917 5102 non
936 5048 1020 5102 vide·
1113 5044 1152 5116 (8)
1208 5061 1251 5099 ss.
1277 5044 1397 5127 aliquot.
1423 5045 1478 5099 sed
1494 5045 1625 5116 praedam
1642 5045 1768 5117 pudoris
1790 5043 1907 5116 expavi.

188 5116 271 5181 bant,
289 5116 353 5170 sola
368 5087 633 5188 subjungitcortie,
645 5119 750 5172 etcum
765 5117 833 5172 aliis
847 5117 1020 5189 particulam
1078 5115 1183 5171 Plures
1198 5132 1269 5171 vero
1281 5116 1331 5171 ubi
1343 5131 1446 5170 omnes
1461 5117 1529 5171 edit.
1546 5132 1613 5171 eum
1632 5116 1736 5186 paucis
1752 5115 1819 5171 aliis
1835 5132 1908 5171 mss.

187 5203 241 5243 ceu
257 5187 382 5242 detrabit
396 5194 463 5242 ante
478 5203 583 5242 vocem
598 5187 667 5259 iiipi.
1076 5195 1176 5243 manet
1192 5203 1297 5258 nexus,
1322 5187 1483 5258 praeierunt
1498 5188 1663 5259 elegantius
1686 5192 1785 5241 manet
1807 5202 1906 5242 serua.

223 5258 261 5328 (6)
278 5259 401 5314 Cervam
424 5259 544 5331 intelige
569 5260 600 5313 in
619 5258 766 5314 sacrillcio
788 5276 842 5331 pro
866 5260 1019 5333 Iphigenia
1105 5259 1151 5328 (9)
1166 5258 1288 5325 Quidam
1305 5275 1379 5313 mss.
1397 5275 1469 5314 cave
1484 5258 1690 5314 contradicere
1701 5258 1846 5312 audiaris.

185 5329 303 5454 viriinJie
315 5332 561 5456 tligasiliiepiniffis
583 5331 664 5456 rggis
679 5330 1018 5458 ,flii⁸I⁸¹I¹PP⁰⁸i.t²¹¹.¹¹²Ad³
1112 5330 1555 5457 (18)Γῑ)ο)ἰοοιιιιιιοοιιιιιιὺριιι·ἰ
1572 5328 1839 5455 ιιίςῖῑυιιιρυάαιίξὲς.
1857 5328 1906 5384 lib.

185 5416 258 5540 tlt,
275 5417 777 5555 diiissiiift„lisltm'ss‘lliilf’
788 5420 898 5477 ''⁹⁶⁰¹‘'
913 5420 945 5458 ¹¹¹
989 5421 1019 5458 ‘¹'
1076 5416 1136 5528 lt„
1151 5417 1530 5555 ,tritt’ttltdt
1548 5415 1758 5555 §fabulet
1788 5419 1795 5555 f
1820 5417 1838 5472 ¹’
1855 5415 1909 5456 ¹¹⁰⁰

220 5544 260 5613 (7)
286 5543 491 5599 Vadimonium
512 5544 630 5628 proprie
646 5548 693 5599 est
712 5546 873 5616 promissio
892 5546 1019 5603 sistendi
1112 5544 1171 5616 (11)
1185 5543 1295 5599 Omnes
1311 5544 1393 5615 adit,
1411 5543 1502 5600 Tanta
1522 5544 1645 5601 virtutis
1656 5549 1702 5600 est
1710 5548 1822 5628 pratia.
1838 5541 1908 5600 Om-

186 5629 220 5670 se
234 5613 271 5670 ad
286 5614 478 5698 constitutum
492 5614 898 5689 diamcoramjudicibus,at
913 5617 1019 5674 dicitur
1076 5630 1131 5674 nes
1159 5630 1245 5683 mss,
1277 5620 1388 5698 teritum
1420 5615 1544 5674 virtutis
1568 5621 1614 5678 est
1634 5619 1772 5692 pretinm,
1803 5613 1909 5691 supple

183 5683 243 5755 iioa
264 5684 330 5746 looo
345 5684 546 5746 vadimonium
560 5686 639 5770 quod
663 5701 696 5748 se
712 5689 800 5768 quasi
812 5689 917 5751 videm
931 5688 1018 5753 miles
1076 5691 1202 5768 constat,
1218 5688 1267 5750 aut
1277 5685 1463 5770 quidsimile.
