3900 6128
877 306 909 370 s.
934 252 1147 374 amensa

120 511 233 567 ximnni
247 523 307 566 non
322 507 417 565 luisse
432 509 648 577 accusatorem,
674 509 727 563 sed
752 509 882 579 parentis
898 508 952 562 do·
969 493 993 553 Α
1011 503 1107 565 tam'en
1124 527 1190 565 cum
1207 511 1294 566 simul
1314 514 1554 583 composuissent
1575 512 1697 585 lingitini

118 601 182 656 lore
197 599 331 655 doluisse
345 598 485 653 invidiam
501 599 598 669 sparsi
610 599 757 666 rumoris3
773 613 839 652 cuin
856 598 903 650 illc
919 614 952 652 se
1011 600 1142 670 ingressi
1160 605 1261 655 essent
1279 602 1365 671 riam,
1391 606 1419 656 et
1443 618 1480 657 nc
1503 603 1572 674 quid
1594 607 1697 671 piimtei

118 689 270 746 inimicum
281 685 952 759 etadversarinmlitigatorem,propositojain
1008 690 1103 758 ,iuni-ti
1120 690 1258 757 blasima,
1276 692 1494 758 coniitantilius,
1512 697 1541 744 ot
1556 692 1628 745 dixit
1642 691 1697 747 Lat

115 778 229 852 jurgio,
246 793 357 851 negare
371 793 431 832 nou
446 777 573 848 potnerit
588 777 734 831 adversus
749 790 864 829 sacram
890 775 951 827 rir-
1010 777 1060 847 qni
1077 778 1157 831 illuni
1174 794 1322 833 rumorem
1339 786 1529 849 sparserant3
1545 783 1641 834 tamen
1656 779 1697 835 ub

118 868 218 941 giuem
237 865 350 938 judicia
373 866 591 922 attentavisse:
616 880 760 935 muroque
785 863 949 934 interjecto,
1011 866 1167 920 astiterunt
1187 867 1312 937 judicio,
1339 884 1404 923 cum
1428 868 1522 939 primo
1543 868 1579 922 dc
1603 870 1697 942 origin

118 956 265 1012 discretas
288 955 370 1010 cades
395 955 501 1009 uxoris
525 970 589 1008 suaa
611 969 645 1007 ac
668 946 806 1025 virginis,
826 953 951 1006 divisam
1010 970 1186 1025 quaererem,
1204 956 1322 1010 diversa
1339 962 1367 1011 et
1381 957 1517 1012 distantia
1527 972 1697 1027 prompsere

118 1043 322 1118 germanitatis
349 1042 426 1098 inter
454 1057 575 1097 sorores
604 1042 796 1111 societatem3
824 1041 949 1112 aliaque,
1011 1060 1111 1098 corum
1128 1047 1265 1114 separati,
1282 1046 1336 1100 scd
1353 1047 1573 1101 mendaciorum
1588 1047 1697 1102 divorti

118 1133 228 1206 quibus
251 1130 366 1187 doloret
387 1131 466 1203 qnod
486 1133 572 1204 virgo
594 1130 650 1199 (tii)
666 1132 696 1186 iu
711 1146 785 1202 agro
799 1129 950 1184 affinitatis
1045 1135 1088 1188 aa.
1105 1134 1177 1187 Curii
1194 1136 1285 1204 igitar
1300 1135 1358 1188 sihi
1374 1136 1431 1205 ipsi
1442 1152 1501 1190 non
1513 1136 1695 1190 conventren

117 1237 182 1279 suae
206 1221 370 1294 refugisset
390 1222 583 1275 consortium.
606 1212 679 1274 770
702 1219 854 1283 Quomodo
877 1234 950 1290 ergo
1010 1222 1084 1275 riam
1102 1227 1130 1275 ei
1145 1221 1232 1276 Leain
1248 1223 1403 1277 vilissimae
1415 1224 1594 1278 conditionis
1605 1229 1633 1278 et
1643 1223 1697 1279 deti

119 1326 180 1369 non
193 1313 360 1379 accusator,
376 1307 763 1380 quialiectnmaccusatcris
776 1307 950 1379 jamdudum
1010 1311 1052 1363 ris
1068 1311 1206 1380 nequitiae
1231 1326 1376 1380 personas
1397 1313 1650 1379 amandavissent,
1674 1328 1698 1367 ai

118 1400 261 1470 exercuit,
284 1399 334 1471 qni
359 1413 497 1454 sermone
521 1413 576 1452 suc
595 1398 814 1452 accusationem
837 1396 948 1466 detulit,
1010 1399 1177 1467 l'licnitnlc,
1203 1414 1262 1452 non
1284 1400 1387 1470 ignara
1409 1400 1569 1471 objiciendi
1595 1401 1656 1455 sibi
1683 1399 1697 1455 i

116 1504 205 1546 aures
228 1493 294 1545 tuns
316 1486 448 1558 implevit
472 1487 611 1554 clamore,
629 1491 657 1540 et
674 1490 766 1541 testes
789 1486 949 1541 auditionis
1009 1490 1086 1559 quod
1102 1494 1169 1542 ante
1184 1488 1292 1542 lectum
1310 1490 1412 1543 Renati
1429 1489 1492 1543 sola
1510 1489 1697 1545 cubitavissci

117 1578 175 1649 (65)
189 1576 320 1646 deduxit,
337 1576 538 1648 cognitionem
554 1575 714 1646 poposcit?
1008 1581 1119 1648 praesto
1135 1581 1216 1631 essct
1231 1578 1297 1646 alia,
1315 1593 1381 1648 quae
1406 1582 1509 1648 stupro
1533 1579 1672 1649 ejusdem
1687 1578 1698 1633 l

153 1666 197 1721 ie.
214 1664 381 1732 Quamlibet
395 1668 818 1736 argumentatus,negcrenon
830 1663 951 1733 potuisti
1008 1667 1119 1720 diceret
1143 1667 1380 1737 coinquinatam3
1402 1667 1449 1721 die
1474 1659 1542 1721 771
1571 1684 1648 1739 ipso,
1669 1684 1697 1740 qi

117 1757 196 1829 qnod
219 1755 257 1809 ad
282 1755 424 1809 lndioicin
447 1754 617 1824 scripseris,
642 1755 781 1824 quoniam
805 1753 952 1806 illeximus
1009 1762 1070 1810 crat
1085 1756 1256 1826 cognitioni,
1274 1755 1485 1810 subtraxerunt
1500 1773 1533 1811 se
1549 1759 1697 1829 episcopor

116 1860 172 1901 seu
197 1844 328 1915 impulsu
350 1843 486 1913 alioruin,
510 1857 565 1898 seu
589 1842 690 1896 dolore
705 1842 824 1912 proprio
840 1840 992 1935 eriinenB
1009 1845 1127 1912 ventui,
1154 1844 1223 1898 lieet
1243 1847 1331 1898 otiam
1353 1845 1447 1913 pridie
1471 1845 1569 1899 subito
1594 1861 1629 1901 sc
1655 1862 1697 1918 pri

116 1947 208 2007 grave
223 1931 371 1988 detulerit.
387 1930 456 1987 Sola
477 1931 542 1986 hacc
567 1931 690 2000 epistola
706 1932 780 1985 satis
795 1935 842 1984 est
856 1931 891 1983 ad
907 1945 953 1982 ac·
1007 1933 1085 1987 idem
1103 1935 1233 1987 lteuatns
1249 1933 1428 1988 clainaverit.

120 2021 284 2079 coactionis
307 2018 528 2089 testimoninm
555 2036 651 2091 neque
676 2020 753 2074 enini
768 2023 795 2073 tc
811 2034 868 2090 ego
893 2018 951 2073 tuis
1042 2021 1086 2076 tl.
1105 2021 1188 2076 Unde
1204 2038 1260 2093 ego
1274 2021 1387 2093 judicio
1403 2022 1576 2094 praescripsi
1596 2022 1687 2093 diem,

117 2111 154 2167 ad
169 2125 216 2167 me
230 2109 308 2166 datis
323 2109 429 2164 litteris
445 2108 611 2181 urgendum
627 2110 737 2179 putavi,
754 2107 807 2163 sed
819 2108 951 2162 iislcetis
1007 2111 1088 2164 nullo
1104 2116 1272 2179 irecnsantc,
1290 2110 1379 2165 nullis
1397 2112 1573 2166 testimoniis
1598 2127 1697 2184 peruri

115 2215 191 2272 quas
206 2199 242 2254 ad
258 2199 405 2273 virginem
420 2198 557 2266 dederas,
574 2197 687 2251 adrcrti
702 2198 853 2251 diversum
870 2212 949 2266 esse,
1007 2201 1154 2254 insinuavi
1172 2204 1282 2254 sanetae
1298 2201 1396 2254 sorori
1419 2202 1497 2273 quod
1520 2204 1640 2272 peteres
1661 2216 1697 2259 ca

116 2289 195 2362 quod
209 2289 246 2344 ad
259 2303 305 2344 me
321 2289 509 2359 scripseras3
525 2290 660 2342 ettamen
672 2286 881 2357 cumspistolic
893 2291 950 2339 tuis
1007 2289 1113 2359 inspici
1139 2294 1168 2342 et
1189 2290 1304 2342 visitari
1329 2294 1517 2343 memoratam
1547 2290 1696 2360 virginem

116 2378 175 2435 sibi
190 2392 250 2433 uon
265 2376 468 2446 convenirent,
480 2376 695 2431 consulendum
706 2381 743 2444 tc,
756 2391 815 2431 non
827 2391 952 2447 arguen-
1007 2382 1108 2431 sanato
1133 2378 1348 2446 inspectionem
1372 2378 1490 2449 quidem
1510 2380 1697 2447 recusarint

115 2466 186 2522 dum
195 2467 306 2538 putavi.
319 2465 394 2531 Quid
410 2466 500 2537 igitur
513 2466 572 2520 sibi
587 2465 649 2519 vult
662 2464 711 2518 illa
722 2467 948 2536 argumentatio,
1006 2469 1136 2521 monium
1161 2484 1220 2521 non
1245 2467 1412 2534 declinavit,
1430 2467 1532 2520 dicens
1548 2468 1622 2520 nihil
1637 2467 1696 2523 sai

116 2555 185 2628 qnia
207 2554 280 2611 illud
304 2555 451 2624 detulerit,
468 2555 546 2625 quod
562 2555 598 2609 ad
615 2571 659 2608 mc
676 2555 853 2623 scripseras,
871 2554 949 2607 dela·
1005 2556 1279 2626 cciiiprehendisse,
1296 2572 1352 2608 nisi
1366 2557 1443 2626 qnod
1455 2562 1537 2610 esset
1549 2556 1697 2627 virginalia

114 2648 176 2701 tam
190 2643 328 2699 videlicet
342 2659 406 2698 eain
432 2643 462 2697 in
484 2643 560 2713 turpi
584 2643 717 2712 crimine,
742 2649 780 2697 ita
795 2648 826 2697 ut
840 2644 949 2697 editum
1004 2649 1032 2700 et
1047 2646 1211 2698 sanctitatis
1228 2660 1234 2697 2
1252 2645 1403 2698 habitasse
1419 2660 1481 2698 eain
1501 2646 1604 2699 ltoniae
1620 2647 1650 2698 in
1666 2644 1697 2700 dt

114 2736 144 2789 et
158 2733 296 2790 obrutum
311 2738 426 2804 pai-tum
441 2732 500 2787 dici
515 2734 655 2786 asserat?
677 2733 766 2797 Quasi
783 2747 854 2786 vcro
870 2732 948 2786 istud
1004 2739 1059 2803 tio,
1076 2736 1163 2788 nobis
1179 2735 1364 2801 absentibus,
1381 2734 1453 2787 nulli
1468 2750 1532 2787 eain
1548 2749 1582 2789 sc
1600 2735 1697 2790 vitiari

113 2822 151 2878 nd
167 2822 317 2891 indiciam,
333 2836 392 2877 non
409 2822 446 2876 ad
461 2837 508 2876 me
524 2824 696 2891 scripseris.
719 2821 770 2875 llla
793 2821 843 2875 ubi
863 2822 948 2874 andi·
1004 2823 1120 2877 iiiiiitnti
1136 2824 1257 2877 dedisse
1273 2824 1338 2891 (ϋῖ),
1356 2828 1455 2893 optare
1472 2839 1538 2876 enni
1558 2839 1594 2877 ea
1610 2823 1697 2878 sibia

113 2912 156 2967 vit
169 2911 275 2967 litteris
291 2913 350 2966 tuis
368 2911 526 2966 tissimum
542 2911 670 2966 subduci
691 2911 883 2981 accusationi,
900 2910 948 2964 lit·
1004 2912 1077 2966 lesu
1093 2916 1203 2980 partein
1221 2913 1369 2965 reservari
1386 2913 1415 2964 iii
1431 2928 1524 2983 reguo
1541 2912 1605 2967 liei.

113 3004 193 3056 teras
216 3002 284 3056 tuas
306 3000 439 3071 protulit,
462 3000 573 3072 quihus
596 3017 662 3055 enm
688 3000 822 3056 criminis
838 3000 947 3054 delato·
1038 3002 1083 3054 id.
1101 3002 1255 3054 Paternum
1269 3017 1386 3072 quoquc
1402 3001 1697 3057 tiliaiiinostraiiiinti

112 3089 327 3162 comprobavit
344 3105 350 3143 :
375 3089 412 3144 ed
433 3105 479 3145 mc
494 3089 577 3144 datas
592 3106 652 3145 non
669 3091 789 3161 legeint,
807 3104 862 3145 iaec
877 3089 948 3160 quid
1004 3091 1081 3160 qnod
1099 3091 1135 3143 ab
1151 3107 1184 3144 ca
1200 3106 1349 3161 nunquam
1365 3091 1459 3145 soleat
1475 3091 1641 3159 discedere,
1661 3106 1697 3147 cu

114 3178 267 3249 baberent,
284 3179 408 3235 sciebat.
1004 3184 1076 3233 ritas
1094 3181 1159 3234 vitea
1176 3181 1267 3249 huius
1283 3181 1482 3233 testiinonium
1498 3184 1554 3234 est.
1572 3180 1697 3251 ltaquet

149 3268 192 3324 in.
219 3268 300 3341 Ergo
325 3272 424 3323 autem
446 3268 587 3323 exhorrui
611 3285 626 3322 a
649 3268 744 3338 prinio
760 3268 944 3337 columniam,
1003 3274 1129 3340 inparata
1146 3270 1265 3336 diceret,
1283 3270 1351 3322 lidei
1366 3270 1697 3325 sneianiontcconteien

112 3357 182 3431 qnia
196 3357 386 3413 advertebam
402 3373 461 3414 uon
478 3357 589 3412 crimen
600 3358 721 3426 intendi,
738 3358 793 3412 sed
807 3358 946 3429 injuriam
1003 3368 1065 3427 ret3
1081 3361 1138 3412 sub
1154 3359 1349 3412 obtestatione
1366 3363 1462 3412 tamen
1477 3359 1616 3428 professa
1641 3362 1689 3413 est

111 3445 240 3520 virginis
255 3446 430 3516 desiderari,
447 3446 535 3518 onius
550 3447 695 3517 inspectio
711 3451 739 3501 ct
755 3447 882 3501 visitatio
898 3462 946 3516 po-
1003 3450 1136 3503 criiiiinis
1152 3465 1210 3520 qno
1225 3448 1425 3517 appetebatur,
1438 3464 1492 3502 nec
1503 3447 1697 3519 quidquamin

113 3537 289 3608 stulcbatur,
299 3553 358 3593 non
368 3537 488 3609 aliquod
496 3538 641 3610 lingitinm
658 3538 855 3592 deferebatur.
873 3538 945 3602 Quis
1003 3555 1036 3593 se
1051 3540 1137 3592 licum
1153 3554 1276 3591 vacuum
1294 3538 1540 3591 coiiveisationis.

112 3629 191 3684 enim
205 3627 286 3683 istud
300 3643 318 3682 a
333 3627 479 3698 principio
498 3627 601 3682 fraudo
626 3629 820 3697 compositum
836 3644 945 3697 nequa·
1038 3629 1081 3682 aa.
1099 3629 1250 3682 hiitriooni
1265 3643 1381 3697 quoqne
1397 3626 1498 3680 liberae
1514 3626 1695 3683 conditionis

111 3732 200 3790 quain
210 3717 270 3772 sibi
281 3731 447 3788 congruere
457 3719 486 3770 et
496 3717 656 3771 convenire
667 3734 725 3771 uon
734 3717 945 3771 arbitraretur?
1002 3717 1150 3789 gerimus,
1168 3717 1215 3769 rui
1226 3722 1269 3770 est
1281 3723 1376 3768 statiis
1388 3716 1615 3786 haudquaquam
1627 3717 1697 3789 dege

110 3805 288 3861 Cucurrisso
304 3807 443 3861 mulieres
458 3805 534 3859 viles
549 3807 586 3860 ad
597 3807 882 3876 inonasterinuittiti),
895 3806 945 3876 Ja-
1002 3809 1072 3860 vitio
1089 3807 1237 3860 obnoxias
1253 3808 1415 3859 immistam
1433 3822 1502 3859 vera
1518 3807 1628 3860 latendi
1648 3807 1697 3861 dai

112 3896 212 3948 ctasse
228 3896 343 3963 partum
358 3893 495 3965 virginis,
512 3896 541 3948 ct
554 3909 657 3948 neceni
671 3897 818 3966 pignoris,
834 3898 870 3951 de
881 3911 944 3949 ine-
1002 3899 1055 3951 des
1071 3902 1157 3965 atque
1172 3900 1245 3948 intas
1260 3896 1295 3947 ud
1314 3896 1464 3948 vei-itatem
1478 3896 1697 3964 astipularetur,

112 3981 242 4038 nestorio
266 3996 415 4038 rumorem
436 3998 489 4052 pei·
513 3983 639 4051 populos
652 3999 802 4053 sparsum,
819 4002 944 4059 cunique
1002 3989 1080 4041 cinni
1103 3991 1227 4038 nuti-icis
1251 3984 1286 4037 ad
1307 3987 1506 4055 coguitionem
1522 3986 1642 4039 secreti.
1659 3984 1697 4039 Ει

111 4070 267 4127 attinuisse
282 4071 312 4126 in
326 4086 415 4127 aures
430 4072 498 4126 novi
514 4071 613 4125 ultinis
624 4072 753 4141 llariuii,
765 4074 802 4128 ab
817 4077 882 4144 ipso
898 4080 945 4131 iii·

109 4159 296 4232 terpellatum
309 4161 493 4231 episcopum,
511 4160 651 4215 dimissas
668 4177 719 4216 cas
739 4178 805 4233 quea
830 4166 944 4221 dixisse

109 4251 291 4317 terebantur,
307 4254 394 4322 atquc
417 4250 447 4304 in
468 4249 569 4322 lugani
590 4255 719 4321 coactas,
745 4256 775 4307 nt
796 4256 873 4324 apud
888 4272 944 4311 nos

109 4340 203 4414 patuit
217 4360 226 4395 :
239 4356 294 4396 ecs
309 4341 360 4413 qui
374 4339 497 4395 audisso
512 4354 545 4394 se
561 4340 703 4412 dicerent,
724 4343 761 4397 ad
777 4343 942 4399 Ecclesiam

109 4434 232 4488 vocatos
247 4430 385 4502 prodisse
401 4430 545 4484 llenaturn
559 4435 586 4484 ct
603 4416 859 4503 Leontiuni,'ducs
875 4435 943 4489 illos

1001 4077 1074 4132 nihil
1090 4092 1124 4130 sc
1140 4077 1312 4131 indecorum
1328 4076 1451 4143 vidisse,
1468 4075 1539 4127 iiiliil
1551 4075 1609 4128 sibi
1621 4089 1696 4146 quaa

1001 4162 1696 4237 commissumuvirgiiicnliquadignuinrcpreb

1035 4257 1079 4310 ⁹24.
1096 4256 1149 4309 llis
1162 4256 1241 4324 niati,
1259 4255 1398 4308 liiiliciani
1417 4254 1554 4308 iiiollcnsi
1571 4255 1697 4326 virginei

1000 4344 1042 4399 ris
1058 4345 1313 4415 pronuntiavimus
1327 4359 1334 4413 3
1357 4344 1516 4398 linxiiiiniii
1531 4348 1630 4398 anteiri
1643 4342 1697 4398 etl

1000 4439 1028 4488 ct
1043 4435 1198 4489 lieentiniii
1223 4436 1260 4488 ita
1284 4433 1407 4488 inuoluit
1430 4434 1586 4502 sententia,
1604 4438 1636 4489 ut
1650 4432 1696 4488 nia

107 4520 276 4592 iniquitatis·
287 4519 380 4589 viros,
398 4534 474 4591 quos
490 4521 628 4590 apposuit
643 4520 762 4576 lezabel
787 4523 844 4591 (hl
866 4524 941 4595 ltep.
999 4524 1320 4593 erroremeinendaret,
1333 4539 1404 4593 spes
1415 4523 1527 4577 reditus
1538 4531 1697 4578 reseiaorai

109 4626 171 4679 xxi,
184 4609 240 4680 10),
254 4608 406 4680 redarguit
425 4607 526 4664 Daniel
542 4609 627 4679 (llari.
644 4627 707 4679 xiii,
726 4610 780 4682 19),
798 4593 981 4667 euboico-n
999 4618 1085 4667 natus
1101 4618 1198 4668 autern
1213 4619 1240 4666 et
1252 4613 1393 4667 Leontius
1406 4613 1654 4667 excommunicati
1667 4626 1697 4667 iu

109 4697 152 4751 vit
167 4698 336 4753 ludaeorum
353 4697 479 4769 populns
494 4703 525 4752 ut
539 4702 689 4754 auctorem
705 4702 772 4755 vitae
787 4718 849 4756 suae
866 4702 941 4757 laiso
999 4704 1058 4758 iiisi
1084 4704 1158 4756 lui-te
1183 4703 1304 4772 probata
1329 4703 1374 4756 sni
1399 4703 1579 4772 paenitentia,
1603 4709 1632 4757 et
1655 4701 1697 4771 hu

109 4790 279 4857 appeterent
303 4787 471 4843 testimonio
496 4789 615 4858 (Metili.
636 4807 718 4861 xxvi,
740 4792 784 4857 aa,
809 4791 865 4859 titt).
886 4793 942 4856 Qui
999 4795 1135 4849 diuturna
1152 4794 1362 4863 deploratione,
1375 4793 1483 4863 dignos
1495 4807 1529 4846 se
1539 4792 1697 4862 praeberent

130 4999 199 5084 iffi)
215 4999 324 5055 Omnes
340 5001 420 5072 ecit,
440 5024 450 5051 a
468 5002 593 5074 aliaque,
611 5005 684 5074 proh
701 5004 800 5062 dolori
818 5012 845 5061 et
861 5010 939 5079 quod

106 5087 234 5200 Emi&-
251 5078 324 5142 etc,
340 5089 414 5128 ines.
431 5090 447 5129 e
463 5079 610 5131 contrario
626 5079 662 5131 nit
679 5094 769 5133 unuin
784 5081 940 5136 nobiscnm

144 5217 201 5287 (db)
218 5239 229 5264 v
246 5216 351 5273 Testes
367 5218 550 5274 auditionis»
577 5219 595 5274 ii
613 5225 682 5275 sunt
696 5224 746 5293 qui
763 5240 824 5279 rein
840 5225 939 5278 andita

108 5288 207 5370 solum
220 5292 249 5344 et
264 5303 318 5344 rex
331 5306 450 5345 ruuiere
460 5296 621 5362 acceptam,
634 5301 799 5350 nciiaateni
812 5299 939 5366 propriis

106 5361 423 5488 Iaffilascarrigis'pcctaiu
452 5371 643 5435 asseverant3
673 5383 739 5420 runi
768 5373 875 5437 tunicii,
912 5371 941 5422 ut

137 5558 225 5609 Pluris
240 5559 276 5608 sit
290 5558 410 5609 oculatus
423 5560 500 5608 testis
513 5574 592 5617 unus,
609 5573 687 5621 quain
700 5563 777 5612 auriti
792 5564 881 5615 deceni
895 5582 900 5614 :

137 5622 187 5681 Qui
201 5621 321 5683 audiunt,
337 5623 424 5671 andita
442 5622 532 5670 dicunt
550 5638 555 5670 :
572 5624 617 5684 qni
632 5624 721 5681 vident
733 5628 809 5689 plane
825 5630 922 5682 sciunt.

144 5736 201 5813 (dc)
215 5738 246 5796 Si
262 5738 472 5797 mestorium
493 5739 550 5797 hae
569 5740 695 5801 Veronae
714 5745 878 5804 institutum
894 5749 940 5805 tc·

999 5013 1142 5066 minarum
1170 5013 1240 5074 erat,
1264 5009 1341 5079 qnod
1365 5009 1490 5063 inarime
1513 5008 1630 5063 ridetur
1656 5021 1697 5063 vai

998 5085 1064 5137 inili·
1081 5099 1248 5152 eiigiioseas
1261 5083 1318 5133 iilic
1335 5097 1350 5133 e
1367 5078 1697 5135 saiwtiiiioniahhnsalii

998 5173 1066 5225 quau
1082 5172 1108 5206 in
1126 5155 1271 5206 eoinmiioi
1298 5153 1477 5221 parthenone
1497 5156 1650 5223 degerent,
1673 5150 1697 5205 al

998 5246 1028 5279 iii
1045 5244 1108 5278 aitis
1123 5232 1172 5277 aut
1188 5229 1338 5292 piriciitnni
1355 5227 1490 5288 renititis,
1508 5228 1694 5292 {ciriathaim

999 5300 1041 5350 cin
1060 5299 1241 5350 liabitnvir-sc
1266 5297 1375 5364 laniato
1399 5313 1435 5348 ux
1460 5297 1559 5348 inullis
1584 5298 1697 5365 littjusi

998 5371 1072 5423 loris
1096 5370 1277 5437 intelligitur.
1304 5369 1360 5419 n'ed
1387 5367 1463 5419 iilein
1491 5368 1684 5421 obser-rotam

997 5441 1063 5494 aliis
1080 5441 1164 5509 locis,
1183 5442 1220 5492 nti
1239 5456 1297 5492 non
1313 5440 1402 5491 siunai
1420 5444 1487 5492 ante
1501 5438 1691 5510 designatum

1033 5531 1088 5598 idi)
1107 5530 1190 5583 liras.
1209 5535 1237 5581 ct
1252 5544 1315 5597 seq.
1332 5529 1412 5593 edit,
1441 5548 1452 5576 i
1471 5542 1505 5581 se
1530 5525 1697 5582 rii-ommia

997 5604 1056 5656 tati.
1076 5624 1087 5648 i
1113 5603 1227 5670 Optimo
1244 5616 1346 5653 sensu.
1365 5599 1472 5653 l'eruin
1488 5614 1555 5653 cuin
1571 5614 1626 5654 nec
1641 5612 1697 5655 san

996 5675 1085 5729 tionis
1102 5688 1176 5727 niss.
1199 5677 1229 5727 et
1251 5671 1371 5726 amerb.
1393 5671 1546 5727 absurdus
1564 5671 1697 5729 videatur

995 5762 1061 5804 rum
1076 5759 1226 5805 consensu
1242 5744 1382 5804 recedere
1396 5742 1503 5825 religio
1518 5746 1575 5803 eet,
