3900 6128
107 269 168 345 359

828 282 862 350 S.
885 284 1106 353 anabusn.
1182 322 1188 327 ·

108 482 159 549 bit,
177 481 203 535 si
225 481 310 536 vobis
340 481 425 536 labor
448 485 550 538 noster
571 482 741 554 profecerit.
768 485 940 541 Proximum
952 472 1094 541 A'nitalis
1110 488 1139 542 in
1154 489 1241 543 vobis
1258 491 1343 563 origo
1359 493 1499 565 signarit.
1517 495 1611 550 Nemo
1636 496 1743 552 autera

108 570 216 640 putabo
231 575 353 625 matrem
370 587 439 627 esse
462 571 622 643 virginum,
639 589 673 627 ac
690 574 716 627 si
741 575 940 646 virginitatem

107 662 248 713 tenerem.
275 659 477 727 Considerate,
501 661 563 730 tilii,
581 677 667 732 quam
689 662 747 716 sibi
769 665 892 719 veniens
909 665 939 717 in

108 747 165 802 hos
181 750 276 802 terras
293 747 436 802 Dominus
451 749 552 813 lesus,
569 753 691 805 matrem
708 751 840 823 clegerit.
852 752 938 807 Salu-

107 840 165 890 tem
175 835 284 890 mundo
296 834 419 891 daturus
430 851 483 906 per
497 837 645 909 virginem
654 839 744 909 venit,
763 843 791 895 et
805 841 938 895 mulieris

108 926 210 997 lapsus
225 928 308 994 partu
334 925 462 997 virginis
477 926 584 982 solvit:
607 930 706 982 restra
722 944 839 1001 qnoque
863 929 939 984 inte-

107 1014 200 1085 gritas
216 1029 299 1069 meos
314 1013 409 1069 solvat
424 1031 552 1071 errores.

142 1102 187 1157 ei.
200 1101 276 1167 Quid
285 1103 355 1158 boni
379 1104 418 1158 sit
434 1105 589 1177 virginitas
605 1106 802 1162 considerate.
813 1107 941 1163 Destitu-

107 1195 166 1246 tam
196 1207 243 1246 me
258 1207 327 1248 esse
352 1197 530 1264 certumcst,
556 1195 697 1265 praesidio
713 1211 818 1267 egere:
845 1197 898 1251 sed
914 1198 942 1251 si

107 1280 263 1337 volueritis
291 1281 336 1336 sie
365 1293 495 1352 manere,
525 1284 637 1340 nullius
667 1299 753 1354 opem
780 1286 940 1356 requiram,

107 1367 269 1425 abundabit
279 1370 349 1425 mihi
361 1370 397 1424 ad
416 1385 533 1426 omnem
543 1373 745 1444 opitulantiam
766 1374 941 1443 (trimestres

107 1457 286 1530 integritatis
315 1473 435 1515 corona.
461 1459 534 1524 Quis
563 1476 684 1516 menon
708 1461 786 1516 dicet
813 1463 939 1533 beatam,

108 1546 195 1619 quam
210 1563 289 1602 nunc
312 1548 451 1603 miseram
467 1552 593 1619 putant?
614 1550 757 1621 quianon
782 1550 941 1606 honorabit

107 1642 149 1695 tot
171 1638 321 1708 virginum
338 1642 458 1691 matrem
469 1641 483 1692 *l
512 1639 579 1710 quis
595 1655 654 1694 non
683 1639 873 1695 venerabitur
888 1656 941 1695 au·

107 1729 164 1784 lam
180 1727 327 1798 pudoris?

436 1833 562 1888 CAPUT
580 1835 613 1888 V.

114 1964 289 2038 Virpinibus
299 1965 330 2018 in
343 1970 465 2036 utroque
475 1964 591 2020 laedere
598 1965 725 2037 palmam
733 1964 860 2036 publicae
868 1965 942 2020 salu·

146 2039 195 2107 tis,
213 2035 398 2101 attributam,
418 2037 576 2107 rariusque
585 2038 779 2108 mysticarum
795 2037 941 2109 virginum

144 2109 248 2163 laudes
263 2107 451 2161 celebratas:
468 2108 595 2178 itemque
612 2109 796 2178 ilesiqnatam
813 2108 894 2162 horti
909 2125 942 2162 ac

148 2181 241 2234 vineae
255 2178 350 2250 lipara
384 2179 596 2249 rirpinitatcm,
610 2195 666 2233 non
679 2194 766 2233 secus
788 2178 941 2234 acolerum

145 2249 310 2323 tppocom'u
333 2249 411 2311 ium,·
428 2249 504 2303 unde
515 2248 592 2303 lilios
610 2250 756 2319 admouet,
770 2256 800 2303 ut
817 2251 943 2323 reiectis

144 2322 248 2378 Aclralr
257 2327 287 2375 et
297 2265 421 2374 lentot
431 2318 648 2391 spiritualibus,
665 2336 765 2375 rernm
782 2320 863 2375 illum
877 2322 942 2377 lila-

144 2395 215 2450 botlr
227 2391 442 2462 amplectuntur
448 2407 504 2462 pro
516 2391 602 2445 nobis
619 2398 785 2446 accusatum
796 2399 882 2464 atquc
893 2408 942 2447 oc-

145 2467 247 2520 cisum.
267 2462 461 2527 Quamobrem
482 2463 602 2516 venisse
614 2463 778 2533 praedictus
793 2464 834 2516 sit
854 2479 944 2534 super

145 2533 365 2597 nubomlcrem,
385 2539 415 2586 et
435 2534 584 2587 curetiam
601 2540 726 2588 matrem
745 2550 825 2587 suam
837 2534 944 2590 loanni

146 2604 407 2662 eornmendarcrit.
426 2603 572 2668 Quomodo
588 2605 814 2676 tantemlriequi
823 2612 852 2659 ut
862 2622 943 2678 mys·

147 2678 223 2732 ticus
239 2675 313 2729 Lori
328 2674 406 2728 nilril
418 2674 557 2743 habebat,
575 2673 687 2746 lopitur
709 2691 772 2730 eam
788 2678 942 2748 accepisse

146 2749 177 2803 ln
193 2747 271 2803 sua?

146 2872 190 2927 28.
216 2869 323 2925 Multas
345 2868 471 2924 feminus
496 2868 646 2939 Scriptura
671 2870 770 2926 divina
791 2872 822 2927 in
846 2873 943 2928 lucem

112 2960 219 3031 evexit,
231 2959 462 3030 palmnmtamen
474 2959 600 3029 publium
611 2959 717 3014 salutis
729 2960 803 3016 solis
820 2960 943 3033 virgini-

111 3051 170 3107 bus
180 3049 268 3104 dedit.
278 3048 311 3102 ln
324 3048 423 3103 Veteri
431 3048 619 3102 Testamento
637 3051 715 3104 terra
726 3065 760 3103 ac
777 3049 850 3105 mari
860 3051 944 3105 clau·

112 3155 179 3197 sum
194 3137 390 3192 Hebraeorum
404 3136 545 3207 populum
569 3137 654 3209 virgo
670 3153 723 3207 per
739 3138 830 3192 marie
851 3139 943 3209 pedes

112 3228 195 3284 duxit
203 3225 311 3297 (Exod.
324 3242 373 3295 xv,
385 3224 445 3293 aot:
459 3225 489 3279 in
499 3224 662 3297 Evangelio
673 3229 823 3280 auctorem
842 3227 944 3281 mundi
963 3215 988 3278 C
1002 3195 1073 3262 Μ’
1099 3194 1189 3251 ”²¹¹¹ss

112 3322 141 3373 et
154 3316 370 3386 redemptorem
381 3313 466 3385 virgo
477 3315 631 3386 generavit
648 3314 729 3385 (Luc.
741 3332 760 3384 1,
782 3311 943 3387 38).,Virgo

112 3409 159 3461 ast
187 3402 332 3474 Ecclesia,
348 3399 442 3475 'quam
470 3403 582 3458 studuit
609 3403 770 3474 Apostolus
797 3403 944 3477 virginem

114 3496 224 3548 castam
239 3492 395 3564 assignare
410 3489 528 3546 Christo
545 3491 588 3562 (ll
596 3490 664 3545 Cor.
677 3508 716 3558 xr,
729 3492 756 3562 2)
774 3507 779 3546 :
796 3492 881 3566 virgo
898 3496 944 3547 est

113 3582 172 3637 lilio
182 3582 253 3637 Sion
264 3580 333 3652 (lsa.
355 3597 468 3650 xxxvii,
478 3577 539 3651 ll);
561 3582 645 3652 virgo
657 3583 703 3635 est
711 3580 816 3635 civitas
827 3580 875 3635 illa
892 3581 943 3635 Je-

114 3672 243 3730 rusalem
255 3661 329 3727 285
345 3686 411 3741 quae
429 3670 459 3722 in
479 3668 554 3725 coelo
565 3671 621 3738 est,
635 3669 760 3740 inquam
772 3668 844 3723 nihil
859 3685 941 3724 com-

997 593 1051 630 mea
1062 582 1171 632 vestrm
1183 580 1308 649 vineam,
1322 585 1349 635 et
1358 583 1426 636 vitia
1446 584 1525 638 olera
1541 588 1631 638 serat.
1645 586 1739 641 Vinea

996 665 1235 736 quidamst-actus
1243 670 1399 741 virginatis
1407 675 1466 726 est:
1478 672 1743 745 conjugiavolutol

995 754 1138 824 plantaria
1154 759 1232 821 sunt,
1246 758 1276 811 in
1293 759 1403 829 quibus
1414 760 1556 832 frequens
1576 763 1645 834 gelu
1656 764 1703 818 est
1713 762 1743 832 (ἓ

996 843 1062 897 idco
1079 845 1156 899 sieut
1172 845 1251 900 olera
1268 846 1427 903 herbarum
1443 851 1500 905 cito
1523 851 1634 906 cadunt
1647 855 1738 924 atque

997 935 1129 1002 cescunt,
1146 933 1204 988 nisi
1219 934 1307 988 finem
1322 936 1452 1007 imponat
1476 942 1628 1010 senectus,
1645 940 1743 997 autad

997 1020 1105 1075 tectum
1120 1023 1225 1076 evehat
1241 1025 1430 1080 continentia.

1031 1127 1075 1183 30.
1088 1128 1343 1203 Nonveniutergo
1357 1133 1387 1187 in
1400 1148 1454 1188 vos
1471 1134 1584 1204 Achab,
1601 1138 1653 1207 qui
1669 1152 1743 1192 cono

997 1221 1043 1271 cat
1053 1219 1169 1272 vineam
1181 1224 1311 1274 vestram
1323 1220 1423 1277 delere
1439 1225 1467 1277 et
1477 1225 1672 1296 exstinguere
1684 1246 1693 1280 :
1708 1240 1743 1282 ne

997 1306 1057 1359 niat
1071 1307 1101 1360 in
1115 1306 1202 1361 vobis
1217 1308 1346 1380 decubet,
1363 1327 1473 1365 uanum
1487 1311 1558 1369 illud
1574 1316 1603 1368 et
1612 1315 1744 1370 saecular

997 1395 1136 1464 liuvium3
1160 1395 1215 1450 hue
1231 1397 1308 1450 enim
1331 1399 1518 1470 significatur
1532 1402 1688 1473 vocabulo,
1714 1419 1743 1459 vi

997 1498 1090 1538 vacua
1101 1487 1129 1538 et
1139 1484 1331 1540 redundantia
1343 1503 1348 1541 :
1365 1503 1420 1543 nec
1431 1490 1529 1544 veniat
1538 1490 1675 1546 Nabuthe
1690 1490 1743 1562 (lli

998 1589 1060 1626 xxi.
1077 1572 1089 1625 t
1106 1576 1184 1643 seq.)
1199 1575 1249 1644 qui
1264 1577 1345 1629 venit
1359 1592 1375 1630 n
1390 1580 1482 1648 patre,
1493 1580 1571 1633 sicut
1581 1581 1692 1634 indicat
1704 1596 1743 1637 no

998 1660 1095 1731 ipsius
1109 1661 1319 1733 interpretatio,
1337 1666 1387 1735 qui
1402 1667 1520 1721 vineam
1536 1669 1684 1740 sanguine
1695 1668 1743 1725 det

999 1765 1066 1819 suo,
1082 1752 1111 1804 et
1134 1766 1187 1821 pro
1203 1766 1237 1805 ea
1258 1756 1383 1808 mortem
1403 1770 1488 1809 suam
1511 1755 1623 1811 atterat.
1643 1758 1699 1813 ilic
1723 1773 1743 1814 e

958 1839 1212 1912 Blapidntuspro
1235 1840 1322 1896 nobis
1349 1846 1405 1913 est,
1430 1860 1484 1915 pro
1499 1845 1586 1900 nobis
1616 1851 1743 1903 mortum

998 1928 1085 1983 nobis
1103 1928 1188 1982 salsis
1204 1930 1350 1999 appetitus
1366 1933 1560 1988 testimoniis:
1579 1936 1630 2006 qui
1649 1952 1743 2008 paupe

997 2019 1078 2071 venit
1092 2014 1159 2087 (Ἦ),
1177 2034 1243 2072 cum
1259 2019 1342 2075 dives
1359 2024 1450 2091 esset,
1468 2024 1497 2077 ut
1513 2038 1568 2078 nos
1590 2024 1657 2095 ejus
1673 2026 1743 2097 inop

998 2106 1186 2176 taremursll
1200 2107 1267 2162 Cor.
1292 2125 1354 2178 vm,
1380 2109 1418 2180 9).
1438 2110 1492 2165 Hic
1517 2117 1561 2166 est
1589 2114 1668 2183 vitis,
1695 2130 1743 2186 qut

1000 2195 1199 2251 dundantibus
1215 2197 1317 2268 gratim
1332 2214 1396 2252 suae
1412 2198 1558 2255 fructibus
1574 2203 1743 2272 replenitur

1001 2300 1068 2339 sum
1084 2285 1186 2340 orbem
1212 2289 1366 2342 terrarum.
1393 2287 1449 2342 ilic
1476 2289 1505 2343 in
1528 2291 1638 2346 vestris
1661 2295 1743 2362 pecti

999 2373 1057 2426 atta
1078 2375 1332 2434 maneatdetixus
1357 2376 1467 2443 radice,
1493 2381 1523 2432 ut
1548 2382 1576 2434 et
1596 2379 1716 2437 tructus
1737 2398 1743 2413 ¹

1000 2465 1169 2532 exsuperet,
1183 2467 1211 2517 et
1225 2464 1339 2535 liquore
1354 2467 1458 2537 gratim
1471 2469 1614 2538 spiritatis
1630 2484 1743 2541 corpor

1000 2551 1082 2621 poris
1097 2551 1234 2606 incendia
1249 2556 1458 2624 temperentur.

1035 2657 1265 2730 at.}1icestqut
1283 2661 1363 2716 venit
1384 2663 1414 2716 in
1428 2664 1508 2718 nube
1519 2663 1587 2735 lavi,
1601 2666 1681 2721 sicut
1692 2666 1743 2723 dix

999 2745 1100 2815 pheta:
1111 2747 1192 2802 Ecce
1202 2748 1343 2804 Dominus
1355 2752 1441 2806 sedet
1458 2769 1549 2825 super
1564 2754 1672 2810 nubem
1688 2755 1742 2812 lev

1004 2836 1459 2911 venietinAEpyptnm(lsa.x1x,
1469 2842 1512 2912 l);
1527 2843 1743 2918 significansqi

1000 2924 1281 2997 AEgyptum,1dest,
1294 2929 1323 2982 in
1334 2928 1523 2985 afflictionem
1534 2934 1633 2987 mundi
1645 2933 1743 3006 hujus

1001 3016 1045 3067 ret
1069 3029 1160 3085 super
1184 3015 1331 3088 virginem
1360 3016 1426 3089 (28).
1451 3019 1567 3075 Nubem
1591 3022 1691 3093 itaque
1715 3022 1743 3089 bi

1001 3102 1084 3172 dixit,
1115 3104 1184 3174 quia
1211 3121 1330 3161 curnem
1360 3109 1502 3179 gerebat;
1531 3109 1637 3179 levem,
1655 3111 1728 3182 quia

1214 3195 1355 3249 oneribus
1380 3200 1502 3268 gravata
1527 3198 1673 3270 conjugii.
1699 3198 1743 3273 lpr

1000 3282 1085 3354 virga
1100 3283 1271 3354 germinans
1287 3285 1389 3339 liorem
1413 3286 1512 3356 qit'nm.
1529 3305 1600 3358 xvir,
1616 3288 1656 3359 8),
1679 3291 1743 3362 quit

1001 3375 1030 3426 et
1059 3372 1095 3425 ad
1116 3372 1273 3427 Dominum
1302 3373 1396 3430 libero
1420 3377 1509 3432 corde
1534 3377 1646 3432 directa
1667 3380 1743 3453 virgi

1001 3476 1068 3531 quae
1083 3460 1173 3515 nullis
1188 3461 1219 3519 in
1234 3462 1290 3517 hoo
1303 3464 1414 3519 sacculo
1429 3481 1567 3520 curarum
1590 3466 1743 3524 aufractib*

1001 3549 1138 3604 lieetitur.

1037 3657 1081 3711 32.
1098 3655 1167 3712 Ideo
1182 3657 1261 3712 illam
1283 3658 1427 3716 Dominus
1452 3662 1487 3717 de
1504 3678 1592 3718 cruce
1616 3662 1743 3737 discipul

113 3778 200 3818 mune
225 3762 312 3816 intrat
341 3762 427 3830 atque
452 3757 633 3813 immundum
657 3757 756 3829 (Apoc,
780 3775 841 3827 χχι,
872 3757 941 3827 27):
1001 3747 1196 3802 dilectissimo
1212 3748 1271 3802 Sibi
1287 3750 1404 3804 [radidit
1419 3755 1523 3807 sancio
1538 3752 1743 3824 loanni(il08h

112 3853 199 3924 virgo
215 3854 262 3906 ast
277 3852 305 3904 et
329 3849 378 3903 itta
394 3863 481 3918 quam
503 3852 589 3902 vocat
613 3848 714 3917 iesus,
731 3847 779 3903 cui
794 3850 822 3903 et
846 3847 919 3903 dixit
935 3863 942 3904 :
1001 3835 1057 3906 Ἥ),
1073 3837 1122 3908 tffl'
1141 3836 1218 3890 Ml
1230 3838 1313 3908 lilim
1336 3845 1365 3892 0²
1380 3841 1490 3893 mdlt'lff
1513 3841 1581 3897 ΝΟΠ
1596 3843 1667 3896 ¹²⁰t'1'
1691 3849 1743 3908 Μ

113 3941 197 3997 Ades
211 3941 266 3994 hue
281 3955 296 3993 a
313 3937 434 4005 Libano,
453 3935 576 4008 Sponsa,
603 3936 676 3991 ades
690 3937 746 3991 lmc
770 3954 786 3991 a
810 3936 943 4009 Liban03
1001 3941 1106 3994 fflffl,
1117 3925 1743 4030 titiumquevocatusauhristorottqqup·

115 4026 535 4099 transibisctpertrnnsibisa
543 4025 775 4097 principioddci
794 4025 940 4098 (Cantus,
1000 4013 1126 4068 verbum
1141 4017 1264 4114 similius
1289 4016 1409 4115 illailla
1432 4018 1533 4117 Numi
1548 4018 1603 4118 itt.
1622 4019 1700 4122 Huic
1712 4024 1743 4076 te

112 4118 151 4192 8).
169 4119 236 4174 Non
252 4117 349 4172 solun
364 4114 499 4169 transivit
513 4114 610 4186 virgo,
627 4114 679 4168 sed
696 4116 782 4169 etiam
797 4118 944 4186 pertrans·
1001 4104 1098 4174 vi''itt'’
1114 4118 1166 4174 qm
1180 4119 1254 4159 ⁸⁰⁰⁵
1266 4110 1392 4204 ,ntssssffll
1405 4120 1420 4204 :¹
1437 4105 1506 4160 h¹1¹⁰
1521 4107 1645 4208 traditur
1664 4124 1743 4212 vtrgt

113 4209 166 4264 ivit
181 4224 248 4281 quae
270 4206 391 4261 festinat
413 4205 449 4258 ad
475 4203 634 4274 Sponsum,
659 4204 763 4258 transit
786 4204 940 4273 saeculum,
1002 4192 1038 4246 <10
1059 4195 1178 4290 9⁰0l0r0
1203 4192 1313 4292 Cht'lstt
1338 4193 1452 4248 hauriat
1473 4197 1743 4297 saprentrem:,hur

113 4297 273 4373 pertransit
290 4296 327 4351 ad
345 4294 514 4350 Christum:
532 4293 579 4347 rel
595 4293 663 4365 quia
687 4309 720 4347 ea
737 4309 804 4365 quae
824 4292 943 4349 Christo
1003 4281 1081 4335 ditur
1096 4296 1193 4352 V¹P80i
1209 4297 1260 4351 (111¹
1274 4281 1383 4336 fraires
1398 4297 1472 4337 suos
1487 4301 1545 4339 non
1557 4289 1709 4357 coguovit,
1721 4294 1743 4342 et

113 4406 147 4446 se
158 4387 310 4456 dicaverit,
327 4384 508 4440 transeundo
524 4383 561 4437 ud
576 4383 718 4453 coelestia,
743 4387 859 4438 terrena
876 4398 943 4453 per·
1003 4394 1075 4434 suos
1088 4394 1146 4433 non
1157 4379 1331 4434 scivitldeo
1347 4371 1420 4435 286
1436 4381 1657 4455 benedicitque
1676 4399 1743 4441 eum

113 4481 253 4536 trauseat.
269 4477 344 4532 Nam
360 4477 388 4530 et
403 4476 468 4545 ipse
483 4473 618 4545 Sponsus
635 4473 678 4526 sic
699 4473 780 4528 venit
796 4473 832 4527 ad
847 4472 945 4543 Spon·
1002 4468 1079 4522 Date
1090 4468 1165 4522 Levi
1183 4468 1264 4523 viros
1279 4467 1352 4540 qus,
1369 4469 1438 4524 date
1454 4471 1529 4525 Levi
1544 4478 1646 4528 sortes
1660 4478 1743 4546 opust

114 4586 179 4625 sam
194 4565 531 4637 sunm,utsa1iatsuper
551 4565 677 4632 mentae,
693 4561 839 4617 transiliat
854 4578 946 4633 super
963 4573 1107 4638 Dxxxru,
1122 4557 1161 4626 8).

115 4661 206 4717 eolles
222 4658 321 4728 (Cant.
335 4670 365 4724 u,
382 4653 421 4724 8).
1038 4646 1083 4700 33.
1097 4646 1181 4701 Unde
1191 4649 1220 4701 et
1228 4651 1351 4702 matrem
1363 4648 1479 4704 Domini
1488 4649 1553 4719 ipse
1565 4652 1720 4721 suscepit:
1738 4668 1743 4708 t

150 4747 194 4803 29.
210 4747 299 4801 Addit
313 4744 409 4797 adhue
424 4743 460 4797 ad
476 4741 592 4796 laudem
608 4740 807 4814 virginitatis:
833 4740 947 4796 Hortus
1001 4739 1062 4790 tum
1074 4736 1153 4790 enim
1172 4736 1326 4807 habemus,
1339 4738 1406 4808 qnia
1425 4754 1464 4793 ex
1474 4738 1525 4793 illa
1541 4740 1613 4794 liora
1624 4743 1743 4814 suscepi

116 4840 233 4894 clausus
256 4848 344 4888 soror
367 4847 431 4886 mea
456 4831 579 4902 Sponsa,
605 4832 709 4885 hortus
728 4831 854 4899 clausos,
880 4830 947 4884 lons
1004 4823 1167 4895 discipulus
1188 4827 1634 4899 insuatloan.x1x,2l).Quid
1656 4829 1743 4885 estin

116 4922 358 4998 signatos(Cant.
368 4937 407 4989 rr,
425 4920 479 4988 tir,
496 4935 555 4990 quo
570 4920 710 4974 meliores
719 4919 821 4974 atterat
830 4919 945 4974 tructus
1004 4913 1351 4984 cumreliqueritpatrem
1363 4918 1392 4970 et
1402 4919 1534 4986 matrem,
1546 4921 1575 4971 et
1585 4918 1741 4975 Christum

116 5016 245 5071 claustro
256 5010 378 5082 pudoris
390 5013 472 5079 sorita
483 5009 648 5081 virginitas,
662 5009 690 5062 iu
702 5025 758 5081 qua
777 5009 948 5063 intemerata
1003 5007 1051 5057 tus
1061 5003 1119 5056 sit?
1129 5005 1187 5056 Aut
1198 5004 1345 5074 quomodo
1355 5006 1385 5057 in
1395 5021 1458 5071 sua,
1472 5022 1538 5060 cum
1547 5007 1605 5077 ipsi
1615 5009 1743 5077 apostoli

116 5102 307 5176 permaneant
320 5099 462 5153 castitatis
476 5097 640 5170 signacula.
656 5097 742 5152 Hunc
756 5098 946 5154 hortumani-
1003 5092 1122 5163 riut(⁹29)
1131 5107 1138 5147 :
1147 5092 1226 5146 Ecce
1237 5108 1291 5147 uos
1301 5093 1475 5165 reliquimus
1485 5097 1589 5160 omnia,
1598 5098 1743 5153 etsccutii

115 5187 947 5259 meevestrae,hunciontemservatepuriliquoris,uteum
1006 5183 1162 5255 teptlnttlr.
1175 5201 1235 5254 xix,
1252 5183 1320 5254 dit?
1335 5183 1406 5250 Quae
1417 5201 1471 5239 sua
1486 5185 1612 5240 habebat
1628 5185 1743 5243 loanne

115 5285 146 5340 in
157 5281 242 5338 vobis
253 5295 339 5335 nemo
348 5276 507 5349 perturbet,
521 5290 607 5330 neruo
628 5275 775 5348 designet,
788 5291 875 5348 quem
892 5293 946 5348 ge·
1003 5275 1149 5331 mundana
1161 5277 1189 5328 et
1197 5273 1353 5328 saecularia
1363 5289 1421 5329 non
1433 5274 1570 5343 habebat,
1580 5276 1631 5346 qui
1642 5279 1672 5331 et
1682 5275 1743 5335 deu

150 5422 207 5494 (at)
230 5423 340 5480 Omnes
364 5420 432 5476 edit.
454 5435 488 5474 ao
511 5434 585 5474 mss.
611 5419 754 5489 nonnulli,
781 5419 946 5478 adorarem
1077 5493 1080 5501 Ι
1110 5491 1114 5501 ,

116 5491 422 5570 opitulationem:alii
448 5489 630 5546 mss.multo
654 5491 810 5561 pluresarl
834 5508 947 5549 omnem
1003 5508 1123 5549 remim.
1264 5561 1269 5571 .
1516 5560 1521 5572 1
1566 5561 1571 5572 1
1721 5561 1728 5576 ι

116 5568 318 5644 opitulantiam
338 5562 701 5635 unusopulentiam.tlaud
724 5578 850 5636 unquam
861 5566 946 5625 mele.
1040 5561 1096 5633 (28)
1122 5561 1196 5617 bles.
1221 5561 1350 5633 quidam,
1376 5575 1466 5635 super
1491 5575 1656 5637 virginem:
1679 5562 1741 5641 edat

152 5638 209 5712 (26)
224 5638 265 5696 Ita
281 5606 355 5693 ms’a.
373 5648 480 5708 magno
492 5648 634 5692 numero:
652 5579 771 5709 quilam
785 5637 947 5714 automat-
1007 5635 1054 5785 riq
1075 5636 1164 5690 inem.

1087 5714 1097 5784 t
1113 5703 1255 5768 Nonnulli
1268 5718 1356 5780 mse,
1365 5702 1743 5791 semipridireipolitilan

1039 5417 1096 5490 (ti)
1111 5417 1177 5473 Edit
1193 5417 1351 5489 etquidem
1366 5432 1452 5486 mss,
1466 5423 1495 5472 ut
1510 5433 1560 5474 ros
1570 5417 1636 5491 epus
1650 5419 1743 5494 inopie

117 5725 176 5803 que
190 5723 295 5773 omues
309 5707 378 5771 edit.
394 5704 538 5789 treguam
551 5705 637 5769 actua
649 5711 707 5769 eet.
769 5758 773 5767 .
