3900 6128
99 228 170 311 ,tta
631 229 686 300 DE
701 227 1007 299 SACRAMENTlS.
1028 230 1333 299 -Auttoturlo
1794 236 1855 299 430

112 438 202 511 (ci-tt.
218 453 319 494 sacra.
331 437 383 492 lib.
399 454 441 507 ru,
457 452 484 492 c.
501 435 546 503 ts)
561 436 729 492 elatiorem
745 436 914 508 complures
930 451 964 491 ae
978 434 1145 506 praecipuas
1161 438 1207 489 est
1222 434 1404 505 complexus,
1417 433 1538 504 perinde
1555 434 1803 506 examinabimus,
1820 451 1855 489 ac

112 528 140 584 si
154 529 260 600 pacato
276 527 375 581 auimo
391 528 419 580 et
434 525 560 579 maxime
575 525 670 580 libero
681 528 925 596 proponerentur.

148 617 252 688 ltaque
270 615 391 687 petitam
406 630 444 670 cx
459 614 544 669 hisce
567 614 670 669 verbis
687 630 693 669 :
709 614 779 669 Ideo
796 614 894 669 llonue
918 613 1023 668 fideles
1043 614 1190 684 dieantur,
1209 615 1275 683 ete,
1303 612 1499 683 objectionem
1520 614 1563 667 sic
1580 614 1627 668 ille
1642 615 1728 685 urget
1744 613 1806 681 (lib.
1823 630 1853 682 u,
1875 668 1883 679 ,

111 721 178 778 pag.
196 702 261 775 aot,
284 703 341 759 col.
353 703 381 772 2)
399 719 405 759 ;
425 702 516 768 Quasi
537 719 608 758 vero
632 704 694 758 baec
712 702 870 774 appellatio
885 702 984 757 llontae
1000 702 1165 773 peculiaris
1186 708 1276 756 esset.
1294 702 1335 755 At
1350 701 1454 772 ubique
1473 704 1633 755 cornmuuis
1650 702 1714 756 suis
1734 707 1810 768 erat,
1825 703 1855 754 ia

116 791 250 863 Oriente,
257 793 289 846 in
297 792 442 863 Meridie,
454 792 486 846 ia
497 790 720 863 Septentrioue,
732 793 763 846 in
776 791 947 846 Occidente.
957 790 1136 845 Arabrosius
1143 792 1266 862 ipsemet
1276 789 1439 844 Mediolani
1451 790 1504 842 bae
1518 791 1655 843 alebatur
1668 791 1697 844 in
1717 791 1857 861 pentibus

112 883 172 938 suis
189 883 328 954 seriptis.
354 881 526 951 Respondet
541 881 586 936 vir
611 881 647 935 el.
665 880 730 935 Nat.
748 880 916 935 Alexander
936 879 1025 944 (Hist.
1037 878 1120 933 Eccl.
1138 895 1198 933 saec
1215 895 1253 949 iv,
1271 895 1298 947 p.
1317 878 1341 947 l,
1359 877 1413 949 2¹⁰2,
1429 894 1497 948 pag.
1515 879 1641 941 bbblnec
1657 878 1686 931 in
1702 879 1856 932 codicibus

116 971 246 1027 melioris
263 974 341 1026 notae
352 972 432 1042 (puta
446 986 550 1026 eorum
565 986 641 1042 quos
657 970 814 1025 consulere
839 970 903 1040 ipse
929 967 1022 1035 licuit)
1041 983 1096 1021 aec
1120 967 1149 1021 in
1165 967 1344 1021 editionibus
1360 966 1607 1034 accuratioribus,
1624 982 1729 1034 nempe
1750 983 1787 1019 ex
1811 967 1856 1019 eis

117 1077 177 1133 quaa
194 1061 232 1115 ad
249 1061 393 1116 Romanae
409 1060 533 1115 termam
548 1074 703 1129 expressae
715 1062 793 1129 sunt,
806 1058 909 1112 haberi
925 1072 1028 1112 vocem
1042 1056 1141 1112 Rornae
1159 1074 1164 1111 :
1182 1056 1211 1109 in
1226 1055 1437 1126 manuscriptis
1453 1058 1550 1108 autem
1567 1055 1616 1109 ubi
1632 1054 1764 1123 habetur,
1783 1055 1857 1108 illud

116 1149 178 1205 biae
190 1148 314 1219 lactum,
331 1149 410 1221 quod
424 1164 479 1220 pro
495 1147 609 1219 syllaba
624 1147 676 1202 llas
691 1147 721 1201 in
731 1162 833 1202 eoram
851 1144 1002 1202 nonnullis
1012 1145 1141 1215 ascripta
1148 1144 1265 1215 quidam
1275 1143 1401 1215 legerint
1413 1143 1521 1213 llorrrre,
1539 1159 1606 1197 eum
1621 1143 1721 1214 legero
1738 1143 1858 1197 debuis-

118 1240 178 1295 sent
192 1243 298 1308 recte3
315 1252 411 1309 aeque
426 1251 497 1291 vero
508 1234 669 1306 quidquam
683 1235 803 1291 obstare
819 1234 897 1306 quod
913 1233 1009 1305 posite
1024 1233 1062 1288 sit
1078 1233 1280 1305 diphthongus
1292 1249 1345 1303 pro
1361 1231 1498 1303 simplici,
1516 1233 1624 1304 quippe
1646 1248 1769 1302 quarum
1787 1246 1858 1301 pro-

118 1327 249 1383 miscuus
264 1341 342 1381 usus
357 1328 494 1381 occurrat
515 1325 546 1379 in
569 1324 690 1395 scriptis
704 1324 801 1379 libris.
829 1324 912 1378 llanc
933 1322 1052 1394 quidem
1068 1324 1179 1393 portem
1195 1323 1383 1376 verissimam
1398 1337 1467 1376 csse
1483 1338 1542 1376 non
1559 1321 1728 1387 diffitemur,
1744 1322 1815 1391 quin
1830 1325 1859 1377 et

118 1415 310 1472 addimustoti
327 1414 468 1470 solutioni
489 1413 588 1468 lavere
605 1412 683 1467 haud
698 1411 895 1481 mediocriter,
912 1411 991 1482 quod
1006 1410 1072 1467 loeo
1089 1411 1187 1466 Itomae
1201 1412 1232 1466 ia
1247 1411 1342 1466 tribus
1359 1411 1523 1480 codicibus,
1555 1410 1692 1464 nimirum
1707 1409 1857 1478 Vaticano,

119 1504 220 1579 Regio,
238 1519 275 1559 ac
290 1503 443 1573 Thuaneo,
459 1501 568 1575 legitur
583 1501 792 1557 rectoaorniue
810 1517 817 1569 3
833 1516 886 1570 pro
902 1516 960 1571 quo
981 1500 1113 1555 Romana
1136 1500 1224 1554 editio
1240 1499 1412 1554 adverbium
1428 1504 1511 1553 reete
1536 1498 1728 1553 substitutum
1739 1499 1857 1555 maluit:

119 1595 321 1650 verumtamen
336 1607 374 1647 ne
389 1591 459 1646 huic
474 1591 605 1661 opinioni
620 1591 740 1645 omnino
755 1589 993 1658 subscribamus,
1011 1586 1080 1642 tacit
1096 1589 1375 1659 manuscriptorum,
1392 1588 1421 1641 in
1436 1587 1545 1658 quibus
1560 1604 1621 1641 vox
1631 1587 1729 1641 lloraae
1744 1589 1860 1658 integra

118 1686 218 1754 tutat,
236 1697 383 1737 numerus
398 1682 486 1752 atque
500 1680 671 1753 antiquitas
688 1677 849 1734 Etcuimex
864 1678 942 1732 ouini
958 1675 1237 1747 multitudinecujus
1249 1677 1419 1746 paravimus
1435 1676 1604 1745 varietates,
1618 1676 1752 1745 exeeptis
1764 1677 1860 1731 tribus

119 1771 301 1841 memoratis,
319 1785 436 1825 aecnoa
450 1768 517 1823 aliis
532 1768 660 1837 duobus,
677 1767 828 1840 inquibus
844 1766 1000 1838 antiquarii
1011 1766 1097 1835 lapsu
1113 1765 1311 1835 scriptumest
1326 1773 1450 1834 rotome,
1468 1765 1515 1818 alli
1533 1764 1684 1818 sexdecim
1700 1764 1862 1834 quosintcr

119 1860 333 1934 Benigaiaaus‚
347 1858 506 1915 Remensis
521 1860 550 1912 ct
565 1857 809 1912 claromontanus
829 1860 971 1926 superant
995 1870 1089 1908 annos
1113 1853 1175 1917 aab,
1200 1854 1359 1908 dictionem
1371 1853 1469 1908 llomar
1484 1853 1549 1906 suis
1565 1852 1671 1906 litteris
1687 1868 1862 1923 expressam

118 1966 172 2022 prae
182 1965 219 2004 se
236 1947 347 2003 ierunt.
361 1946 438 2001 Huic
453 1945 540 2000 etiam
555 1944 680 2013 accedit,
697 1945 775 2015 quod
790 1944 1041 1999 abbreviationem
1057 1943 1117 2012 isti,
1133 1943 1169 1996 de
1185 1959 1243 2015 qua
1258 1943 1367 2014 agitur,
1384 1942 1510 1996 similem
1527 1957 1672 2012 nusquam
1684 1942 1859 2012 reperimus.

119 2036 272 2093 Credimus
288 2033 521 2108 igitureamdem
538 2033 616 2087 illam
632 2049 735 2088 vocem
761 2032 809 2086 hie
829 2038 969 2113 ippaetao'e
988 2047 1057 2085 esse
1072 2030 1209 2101 positam,
1237 2031 1350 2100 utplus
1373 2031 1559 2102 significetur
1573 2045 1660 2100 quam
1676 2030 1860 2100 exprimitur.

121 2125 216 2197 ltaque
231 2126 314 2179 idem
329 2124 394 2192 orit,
410 2123 508 2177 Rornae
522 2119 629 2176 deletes
643 2121 793 2190 dicuntur,
810 2136 845 2175 ac
862 2122 889 2175 si
909 2121 1036 2176 dixisset
1058 2137 1118 2176 noa
1134 2120 1231 2175 solum
1255 2120 1284 2174 in
1305 2119 1360 2173 hac
1376 2124 1425 2173 aut
1452 2119 1482 2172 in
1497 2119 1553 2172 alia
1569 2119 1699 2189 qualibet
1715 2118 1860 2189 Ecclesia,

121 2229 220 2271 rerum
237 2214 327 2268 etiam
342 2212 372 2267 in
392 2209 523 2266 omnium
546 2209 733 2265 nobilissima
756 2209 894 2279 baptizati
908 2209 1011 2265 fideles
1033 2210 1231 2264 nominantur.
1262 2209 1297 2262 Et
1313 2208 1382 2262 huic
1407 2210 1517 2261 nostrae
1533 2207 1766 2277 interpretationi
1783 2207 1863 2262 iavet

122 2299 261 2374 particula
276 2305 317 2371 et,
334 2314 421 2372 quarn
437 2296 582 2352 vocabulo
597 2296 696 2351 Rornae
719 2296 907 2367 praemissam
923 2296 1093 2353 observavit
1107 2298 1137 2352 in
1152 2296 1305 2352 codicibus
1331 2296 1442 2367 aliquot
1462 2296 1540 2350 idem
1556 2295 1734 2364 Alexander,
1747 2311 1862 2366 nosque

123 2391 147 2446 ia
160 2389 300 2461 pluribus
316 2391 486 2443 nostrorum
501 2384 761 2456 deprehendimus.

149 2477 220 2544 Quae
237 2477 319 2532 idem
333 2475 506 2531 Albertinus
523 2473 713 2545 objicittloco
729 2475 789 2543 cit,
804 2490 873 2546 pag.
890 2473 953 2545 508,
971 2475 1027 2532 cal.
1046 2475 1072 2546 t)
1085 2478 1185 2529 contra
1196 2474 1414 2543 expositionem
1425 2474 1585 2528 verborum
1597 2473 1724 2542 Domini,
1739 2472 1863 2543 Oportet

126 2568 194 2623 enim
204 2564 396 2636 nosimplere
406 2563 686 2635 omnemjustitiam,
699 2578 755 2617 nec
770 2578 828 2618 noa
845 2567 946 2619 eontra
961 2563 1125 2619 doctrinam
1140 2564 1176 2618 de
1191 2563 1316 2617 seeretis
1333 2563 1472 2633 precibus
1488 2562 1524 2617 ab
1541 2562 1646 2617 eodem
1662 2565 1782 2616 auctore
1797 2578 1865 2632 pro·

126 2656 257 2728 positam,
274 2654 348 2709 adeo
364 2652 442 2708 levia
458 2654 536 2724 sant,
553 2653 585 2706 ut
600 2651 664 2707 sola
678 2650 811 2708 locorum
830 2652 1015 2722 inspectione
1030 2654 1127 2724 possit
1141 2652 1238 2708 evinci
1250 2668 1304 2707 nec
1323 2652 1420 2723 inepte
1437 2652 1625 2722 concludere,
1643 2667 1698 2706 aec
1713 2650 1862 2722 desipere,

130 2759 207 2816 mem
218 2743 265 2798 sic
277 2740 400 2797 deridet.

158 2831 282 2887 Gravior
291 2832 338 2886 est
352 2845 425 2885 sane
441 2846 507 2902 quae
526 2829 662 2901 sequitur
674 2830 825 2885 accusatio
833 2829 862 2884 in
871 2830 919 2884 illa
936 2831 1026 2886 verba
1042 2847 1048 2885 ε
1068 2832 1209 2886 Crassum
1220 2829 1516 2900 edutitmendacium,
1527 2831 1569 2884 ait
1579 2830 1657 2884 enim
1670 2829 1823 2884 Dominum
1835 2830 1865 2884 iu
1938 2848 1943 2855 ·

132 2918 485 2975 OratioaeDeminicanon
497 2918 613 2973 dixisse
625 2934 632 2973 ε
645 2917 1143 2984 Nenosindueasiotentationem·
1155 2919 1219 2988 sed,
1238 2919 1286 2975 Nc
1302 2916 1433 2990 patiaris
1451 2934 1504 2973 nos
1536 2919 1637 2973 induci
1660 2919 1691 2972 in
1716 2920 1859 2974 tentatie·
1904 2953 1909 2961 ι

137 3007 288 3075 aemtlbid.
316 3008 373 3062 col.
390 3007 429 3077 Ξ).
442 3005 504 3071 Qua
519 3006 723 3062 criminatione
739 2996 809 3078 quid
828 3008 859 3062 in
883 3007 1096 3080 Evangelicum
1112 3024 1279 3078 praeconem
1295 3007 1426 3063 atrocius
1443 3007 1573 3063 conferri
1588 3010 1685 3077 potest
1700 3008 1714 3061 ‘l
1728 3009 1864 3061 Attamen

138 3099 277 3151 accusator
297 3096 328 3150 ia
352 3111 388 3151 eo
411 3095 515 3150 ialelix
530 3095 594 3164 tuit,
611 3096 690 3167 quod
715 3096 763 3150 teli
784 3099 863 3151 tanto
886 3098 954 3151 nisu
979 3097 1117 3152 destinati
1141 3100 1227 3168 atque
1250 3097 1356 3151 vibrati
1376 3113 1483 3151 cassus
1503 3097 1588 3167 plane
1604 3113 1638 3150 ac
1654 3096 1765 3150 inutilis
1787 3097 1863 3151 ictus

142 3184 239 3239 cecidit.
256 3184 330 3238 Nam
343 3198 410 3238 eum
424 3183 489 3254 ipse
503 3187 648 3255 agnoscat
662 3184 766 3239 eodem
779 3185 865 3239 modo
881 3185 994 3257 legisse
1009 3184 1197 3258 cyprianum,
1214 3186 1293 3257 quod
1315 3185 1424 3240 ibidem
1439 3185 1596 3255 subjungit
1618 3201 1623 3239 :
1644 3184 1706 3239 Sed
1717 3184 1798 3238 aliud
1815 3190 1862 3239 est

144 3272 281 3345 italepere,
303 3272 384 3328 aliud
394 3271 557 3343 affirmare,
569 3273 775 3328 Dominumsic
791 3290 859 3329 esse
870 3274 1005 3344 locutum,
1028 3291 1083 3330 non
1095 3274 1194 3342 aliter,
1211 3290 1290 3329 mera
1306 3274 1499 3344 sycophantia
1516 3278 1570 3328 est.
1588 3273 1642 3338 Qui
1661 3275 1739 3327 enim
1756 3274 1864 3328 oratio·

148 3374 198 3414 aen
211 3362 324 3434 qualem
339 3378 357 3416 a
370 3360 488 3416 Christo
505 3363 637 3416 instituta
653 3365 699 3417 est
710 3379 888 3434 memoranS,
905 3367 1020 3419 sextam
1036 3364 1115 3419 illius
1130 3364 1300 3434 petitionem
1314 3361 1397 3417 effert
1419 3362 1466 3416 hic
1485 3363 1585 3416 verbis
1607 3379 1613 3416 :
1629 3362 1671 3416 Et
1690 3378 1726 3416 ne
1734 3363 1865 3434 patiaris

151 3451 289 3506 ominduci
299 3451 330 3505 in
342 3451 545 3519 tentationem,
562 3466 659 3506 annon
670 3452 802 3506 eamdem
816 3452 934 3506 diversa
946 3453 1090 3507 sententia
1107 3468 1281 3522 expressam
1290 3453 1337 3506 sin
1348 3452 1445 3506 minus
1457 3467 1518 3520 ore,
1536 3452 1641 3505 saltem
1649 3451 1736 3505 animi
1754 3452 1865 3523 cogita-

151 3534 209 3591 tione
222 3538 334 3593 abunde
350 3540 458 3610 negat?
473 3537 576 3609 Neque
592 3538 724 3608 prolecto
740 3539 892 3593 iucurrere
912 3538 960 3594 hic
977 3543 1077 3595 ructor
1092 3540 1376 3595 debuitlemeritatis
1392 3544 1441 3594 aut
1457 3540 1601 3594 mendacii
1619 3541 1746 3609 crimen3
1757 3541 1865 3612 quippc

154 3624 188 3676 cui
197 3627 327 3696 presidio
338 3631 441 3682 esseut
453 3627 621 3697 complures
638 3626 809 3682 Latinorum
825 3628 1009 3697 codicum,ut
1018 3629 1110 3700 liquet
1120 3629 1280 3701 Augustini
1289 3631 1460 3683 auctoritate
1472 3629 1526 3697 (lle
1540 3629 1619 3684 Dorio
1637 3630 1765 3684 Perses.
1777 3646 1803 3683 c.
1813 3630 1863 3695 a).

181 3712 261 3787 aqui,
278 3716 354 3771 torte
370 3715 491 3770 instabit
499 3716 618 3787 aliquis,
632 3732 698 3770 cum
713 3718 824 3771 Auctor
839 3717 908 3771 alibi
917 3718 980 3787 (lib.
994 3734 1020 3787 v,
1033 3735 1096 3789 cap.
1116 3718 1143 3779 tt
1160 3719 1328 3774 coasultum
1342 3719 1395 3773 abs
1407 3735 1440 3772 sc
1454 3719 1590 3773 Graecum
1608 3718 1715 3773 idioma
1727 3718 1866 3772 testifico·

155 3795 189 3853 lar
199 3819 205 3857 :
215 3821 262 3860 cur
275 3804 333 3860 hoc
347 3805 414 3860 loco
424 3804 494 3859 illud
506 3803 553 3859 vel
569 3805 717 3875 inspicere
737 3805 876 3878 neglexit,
898 3806 943 3861 vel
964 3808 1150 3877 comtempsit
1168 3808 1358 3877 inspectum?
1373 3809 1560 3879 Augustinus
1576 3807 1655 3861 enim
1663 3807 1767 3861 codem
1779 3807 1865 3862 citato

155 3883 209 3946 libro
222 3893 372 3964 prolitetur
388 3892 517 3947 sibinen
531 3892 655 3948 licuisse
671 3893 749 3948 aliud
761 3894 920 3965 quidquam
938 3896 1068 3966 reperire
1081 3898 1110 3950 in
1125 3896 1238 3952 Graecis
1254 3896 1484 3965 exemplaribus,
1503 3897 1560 3949 nisi
1572 3896 1619 3951 lt'c
1636 3912 1688 3951 nos
1707 3895 1823 3951 inferas
1836 3897 1866 3950 in

155 3976 329 4037 tentationem.
341 3980 482 4047 Quamvis
498 3983 595 4036 autem
610 3982 637 4037 ci
648 3981 809 4052 objectioni
818 3982 899 4038 color
908 3984 1054 4040 obductus
1069 3986 1203 4040 videatur
1213 3984 1299 4055 paulo
1311 3985 1511 4054 verisimilior,
1523 3985 1716 4040 nihilomiuus
1731 3986 1867 4055 expedita

155 4070 282 4138 eposio
299 4073 355 4125 est.
373 4070 532 4126 Enimvero
547 4087 613 4126 cum
625 4071 661 4126 de
672 4071 746 4126 solis
762 4072 821 4127 illis
834 4073 989 4129 codicibus
1004 4091 1080 4147 quos
1095 4076 1159 4145 ipsc
1175 4074 1276 4146 legere
1287 4078 1430 4145 potuerat,
1441 4075 1578 4145 loquutur
1592 4074 1868 4146 Augustinus,quid

156 4158 213 4214 litet
227 4159 386 4231 quominus
397 4159 516 4231 quidam
531 4159 653 4215 alterius
669 4161 831 4232 provinciae
847 4161 967 4218 codices
987 4162 1105 4218 diverse
1125 4162 1281 4218 habuerint
1299 4162 1374 4217 hanc
1389 4165 1586 4217 sententiam?
1608 4163 1670 4217 Nec
1690 4167 1786 4217 tamen
1802 4163 1865 4229 luit,

156 4251 192 4298 tur
204 4248 335 4304 adeunda
346 4248 405 4303 sibi
422 4251 537 4319 putaret
554 4249 657 4304 Graece
675 4249 864 4321 exemplaria,
877 4268 943 4305 cum
961 4254 998 4306 ad
1015 4253 1253 4323 persuadendum
1270 4268 1337 4307 eum
1350 4256 1389 4308 tot
1407 4253 1576 4308 latinorum
1596 4268 1764 4307 consensus
1780 4251 1867 4305 sulti-

155 4339 220 4392 teret.

177 4420 325 4482 ldcmvero
344 4425 393 4480 ille
408 4425 551 4493 minister,
568 4428 698 4482 auctoris
722 4428 787 4484 loeo
809 4429 844 4483 do
861 4430 968 4499 pedum
984 4430 1094 4487 lotione
1113 4433 1210 4487 fusius
1229 4432 1389 4501 exscripto,
1401 4433 1448 4486 illa
1459 4431 1580 4502 subjicit
1595 4431 1672 4498 (loco
1683 4429 1742 4499 cit,
1759 4448 1787 4500 p.
1804 4431 1867 4498 508,

153 4510 191 4568 ⁰⁰1.
206 4515 230 4584 l)
248 4532 255 4571 ε
270 4515 364 4587 Atqui
374 4515 405 4569 ia
423 4514 477 4570 boc
495 4515 633 4570 discursu
648 4522 762 4587 praeter
772 4518 928 4572 locutionis
940 4519 1111 4575 barbariem
1125 4521 1262 4592 tsatcmur
1273 4524 1368 4574 civitem
1379 4523 1407 4573 in
1422 4521 1477 4573 boe
1489 4520 1627 4573 tlisrursu
1639 4519 1739 4573 inesse
1760 4519 1869 4573 barba-

152 4598 213 4674 tieta,
229 4605 284 4660 sod
300 4603 466 4674 Albertini)‚
479 4605 577 4675 primo
587 4604 706 4659 dilsitas
717 4613 772 4660 est.
788 4606 859 4671 Quis
870 4608 947 4660 enirn
957 4608 1060 4663 dicere
1074 4616 1176 4680 posset
1192 4609 1401 4663 Apolaustus...
1414 4626 1447 4662 se
1459 4608 1596 4662 Iloraourr
1612 4607 1758 4662 Ecclesiae
1771 4615 1869 4681 typum
1913 4610 1920 4621 '

149 4691 293 4750 ettormem
303 4695 335 4748 ia
346 4692 582 4765 omnibussequi,
593 4710 656 4747 cum
665 4696 877 4766 exAupnstiuo
895 4704 1009 4751 constet
1018 4698 1138 4751 Ilomam
1149 4704 1177 4751 et
1185 4697 1384 4751 Mediolanum
1394 4698 1618 4750 irrrtcrcmoniis
1626 4696 1779 4768 plerisque
1788 4698 1798 4750 i
1802 4705 1871 4752 uter

147 4792 171 4833 te
180 4783 341 4838 variasset.
354 4781 469 4837 Deinde
478 4788 506 4836 et
517 4783 730 4847 eont1·adr'etio;
740 4800 804 4838 rtem
811 4791 963 4855 postpaam
975 4785 1104 4840 dixisset
1120 4802 1125 4839 :
1144 4786 1177 4839 Ia
1189 4785 1323 4840 orianibus
1334 4786 1417 4855 cupio
1428 4786 1512 4856 sequi
1521 4785 1687 4839 Ecclesiam
1699 4787 1867 4851 Ilotuauain,

143 4866 210 4926 illico
219 4878 317 4926 temen
329 4871 414 4943 quasi
419 4870 600 4942 palinodiam
609 4888 701 4941 opens
712 4874 751 4942 (et
765 4874 820 4927 hoc
837 4874 923 4927 etiam
939 4890 1026 4944 quam
1040 4874 1172 4927 Latinum
1189 4875 1218 4927 in
1234 4863 1374 4927 Censoris
1387 4873 1459 4928 adeo
1474 4875 1571 4927 severi
1587 4875 1753 4930 elocutione
1763 4873 1794 4943 l),
1816 4875 1871 4930 sed

141 4962 226 5016 tamen
237 4966 267 5016 et
276 4976 332 5016 aos
341 4959 486 5028 homines,
500 4958 606 5032 iuquit,
619 4976 737 5014 sensum
749 4961 901 5030 babemus,
914 4962 981 5016 ideo
996 4963 1070 5034 quod
1089 4963 1163 5017 alibi
1176 4964 1291 5017 rectius
1305 4971 1457 5031 servatur,
1472 4969 1500 5017 et
1514 4980 1565 5017 uos
1577 4970 1659 5017 reete
1678 4965 1868 5020 custodimus.

135 5047 173 5103 Ac
187 5065 309 5104 rursum
321 5055 475 5120 postquam
487 5048 617 5103 dixisset
628 5070 636 5103 :
647 5049 709 5104 Hoc
719 5050 787 5104 ideo
798 5051 864 5104 dieo
882 5067 939 5105 nou
961 5051 1034 5123 qtrod
1050 5052 1125 5106 alios
1141 5053 1369 5123 reprehendam,
1382 5053 1481 5106 subito
1497 5053 1565 5108 illus
1581 5055 1787 5125 reprehendit,
1813 5058 1869 5110 etc.

135 5134 238 5193 teram
248 5138 280 5192 ia
294 5137 344 5192 his
358 5137 497 5192 omnibus
513 5138 592 5209 quod
607 5138 666 5192 sibi
681 5140 862 5193 contradicat
876 5140 948 5193 nihil
964 5141 1110 5210 invenias,
1124 5142 1150 5195 si
1166 5142 1252 5196 inodo
1268 5158 1302 5195 ea
1318 5142 1452 5210 candide,
1470 5145 1556 5213 atque
1572 5160 1608 5197 ex
1621 5143 1743 5198 humani
1757 5160 1870 5198 seiano·

132 5225 175 5282 ais
189 5225 408 5283 consuetudine
423 5226 610 5297 interpretari
626 5227 767 5282 volueris.
784 5227 856 5293 Quis
872 5230 950 5283 enim
969 5231 1016 5284 cat
1035 5229 1151 5283 inficias
1168 5229 1218 5283 ubi
1233 5230 1340 5284 dicitur
1356 5245 1361 5284 :
1380 5229 1471 5301 Cupio
1486 5233 1570 5302 sequi
1581 5231 1748 5287 tdteelesiam
1767 5232 1870 5286 Iloura-

130 5314 275 5380 aamscd
285 5321 384 5368 tamea
400 5320 429 5369 et
444 5331 498 5370 aos
523 5315 658 5370 homiues
682 5332 792 5382 stratas,
809 5321 878 5388 etc.,
904 5333 962 5372 uon
985 5317 1149 5389 simplicem
1170 5320 1219 5372 etit
1234 5319 1412 5389 absolutum,
1429 5323 1461 5374 ut
1477 5325 1593 5391 vocant,
1610 5321 1663 5375 scd
1689 5319 1870 5375 conditiona-

128 5400 184 5459 lem
201 5418 276 5459 esse
295 5402 588 5476 sententiam3atque
607 5404 682 5459 adeo
701 5405 762 5459 illic
778 5410 874 5461 monte
890 5410 918 5461 et
937 5406 1116 5479 cogitatione
1145 5406 1358 5477 supplendum,
1383 5415 1519 5480 permitam
1540 5409 1678 5475 licuerit,
1704 5411 1752 5459 ant
1778 5403 1870 5456 ristun

126 5490 222 5549 feerit
237 5491 394 5566 expedire.
410 5491 461 5548 Sic
474 5491 505 5547 ia
515 5493 560 5548 eis
574 5509 693 5565 quoquo
712 5494 813 5549 verbis
829 5510 897 5567 quae
912 5496 1129 5566 praemittuntur
1145 5512 1151 5551 z
1173 5496 1214 5551 Se
1229 5495 1367 5551 Romana)
1386 5496 1533 5551 Ideelesire
1554 5504 1651 5569 typam
1662 5498 1692 5546 et
1704 5491 1828 5545 terream
1839 5490 1870 5545 in

127 5579 267 5641 uaeas
280 5579 377 5656 nepot,
400 5579 474 5639 nibil
487 5579 557 5638 lalsi
572 5582 702 5639 subesse
720 5582 925 5654 confitebitur,
941 5582 1079 5659 quisquis
1093 5584 1158 5657 ipsa
1173 5600 1233 5642 noa
1247 5585 1435 5657 detorquebit
1448 5599 1465 5638 e
1487 5585 1619 5655 legitimo
1642 5594 1743 5646 sensu,
1764 5592 1870 5649 nempe

125 5667 244 5737 mall·
258 5668 396 5753 Denique
410 5669 491 5755 qaod
505 5685 560 5734 eos
570 5671 788 5753 reprehendere
796 5671 940 5753 arguitur,
956 5687 1033 5754 quos
1051 5676 1211 5755 negaverat
1226 5673 1281 5733 abs
1292 5689 1326 5735 se
1340 5669 1527 5752 reprehendi,
1545 5686 1620 5746 para
1635 5668 1704 5746 puta
1718 5665 1873 5749 vitilittgm
