3900 6128
80 227 168 302 ’627
1774 235 1839 303 628

833 231 865 297 S.
883 231 1105 299 annuostt.

11 454 14 459 ·
109 453 147 495 ex
161 433 291 507 homine,
303 437 420 492 creatus
436 434 473 490 ad
488 451 619 506 causam,
653 434 793 509 quisum
816 420 1054 510 genera-Aaou
1072 440 1101 494 ut
1126 435 1320 494 contunderet
1341 437 1468 495 humana
1487 440 1573 512 atque
1596 438 1776 510 divina,sed
1803 441 1838 495 ut

109 531 158 582 tus
173 529 240 580 ante
251 524 373 582 saecula.
996 526 1202 600 distingueret.
1215 528 1322 585 Verum
1335 529 1445 596 siriani,
1454 529 1533 585 velut
1542 528 1657 584 ludoici
1667 544 1832 600 caupones,

144 614 189 668 61.
211 614 344 687 Denique
360 615 493 671 dicturus
512 632 518 671 :
538 639 547 663 r
569 617 712 672 Dominus
726 616 838 671 creavit
853 630 911 685 me,
930 637 940 664 r
997 617 1122 672 miscent
1136 634 1241 688 aquam
1258 635 1324 673 cum
1339 619 1406 672 vina
1422 620 1490 690 qnia
1510 619 1638 673 divinam
1659 619 1832 690 generatio·

110 703 277 776 praemisit:
298 727 309 751 ιι
322 703 566 760 Commemorabc
581 721 648 776 quae
663 721 680 759 a
696 705 911 760 saecntosunt:
931 727 942 751 a
998 723 1065 761 nem
1089 706 1305 779 humanamque
1326 708 1518 777 contundunt,
1539 708 1576 762 ad
1600 707 1736 762 deitatem
1756 708 1836 762 reie-

111 793 216 860 (Pror.
232 809 294 862 vrri,
311 793 349 862 6).
368 794 551 849 »llicturust
568 794 707 861 «Genuit,
722 814 734 843 ι
750 793 893 865 praemisit
909 809 915 849 :
931 815 942 840 ι
999 799 1109 865 reutes,
1126 798 1205 867 quod
1220 797 1256 852 de
1272 814 1360 853 carne
1375 800 1414 852 sit
1428 798 1548 853 dictum.

112 883 144 938 ln
160 881 305 953 principio
318 885 474 953 antequam
496 886 604 938 terram
618 883 738 954 taceret,
759 885 825 937 aute
841 897 945 937 omnes
1033 884 1077 942 66.
1096 886 1158 940 Nec
1174 892 1271 942 metuo
1287 888 1366 958 quod
1383 887 1527 959 objecturi
1548 887 1684 942 ridentur
1706 886 1778 958 quia
1806 885 1838 940 in

113 972 205 1028 colles
217 970 319 1043 genuit
333 987 379 1026 mc
395 972 484 1042 (ibid.
509 973 565 1042 25).
585 995 595 1021 a
622 974 712 1041 Ante,
737 988 804 1027 cnm
829 972 945 1041 dicitur,
999 976 1205 1046 superioribus
1221 992 1279 1031 non
1295 967 1392 1044 dubet,
1409 977 1530 1043 Virum;
1556 977 1600 1029 sie
1615 976 1694 1032 euim
1722 975 1813 1030 habet
1830 990 1837 1030 :

113 1062 143 1117 in
159 1061 304 1115 inlinitum
318 1065 397 1115 retro
422 1062 487 1116 siue
510 1061 607 1134 aliqua
632 1062 802 1117 definitione
817 1061 948 1133 porrigi·
1002 1085 1011 1112 a
1028 1063 1084 1129 Qui
1099 1067 1166 1135 post
1182 1080 1227 1119 me
1238 1066 1328 1120 venit.
1347 1087 1358 1116 r
1376 1066 1434 1121 Sed
1451 1066 1568 1121 rideant
1582 1069 1611 1120 ct
1625 1065 1665 1119 ibi
1677 1065 1746 1136 quid
1764 1080 1840 1135 prae

113 1155 171 1207 tur.
194 1149 336 1220 Denique,
357 1171 368 1198 ι
397 1152 470 1204 Ante
495 1149 655 1219 Abraham,
671 1151 775 1222 inquit,
800 1166 857 1222 ego
880 1165 948 1204 sum
999 1152 1114 1207 miserit
1131 1170 1136 1208 :
1158 1175 1167 1202 a
1186 1153 1327 1222 Verbum,
1345 1154 1448 1226 inquit,
1466 1171 1535 1211 earo
1552 1155 1659 1209 tractum
1675 1157 1723 1209 est
1736 1154 1836 1223 (Joaa.

116 1238 210 1307 (dean.
222 1255 283 1307 rin,
299 1237 355 1307 58),
376 1261 386 1284 r
404 1254 463 1293 non
478 1239 579 1310 utique
595 1243 661 1309 post
674 1239 767 1293 ddum
785 1254 791 1294 :
811 1259 821 1288 ι
839 1241 949 1293 etanta
999 1258 1019 1310 r,
1037 1239 1093 1312 tt).
1113 1263 1123 1289 a
1143 1241 1178 1296 Et
1194 1242 1259 1297 ideo
1283 1259 1342 1298 non
1366 1244 1486 1313 addidit,
1510 1243 1629 1313 Virum,
1655 1265 1666 1292 r
1684 1244 1753 1315 quia
1771 1258 1840 1295 car-

117 1326 287 1382 Luoiterum
306 1326 400 1396 (Psal.
418 1343 476 1397 cix,
497 1328 536 1398 6),
556 1348 567 1377 r
584 1344 643 1383 non
660 1329 760 1399 utique
775 1331 842 1399 post
856 1343 949 1398 ange·
1001 1346 1067 1385 aem
1083 1331 1197 1386 dixerat
1215 1348 1221 1387 :
1239 1348 1292 1403 per
1307 1349 1424 1389 carnem
1438 1337 1534 1388 autem
1554 1334 1620 1388 istic
1633 1333 1730 1387 virum
1745 1331 1836 1387 intet-

116 1415 173 1471 los
190 1415 248 1470 Sed
260 1421 338 1483 ante,
355 1432 421 1470 cum
436 1416 519 1484 dixit,
536 1433 595 1472 non
611 1433 644 1473 se
660 1417 733 1472 intra
745 1417 883 1488 aliquem,
897 1415 950 1470 sed
1000 1421 1133 1494 ligimus,
1151 1427 1179 1478 et
1194 1439 1248 1494 per
1261 1425 1357 1479 virum
1373 1441 1502 1479 curnem.
1520 1425 1599 1496 Ergo
1617 1424 1684 1496 quia
1701 1424 1836 1480 dixerat:

117 1504 214 1560 omnia
230 1504 306 1559 intra
322 1520 355 1559 se
373 1505 447 1560 dixit
464 1522 469 1561 :
487 1507 531 1561 sic
545 1507 622 1561 enim
634 1506 726 1562 moris
741 1509 787 1561 est
802 1505 950 1561 aternita-
1004 1533 1014 1559 ι
1033 1512 1163 1568 Verbum
1175 1528 1244 1567 caro
1256 1512 1422 1583 factumest,
1447 1537 1457 1561 a
1475 1514 1571 1568 xvirum
1586 1513 1642 1568 hcc
1657 1513 1723 1568 loco
1739 1515 1839 1568 nomi-

116 1597 175 1651 tem
200 1593 253 1647 Dei
277 1592 439 1664 Scripturis
466 1595 637 1667 significare
670 1595 790 1651 divinis.
817 1595 951 1665 Denique
1002 1617 1073 1656 nare
1087 1603 1344 1673 superituumiuit,
1358 1619 1444 1676 quem
1457 1602 1518 1675 jam
1531 1602 1840 1674 earnisexpressione

116 1682 187 1737 aiibi
202 1680 349 1738 habaet«
381 1684 559 1758 Priusquam
581 1688 698 1740 montes
714 1684 827 1752 tierent,
845 1687 873 1738 et
889 1683 951 1738 tor·
1003 1690 1183 1764 signaverat,

117 1776 248 1826 manetur
262 1771 345 1826 crhis
360 1775 457 1842 terrae,
474 1789 490 1827 a
507 1773 619 1829 sacculo
639 1776 668 1828 et
689 1789 785 1845 usque
807 1774 837 1827 iu
852 1788 989 1867 saecu-B
1038 1798 1083 1854 67.
1095 1798 1158 1863 Quo
1174 1801 1309 1872 exemplo

117 1859 177 1916 lum
193 1863 223 1914 tu
235 1875 269 1914 es
285 1859 380 1929 (Psal.
393 1879 515 1934 cxxxix,
531 1862 595 1927 tt.»

153 1949 197 2003 62.
216 1950 291 2004 Ante
306 1950 404 2004 omnia
419 1966 492 2023 ergo
521 1952 683 2023 generatio,
710 1951 786 2006 inter
800 1951 897 2006 omnia
923 1953 953 2005 ct

117 2039 238 2109 propter
254 2038 351 2093 omnia
367 2043 510 2095 creatura.
527 2041 621 2096 Natus
636 2056 674 2096 ex
688 2041 775 2096 Patre
794 2055 883 2112 supra
908 2040 952 2094 le-

118 2140 197 2199 gem,
214 2124 310 2182 tactus
325 2143 363 2183 ex
377 2129 468 2184 ittarta
483 2129 540 2185 sub
556 2129 633 2202 lege.

1325 1801 1353 1855 in
1364 1800 1580 1871 posterioribus
1600 1815 1718 1872 quoque
1742 1802 1771 1855 et
1787 1815 1840 1870 ag·

1004 1903 1073 1942 num
1088 1890 1299 1962 praemisit,qui
1314 1891 1429 1945 tolieret
1443 1889 1688 1961 peecatamuadi3
1704 1891 1734 1944 et
1749 1891 1780 1944 ut
1796 1889 1841 1942 in·

1005 1981 1155 2032 carnetum
1170 1978 1363 2052 intelligeres,
1373 1994 1459 2051 quam
1469 1981 1535 2033 ante
1542 1980 1770 2048 memoraverat,
1780 1977 1820 2031 ait
1832 1991 1839 2032 ε

1006 2088 1017 2118 ι
1035 2066 1090 2121 llio
1105 2070 1151 2121 est
1166 2068 1201 2122 de
1217 2083 1275 2139 quc
1291 2070 1358 2122 ante
1370 2068 1430 2122 dixi
1447 2069 1538 2122 :Post
1554 2083 1599 2122 mc
1612 2067 1692 2122 venit
1713 2066 1770 2134 vir,
1787 2066 1839 2137 qui

1003 2158 1069 2210 antc
1085 2155 1236 2211 matuatus
1251 2159 1307 2225 est,
1326 2176 1337 2205 r
1355 2156 1476 2224 hocast,
1489 2158 1583 2211 virum
1593 2155 1664 2225 dixi,
1675 2171 1734 2209 non
1747 2155 1840 2210 Deum

1005 2245 1125 2301 tactum.
1138 2244 1196 2300 Sed
1212 2249 1243 2300 ut
1258 2245 1354 2316 ipsum
1381 2245 1561 2300 incarnatum
1579 2245 1742 2300 declararet
1758 2260 1838 2315 esse,

1004 2335 1072 2406 quia
1087 2338 1153 2390 ante
1170 2335 1281 2390 saecuta
1296 2338 1358 2390 erat
1375 2351 1381 2389 :
1398 2351 1434 2390 ue
1451 2335 1526 2390 duos
1542 2335 1619 2390 titios
1636 2333 1839 2402 crederemus,

1004 2423 1060 2478 ait:
1080 2422 1176 2488 «Quia
1193 2424 1274 2493 prior
1290 2439 1335 2478 me
1351 2427 1421 2478 erut.
1442 2446 1452 2470 r
1477 2424 1545 2477 Eum
1571 2423 1597 2478 si
1620 2422 1719 2477 tactas
1743 2428 1790 2477 est
1805 2421 1841 2476 ad

1005 2511 1134 2566 divinam
1150 2512 1370 2583 generationem
1386 2512 1547 2580 retulisset,
1564 2511 1633 2584 quid
1645 2527 1722 2582 opus
1739 2514 1842 2566 cratut

1005 2601 1101 2654 adhuc
1116 2600 1236 2656 adderet
1250 2602 1378 2667 tertium,
1401 2606 1487 2673 atquc
1512 2603 1630 2656 iteraret
1654 2600 1734 2672 quod
1750 2616 1842 2671 supra

1006 2689 1120 2744 dixerat
1134 2692 1148 2745 ‘3
1163 2690 1220 2745 Sed
1236 2691 1305 2761 qnia
1319 2695 1385 2746 ante
1401 2691 1436 2745 de
1451 2690 1651 2745 incarnatione
1666 2692 1780 2744 matum
1795 2690 1841 2743 di-

1007 2782 1090 2834 xerat
1106 2795 1113 2834 :
1128 2803 1138 2826 ιι
1151 2780 1223 2834 Post
1233 2795 1279 2834 mc
1294 2780 1373 2834 reiut
1387 2780 1442 2847 vir,
1453 2780 1500 2850 qni
1513 2783 1579 2834 ante
1590 2794 1636 2834 me
1647 2778 1744 2833 tactus
1757 2781 1814 2842 est,
1829 2802 1839 2825 a

1009 2869 1075 2924 ideo
1095 2867 1206 2923 addidit
1222 2885 1254 2923 t«
1269 2867 1342 2933 Quia
1361 2869 1441 2940 prior
1455 2885 1501 2923 me
1523 2872 1595 2933 arat,
1615 2889 1626 2918 r
1643 2867 1784 2940 quoniam
1801 2868 1846 2921 di-

1006 2957 1137 3012 vinitatis
1153 2957 1303 3013 aeternitas
1329 2957 1423 3012 tuerat
1439 2956 1639 3027 exprimenda.
1658 2956 1692 3011 at
1707 2956 1774 3011 hoec
1799 2960 1845 3012 est

1008 3063 1097 3102 eausa
1112 3047 1343 3117 praelationismt
1359 3047 1462 3101 merito
1476 3046 1622 3101 antelatus
1634 3045 1782 3116 videatur,
1793 3045 1847 3117 qui

1159 3136 1231 3191 atris
1247 3136 1425 3207 sempiterna
1442 3136 1537 3190 virtus
1554 3138 1609 3190 est.

448 2218 574 2293 carun
589 2238 626 2292 x.

119 2321 265 2394 Baptistae
279 2325 419 2381 vertraex
434 2326 701 2399 quibnsCIrristum
716 2326 806 2381 etiam
825 2325 952 2381 anteiu·

156 2398 358 2453 carnatiouem
376 2398 486 2453 factum
508 2399 709 2470 disputabant,
726 2397 887 2467 soluturus,
905 2396 955 2452 ubi

153 2469 304 2540 praemisit
316 2486 350 2524 ea
363 2469 579 2542 reterripcsse
598 2469 636 2524 ad
643 2469 954 2542 praedestinationem

156 2539 353 2611 intellipenda
370 2546 467 2596 tamen
489 2541 526 2596 de
554 2540 760 2595 incarnatione
782 2541 819 2594 alr
836 2545 955 2593 antece·

157 2611 298 2665 dentibus
313 2610 417 2683 proha.
439 2611 516 2666 Hinc
539 2612 741 2683 progrediens
759 2611 796 2665 ad
816 2611 953 2683 mystica,

157 2681 169 2735 i
189 2697 251 2735 sum
265 2682 413 2753 dipnitate
431 2699 464 2737 aar
484 2683 592 2738 merito
610 2688 679 2738 anta
693 2682 835 2737 doannem
860 2682 955 2736 tuisse

179 2751 290 2806 eolarat
307 2773 316 2807 :
340 2754 468 2808 rrraxirno
483 2770 546 2808 eum
560 2754 716 2823 Ecclesiae,
734 2752 815 2825 crpus
827 2758 913 2825 typus
924 2753 955 2806 in

158 2822 374 2878 tristoriallutir
392 2841 556 2896 expressus
570 2824 679 2891 tuerat,
700 2840 838 2896 sponsas,
866 2823 955 2878 etiam

158 2892 277 2950 excluso
292 2895 406 2968 Mopse,
417 2895 498 2951 scius
516 2896 683 2951 arsititerit
694 2915 703 2949 .·
716 2911 799 2968 quam
809 2893 880 2949 licet
894 2893 917 2948 S
917 2911 955 2967 p·

157 2981 335 3038 napopanon
356 2967 625 3040 omnincarploeta‚
639 2967 718 3022 solas
737 2966 863 3022 vocavit.

156 3072 201 3128 62.
219 3071 317 3146 [Alias
330 3091 393 3147 cap.
410 3074 457 3148 V.]
472 3073 529 3130 Sed
546 3075 772 3147 scriptumest:
792 3095 803 3123 ι
820 3073 893 3129 Post
908 3087 955 3128 mo
1101 3137 1118 3147 ..

121 3162 202 3218 venit
216 3163 271 3234 vir,
287 3165 415 3236 quiante
430 3180 476 3219 me
496 3164 592 3219 tactus
612 3166 658 3219 est
683 3179 689 3218 :
715 3163 783 3233 quia
799 3161 880 3234 prior
907 3177 954 3216 me
970 3153 1118 3233 qjl³l⁰t³ru
1133 3137 1155 3190 Ρ

121 3255 184 3307 arat
198 3252 293 3324 (dean.
310 3271 329 3324 1,
346 3254 402 3325 30).
422 3276 433 3304 r
459 3253 543 3309 Unde
560 3254 660 3308 dicunt
675 3272 683 3306 :
700 3251 777 3307 Eece
805 3251 855 3324 qui
881 3254 953 3321 crat,
1042 3241 1087 3297 68.
1110 3242 1162 3296 Dat
1189 3245 1286 3298 tamen
1310 3241 1476 3298 intellectus
1495 3241 1637 3312 spiritalis
1661 3241 1798 3312 ubertas,
1814 3244 1871 3297 ut-

121 3339 218 3398 taetus
233 3346 288 3398 est.
304 3345 371 3415 Ipsa
383 3343 472 3399 verba
483 3341 712 3414 perpendamus.
732 3362 742 3389 α
759 3341 832 3395 Post
842 3357 898 3409 mc,
911 3341 954 3394 in·

27 3466 31 3474 1
120 3431 193 3502 quit,
208 3432 290 3486 venit
300 3433 355 3487 vir.
376 3432 452 3488 »vir
466 3447 538 3504 ergo
554 3430 660 3502 estqui
678 3429 898 3502 venit,ipseqni
912 3429 954 3485 t'a-

119 3524 235 3576 tusest.
252 3522 305 3577 Vir
318 3523 391 3588 509
408 3525 505 3578 autem
526 3535 633 3576 nomeu
658 3522 704 3576 est
727 3534 820 3574 sexus
838 3536 843 3573 :
861 3535 955 3575 sexus

120 3612 292 3666 autemnon
309 3611 409 3685 utique
426 3610 580 3680 divinitati,
604 3608 658 3664 scd
672 3610 785 3663 naturae
800 3607 957 3678 deputatur

120 3696 268 3756 humane.

156 3807 201 3862 64.
216 3808 344 3863 Possem
359 3824 432 3882 ergo
447 3808 547 3863 dicare
565 3822 571 3860 :
587 3805 657 3861 Erat
675 3804 704 3858 in
720 3803 955 3876 praecognitione

119 3895 239 3967 quidem
255 3898 400 3968 corporis,
427 3897 480 3953 sed
502 3895 663 3952 aeternitate
674 3892 791 3948 virtutis
807 3908 814 3948 :
831 3909 897 3946 nam
928 3896 956 3946 et

120 3981 255 4039 Ecclesia
271 3988 343 4055 erat,
360 3989 389 4041 et
400 3985 494 4040 sancti
511 3985 595 4040 erant
609 3981 810 4054 praedestinati
825 3983 954 4036 antesae-

120 4072 185 4128 cula
203 4089 209 4128 :
228 4074 282 4130 sed
306 4090 364 4131 nou
388 4073 417 4129 id
434 4074 491 4129 hoc
508 4072 574 4129 loco
596 4071 673 4140 dico,
692 4072 721 4124 at
742 4069 813 4124 illud
837 4084 952 4138 assero,

119 4164 229 4221 factum
245 4180 315 4221 esse
336 4178 395 4220 non
424 4163 461 4217 ad
477 4161 677 4230 divinitatem,
694 4159 748 4214 sed
766 4158 803 4212 ad
817 4157 954 4213 incarna-

118 4255 210 4311 tionis
224 4253 371 4326 pertinere
382 4256 527 4320 naturam,
541 4250 694 4320 sicutipse
708 4247 840 4303 loannes
856 4247 929 4303 dixit
945 4264 951 4304 :

122 4367 133 4397 a
152 4345 207 4400 Hic
222 4348 268 4401 est
282 4344 389 4416 dequo
405 4343 465 4398 dixi
483 4356 490 4398 :
507 4341 580 4395 Post
595 4354 641 4394 me
655 4336 736 4392 venit
751 4336 805 4408 vir,
822 4336 872 4409 qui
887 4339 953 4393 ante

119 4451 165 4492 me
177 4435 275 4490 iactus
285 4436 332 4490 est
347 4432 460 4505 (laid).
477 4452 489 4481 ι

1008 3346 1167 3387 excurrere
1183 3336 1210 3386 et
1226 3331 1345 3403 evagari
1361 3331 1397 3385 ad
1414 3329 1635 3385 concludendos
1651 3329 1743 3384 libeat
1759 3330 1882 3386 Pria·—

1008 3436 1074 3489 nos,
1090 3421 1139 3492 qui
1151 3420 1253 3475 volunt
1267 3421 1372 3476 tactum
1389 3420 1445 3474 lrcc
1461 3420 1526 3475 loeo
1542 3436 1599 3474 non
1615 3419 1772 3488 advirum,
1791 3419 1844 3474 sed

1008 3509 1043 3564 ad
1059 3510 1238 3565 divinitatem
1254 3509 1376 3565 reterre.
1392 3507 1467 3574 Quid
1483 3511 1528 3564 est
1543 3509 1620 3563 enim
1642 3511 1745 3564 tenere
1763 3508 1849 3581 quod

1008 3600 1125 3670 possint
1139 3598 1216 3668 (at),
1233 3614 1300 3653 eum
1315 3598 1424 3653 dixerit
1439 3598 1568 3668 Baptista
1586 3614 1591 3652 :
1612 3619 1623 3649 ι
1641 3599 1716 3653 Post
1732 3614 1781 3653 rna
1796 3614 1869 3653 aa·

1008 3690 1059 3754 nit,
1073 3689 1123 3760 qui
1139 3691 1205 3743 ante
1221 3704 1267 3742 mc
1282 3686 1378 3742 tactus
1390 3690 1434 3743 est
1453 3703 1459 3741 :
1479 3708 1489 3737 a
1508 3687 1565 3742 hoc
1580 3689 1637 3758 cst,
1649 3703 1740 3758 supra
1759 3687 1868 3743 meri-

1007 3781 1068 3832 tum
1085 3793 1181 3832 meum
1198 3775 1303 3846 tactus,
1329 3791 1418 3847 supra
1434 3791 1528 3830 meam
1553 3775 1688 3848 gratiam,
1711 3778 1866 3847 tempore

1008 3866 1106 3921 earnis
1129 3865 1286 3937 posterior,
1309 3865 1471 3922 divinitatis
1500 3864 1612 3919 honora
1635 3865 1866 3920 venerabilis?

1008 3955 1082 4012 Post
1092 3971 1139 4010 me
1153 3955 1230 4009 enim
1253 3942 1345 4025 venit,
1358 3954 1499 4024 temporis
1520 3954 1592 4017 510
1608 3956 1672 4022 est,
1696 3953 1788 4024 prior
1803 3968 1864 4009 me

1008 4049 1084 4114 erat,
1094 4043 1288 4108 aeternitatis,·
1303 4049 1373 4097 anta
1384 4045 1532 4097 arctactus
1543 4047 1599 4109 est,
1609 4040 1756 4110 honoris,
1779 4044 1854 4114 quia

1007 4135 1094 4191 etiam
1111 4132 1325 4188 iucarnationis
1341 4131 1611 4204 mysteriumsupra
1623 4130 1787 4186 humanam
1804 4133 1856 4187 est

1007 4223 1142 4297 gratiam.

1043 4330 1086 4386 69.
1103 4329 1237 4401 Denique
1253 4327 1483 4384 ininterioribus
1494 4326 1563 4399 quid
1573 4342 1662 4398 supra
1675 4329 1850 4383 contexuis-

1006 4419 1211 4491 setcxpressit
1223 4418 1326 4474 dicens
1339 4434 1345 4474 :
1361 4441 1371 4466 α
1382 4418 1455 4473 Post
1467 4435 1512 4472 rnc
1523 4418 1602 4471 venit
1613 4416 1668 4485 vir,
1682 4416 1776 4489 cujus
1787 4433 1843 4472 non

78 4567 83 4572 ,
154 4527 198 4582 65,
216 4526 316 4598 ltaque
339 4539 406 4580 cum
433 4520 591 4595 geminam,
609 4516 686 4572 sicut
710 4531 800 4586 supra
820 4514 903 4584 dixit,
923 4515 954 4570 in
967 4535 994 4600 n
1007 4525 1073 4565 sum
1093 4508 1203 4581 dignus
1224 4508 1421 4563 calceamenta
1441 4511 1557 4577 portare
1575 4505 1670 4575 (dean.
1702 4523 1723 4575 r,
1744 4506 1811 4576 ⁶27),
1833 4529 1841 4554 ι

118 4613 237 4670 Christo
252 4613 448 4670 substantiam
463 4608 682 4682 proposuisset,
700 4607 892 4676 ututrumque
909 4605 953 4659 in·
1006 4598 1206 4671 praestantiam
1219 4597 1319 4669 utique
1334 4597 1486 4670 dignitatis
1499 4597 1564 4665 (tir),
1582 4610 1641 4648 raon
1649 4596 1844 4650 aeternitatem

118 4704 236 4775 telligas
252 4706 280 4758 et
295 4701 457 4758 divinitatis
477 4703 506 4755 ct
524 4696 638 4762 carnis,
669 4695 725 4750 hoc
744 4693 810 4749 loco
833 4693 953 4764 coepita
1008 4687 1117 4743 dlvinae
1130 4685 1331 4758 generationis
1339 4701 1502 4755 exponens.
1514 4683 1595 4749 01¹⁰d
1610 4699 1746 4755 ⁰01¹Stt¹1⁰
1757 4684 1793 4737 Μ
1806 4685 1846 4738 in-

120 4808 217 4847 carne.
236 4793 289 4847 Est
303 4792 381 4847 enim
397 4788 560 4860 Scripturis
584 4784 753 4858 promiscua
769 4782 953 4838 consuetudo
1007 4776 1206 4832 caricationem
1222 4774 1356 4845 pertinet,
1374 4777 1404 4828 ut
1418 4777 1516 4844 ippum
1530 4774 1558 4827 in
1575 4772 1748 4827 hominibus
1765 4789 1843 4844 mps-

119 4880 239 4950 diviais,
251 4883 282 4935 ut
307 4879 453 4935 interdum
468 4895 485 4932 a
504 4875 655 4932 divinitate
670 4871 779 4927 Christi
794 4871 952 4942 incipiant,
1006 4866 1056 4920 tici
1066 4861 1522 4933 calceamentianteprmmiserit.
1534 4860 1846 4932 chcenimproximc

119 4969 194 5024 etad
209 4968 421 5023 incarnationis
441 4967 625 5022 sacramenta
645 4960 845 5030 descendaut;
861 4960 953 5015 inter·
1006 4953 1138 5009 defuncti
1149 4953 1194 5006 vet
1208 4951 1288 5007 tratri
1305 4951 1410 5022 copula
1425 4949 1614 5005 deserebatur
1627 4947 1696 5019 ojus
1716 4951 1844 5021 uxoris3

119 5058 187 5113 dum
203 5057 239 5112 alr
256 5056 417 5111 humilitate
440 5053 650 5109 incarnationis
666 5050 820 5107 exordium
835 5050 954 5103 sumant
1007 5048 1034 5099 ut
1044 5058 1146 5098 semen
1159 5042 1258 5096 fratris
1271 5042 1316 5095 rel
1328 5038 1846 5112 proximiresuscitarettlleut.xxv,

119 5151 147 5203 et
166 5146 201 5202 ad
215 5145 340 5218 gloriam
356 5144 517 5199 divinitatis
535 5145 706 5213 assurgant,
732 5141 763 5194 ut
778 5138 807 5193 in
821 5137 952 5208 prophe·
1006 5135 1043 5202 5).
1061 5131 1146 5187 Unde
1162 5131 1240 5202 quod
1258 5129 1346 5198 ltuth,
1367 5129 1436 5183 licet
1454 5130 1517 5199 ipsa
1541 5128 1727 5199 alienigena3
1744 5132 1846 5183 tamen

118 5237 167 5305 tis,
180 5239 208 5291 et
223 5235 253 5288 in
268 5232 462 5305 evangelistis
479 5231 659 5303 frequenter,
669 5233 697 5283 et
713 5228 742 5284 in
758 5227 859 5282 l‘aulo.
873 5225 953 5299 Ergo
1006 5221 1074 5294 quia
1097 5220 1231 5304 maritum
1251 5218 1394 5273 habuerat
1413 5234 1449 5272 cx
1467 5217 1588 5283 ludaeis,
1615 5215 1664 5288 qui
1681 5216 1847 5289 reliquerat

118 5329 147 5382 ct
162 5325 209 5380 hic
222 5323 306 5396 juxta
318 5324 507 5378 memoratam
531 5318 775 5375 consuetudinem
792 5316 828 5370 ab
851 5315 952 5370 incar·
1007 5309 1184 5380 supersitcm
1205 5307 1381 5378 proximum,
1403 5323 1526 5377 eamque
1542 5306 1731 5378 colligentem
1749 5309 1848 5362 nrani-

118 5417 235 5471 nnticne
250 5412 364 5468 Domini
389 5411 477 5480 carpit
491 5409 526 5464 de
542 5408 609 5480 ojus
625 5408 776 5464 divinitate
792 5406 925 5460 dicturus
943 5419 949 5459 :
1006 5400 1092 5470 pulos
1109 5414 1172 5453 succ
1191 5398 1313 5465 messiS,
1335 5396 1443 5466 quilius
1462 5395 1557 5448 alebat
1572 5401 1600 5449 et
1619 5411 1652 5450 se
1669 5398 1697 5451 et
1708 5411 1846 5467 socrum,

154 5558 210 5628 (63)
221 5558 294 5612 tiss.
311 5556 431 5627 aliquot,
449 5553 502 5607 doe
519 5557 580 5607 tuce
595 5556 706 5606 certam
718 5565 846 5628 earnem.
912 5619 916 5627 .
1042 5539 1237 5622 (datdonnrtli
1255 5556 1327 5620 mss.
1346 5539 1377 5593 di
1384 5538 1516 5592 vinitatis
1529 5554 1536 5608 3
1548 5537 1646 5610 aptius
1655 5538 1716 5609 atii,
1728 5543 1759 5595 et
1775 5557 1849 5596 cua·

154 5627 397 5699 (di)ttme1·b.ac
413 5625 510 5693 Erae,
528 5630 633 5679 tenere
653 5622 728 5694 quod
749 5626 868 5694 posnrt;
884 5618 950 5676 Gall.
1006 5619 1061 5670 ctae
1077 5612 1157 5681 edit,
1175 5610 1342 5686 dignatatis.

119 5705 148 5760 et
161 5702 244 5760 Rom.
260 5700 329 5758 edit.
347 5713 424 5758 cum.
442 5711 515 5755 mss.
533 5697 564 5754 ut
579 5695 711 5753 intexta.
