3900 6128
540 310 850 382 seleucianum
872 313 1044 380 CLASSIS
1064 317 1088 380 1.
1603 308 1685 380 noo

85 557 89 574 .
113 515 243 590 Ideoque
263 518 387 572 sanctus
401 516 548 588 Propheta
563 517 625 572 ait:
645 540 656 566 ι
672 515 713 572 Os
727 496 834 573 ιιι-Α
889 515 932 572 te.
953 516 1018 574 Nec
1032 516 1128 573 solum
1144 516 1246 573 oscula
1260 516 1433 590 nonhabet,
1450 517 1504 573 sed
1516 531 1572 573 nec
1586 515 1684 574 oleam

85 605 150 679 des,
166 608 196 662 et
209 606 394 662 annuntiabit
407 605 463 678 (ild)
479 605 595 663 leudem
605 608 683 661 tuam
694 606 789 677 (Psal.
849 605 947 677 habet,
963 621 1023 679 quo
1038 609 1131 680 ungat
1143 607 1235 679 podes
1249 606 1360 663 Christi
1375 607 1456 678 (Luc.
1472 624 1523 677 vu,
1539 605 1601 678 l'l);
1616 622 1684 663 uam

85 726 87 738 ι
101 693 158 763 Qui
173 711 246 770 ergo
260 695 358 751 laudat
383 695 539 750 Dominum
562 695 676 766 desum,
700 711 790 751 oscu-
850 695 876 749 si
890 694 1013 752 heberet
1027 697 1136 767 oleum,
1153 697 1300 752 cervicem
1315 697 1416 769 utique
1432 712 1518 753 suam
1532 697 1599 753 ante
1614 699 1686 755 mol·

85 800 113 840 m
129 800 137 841 :
153 785 205 857 qui
217 784 327 855 laudat,
344 785 437 840 credit
451 785 562 856 utique.
581 785 714 857 Denique
725 785 790 856 ipse
849 784 925 840 liret.
942 784 1078 858 Denique
1094 786 1215 858 Moyses
1236 786 1329 841 dicit:
1349 809 1359 835 ι
1386 785 1517 857 Populus
1541 784 1590 841 hic
1612 787 1685 843 dura

85 875 134 929 rit:
153 895 164 925 ι
181 873 310 944 Credidi,
335 878 456 946 propter
479 875 558 945 quod
583 873 701 930 locutus
723 890 790 929 sum
851 873 1275 948 cerviceestiExod.xxx1v,
1292 873 1336 947 9);
1353 876 1382 930 et
1397 875 1541 932 Dominus
1555 875 1685 949 aliquod

85 963 214 1034 xr,10);
232 983 243 1013 ι
261 965 290 1018 et
304 979 418 1034 supra:
439 985 450 1011 ι
468 964 629 1035 Repleatur
642 979 677 1018 os
694 957 791 1020 meum
850 962 1685 1039 levitaetsacerdosprartcrierunt,necquisquameorum

85 1067 113 1124 a,
129 1056 159 1107 et
172 1054 287 1108 cantem
303 1052 428 1125 gloriam
443 1056 523 1107 tuam
537 1053 633 1122 (Psat.
645 1069 714 1122 uxx,
724 1052 763 1124 8).
776 1076 787 1102 ι
850 1052 920 1116 961
940 1056 1038 1113 oleum
1052 1058 1104 1111 aut
1116 1056 1218 1112 uinum
1233 1055 1314 1111 illius
1328 1071 1345 1110 a
1361 1054 1527 1111 latronibus
1547 1054 1684 1127 percussi

85 1156 96 1198 a
110 1141 252 1214 specialis
266 1157 384 1214 quoque
400 1141 504 1214 gratiae
519 1142 669 1198 infusione
685 1142 790 1198 cadem
849 1147 1026 1205 vulneribus
1041 1145 1148 1203 infudit
1162 1145 1244 1216 (Luc.
1260 1163 1291 1218 x,
1307 1142 1352 1216 31,
1369 1143 1415 1215 di)
1432 1161 1438 1200 :
1454 1144 1607 1201 nonenim
1630 1144 1684 1200 ba·

85 1233 144 1287 tura
159 1231 256 1302 docet,
272 1231 353 1303 quod
376 1232 528 1288 osculetur
550 1230 712 1303 Christum,
738 1233 790 1304 qui
848 1239 958 1295 hebent
973 1236 1054 1310 quod
1069 1234 1274 1307 infunderent3
1290 1249 1359 1291 nam
1375 1234 1402 1290 si
1424 1233 1602 1290 habuissent
1625 1232 1685 1290 ota-

85 1319 235 1392 Spiritum,
257 1320 373 1377 dicente
397 1321 545 1392 Propheta
569 1323 673 1376 sancto
690 1337 697 1376 ι
715 1343 727 1368 ι
747 1321 789 1376 Os
848 1344 908 1399 um,
925 1327 991 1384 auis
1005 1341 1124 1399 qnoque
1139 1324 1314 1380 vulneribus
1333 1322 1524 1380 infudissent.
1550 1321 1609 1379 Sed
1623 1321 1685 1379 cla·

85 1408 189 1483 rperui,
218 1413 248 1466 et
270 1411 377 1465 attraxi
401 1409 543 1482 Spiritum
565 1410 660 1481 (Psal.
686 1427 788 1483 cxvnr,
848 1421 909 1474 mat
922 1416 1018 1473 isaias
1035 1432 1042 1473 :
1062 1439 1073 1464 ι
1091 1414 1157 1470 Νοιι
1172 1415 1218 1469 est
1231 1413 1379 1486 malagma
1400 1410 1563 1484 imponere,
1588 1427 1685 1486 neom

85 1497 232 1555 kcutatur
246 1514 320 1571 ergo
335 1497 498 1570 Christum,
514 1498 566 1572 qui
580 1499 738 1556 confltetur
751 1499 789 1556 il·
850 1506 958 1578 oleum,
975 1520 1072 1578 neque
1088 1503 1274 1576 alligaturam
1290 1502 1362 1573 (Isa.
1378 1518 1398 1573 r,
1412 1499 1451 1574 6).
1475 1524 1486 1552 ,ι

85 1587 241 1646 »maenius
256 1589 387 1645 cuditur
401 1588 607 1663 adjustitiam,
625 1604 677 1647 ora
691 1593 789 1646 autem
885 1597 930 1652 20.
951 1594 1087 1652 Ecclesia
1112 1596 1209 1650 auten
1233 1591 1323 1648 hubo
1343 1591 1451 1662 oleum,
1478 1606 1536 1664 quo
1562 1606 1684 1648 auorum

85 1692 106 1735 ιο
120 1677 154 1734 fil
165 1678 203 1734 td
217 1677 344 1735 salutem
366 1678 461 1748 (Hw-
477 1696 507 1746 ¹,
524 1678 580 1751 10).
599 1701 610 1728 .
631 1678 790 1736 Osculatur
850 1685 973 1742 vatnam
989 1682 1081 1754 fovet,
1099 1698 1137 1738 ne
1150 1681 1257 1738 dunila
1272 1681 1407 1737 vulneris
1421 1679 1479 1736 alte
1494 1682 1596 1751 serpat
1611 1696 1618 1736 :
1633 1679 1685 1735 ha-

85 1766 259 1839 tesChristi,
272 1768 323 1840 qui
335 1766 655 1841 Evangeliumlegens,
672 1769 790 1826 Domini
849 1776 900 1832 bet
922 1774 1029 1844 oleum,
1054 1769 1134 1845 quod
1158 1769 1273 1841 accepit
1286 1767 1343 1841 (39)
1358 1769 1519 1825 absconse.
1536 1769 1600 1824 Hoc
1619 1767 1685 1824 oleo

85 1859 128 1914 sta
143 1857 300 1930 cognoscit
314 1860 342 1914 et
356 1857 405 1930 pio
420 1857 543 1915 miratur
557 1856 681 1928 affectu,
705 1859 790 1916 ideo·
849 1864 928 1920 haer
943 1863 1048 1936 pedem
1064 1875 1151 1917 suum
1166 1859 1247 1930 lavit,
1272 1858 1351 1914 sicut
1365 1857 1518 1930 'scriptum
1541 1860 1588 1914 est
1604 1873 1611 1914 :
1627 1857 1685 1914 Be·

85 1947 170 2020 gioso
184 1946 291 2003 osculo
310 1948 391 2004 velut
413 1947 549 2021 quaedam
573 1947 790 2006 deambulantis
849 1953 986 2010 nedictus
1010 1951 1089 2008 illius
1113 1951 1206 2020 Aser,
1235 1950 1264 2004 et
1288 1947 1345 2004 erit
1372 1949 1513 2018 acceptus
1541 1946 1685 2004 fratribus

85 2034 189 2092 lambit
201 2036 341 2109 uestigia.
361 2035 537 2093 Osculamur
550 2052 625 2110 ergo
638 2036 789 2094 Christum
849 2043 925 2113 suis,
941 2042 972 2098 et
984 2040 1111 2114 intinget
1124 2037 1154 2094 in
1171 2038 1237 2094 oleo
1251 2036 1357 2109 pedem
1372 2052 1460 2093 suum
1469 2036 1567 2107 (Dent.
1577 2052 1683 2107 xxxru,

85 2125 252 2182 amunionis
277 2125 380 2182 osculo
398 2142 435 2181 :s
460 2125 516 2193 Qui
536 2125 618 2200 legit,
645 2126 790 2200 intelligat
847 2131 904 2203 24).
925 2153 935 2181 ι
954 2131 1019 2187 Hoc
1033 2145 1106 2203 ergo
1123 2127 1189 2184 oleo
1204 2125 1290 2200 ungit
1304 2125 1440 2181 Ecclesia
1456 2124 1590 2181 cervices
1614 2139 1684 2182 suo·

89 2232 174 2284 xxiv,
190 2213 245 2287 15).
268 2239 280 2264 ιι
468 2238 475 2247 ·
846 2237 923 2292 rum,
948 2221 981 2276 ut
996 2219 1164 2289 suscipiant
1174 2215 1282 2289 jugum
1297 2213 1407 2270 Christi
1424 2229 1431 2270 :
1446 2213 1504 2270 hoc
1519 2213 1585 2270 olco
1599 2215 1685 2271 unxit

85 2304 139 2360 nde
163 2305 221 2360 hoc
244 2304 349 2361 iudaea
375 2306 530 2362 osculum?
550 2304 605 2372 Qui
630 2306 708 2362 enim
729 2322 790 2363 non
846 2313 1004 2382 martyres,
1019 2311 1052 2365 ut
1067 2305 1244 2364 saecularem
1258 2304 1297 2360 ab
1312 2303 1357 2360 eis
1376 2303 1530 2376 pulverem
1551 2304 1684 2378 deterge·

93 2393 125 2450 in
139 2393 298 2449 adventum
313 2394 391 2466 ejus,
408 2410 464 2450 nec
477 2395 508 2451 in
531 2395 703 2467 passionem
725 2411 789 2452 cre·
846 2403 891 2457 ret
906 2415 913 2457 :
931 2400 988 2455 hoc
1004 2397 1072 2456 oleo
1087 2395 1280 2454 confessores
1305 2394 1399 2464 unxit,
1423 2409 1460 2448 ne
1483 2392 1579 2449 labori
1600 2393 1684 2450 cede

85 2483 205 2539 uomodo
220 2483 298 2539 enim
314 2484 552 2557 creditpassum,
568 2501 655 2558 quem
667 2485 788 2541 venisse
846 2491 921 2559 rent,
948 2503 985 2545 ne
1009 2485 1243 2543 succumberent
1265 2483 1388 2557 fatigati,
1414 2499 1451 2540 ne
1479 2485 1555 2539 aestu
1581 2483 1682 2540 mundi

85 2570 172 2629 lidii?
186 2572 254 2628 Non
277 2588 350 2646 crgo
371 2573 498 2629 habebat
521 2574 657 2631 osculum
680 2574 787 2630 Pheri—
847 2579 935 2634 istius
949 2579 1162 2634 vincerentur:
1185 2574 1253 2631 ideo
1268 2574 1354 2630 unxit
1368 2588 1432 2646 eos,
1447 2577 1480 2630 ut
1495 2572 1620 2646 spiritali
1635 2572 1682 2646 ip-

85 2661 130 2719 riei
151 2662 227 2717 forte
250 2663 337 2718 iudae
359 2663 532 2735 proditoris.
549 2663 608 2719 Sed
623 2679 679 2719 nec
692 2664 787 2720 iudas
823 2719 826 2725 ,
846 2684 900 2724 sos
916 2666 982 2724 oleo
997 2666 1190 2740 refrigeraret
1204 2663 1271 2735 (lo).

85 2792 91 2823 ,
111 2751 239 2824 ideoque
261 2766 328 2807 cum
350 2752 470 2808 ludaeis·
487 2753 670 2824 promissum
699 2769 787 2810 oscu·
870 2758 926 2813 it.
947 2757 1106 2831 synagoga
1120 2755 1178 2811 hoo
1193 2753 1291 2811 oleum
1305 2768 1364 2810 non
1380 2751 1479 2824 habet,
1495 2769 1563 2826 quae
1574 2751 1683 2809 olivam

85 2856 175 2914 quam
190 2841 311 2914 signum
326 2841 502 2912 proditionis
516 2842 606 2898 vellet
616 2844 786 2916 ostendere,
845 2847 1017 2916 nonhabet,
1033 2861 1100 2918 quaa
1115 2861 1174 2900 non
1188 2843 1332 2901 intellexit
1343 2841 1600 2900 illamcolumbam
1615 2858 1682 2916 quae

85 2929 224 2986 [lominus
242 2948 248 2986 :
269 2930 373 2986 eluda
398 2932 502 2988 osculo
526 2931 632 2988 Filium
657 2933 786 2989 hominis
845 2952 958 2993 ramum
974 2935 1048 2992 oleae
1063 2935 1166 2990 detulit
1179 2935 1248 3006 post
1261 2933 1403 2989 diluvium
1426 2931 1513 3003 (Gen.
1538 2949 1601 3003 viu,
1624 2933 1680 3004 tf).

85 3019 148 3077 bec.
165 3037 237 3089 xxm,
253 3021 320 3091 48)i
337 3044 348 3070 ιι
366 3019 424 3077 hoc
439 3024 495 3093 est,
522 3023 658 3079 osculum
682 3022 784 3095 offers,
845 3026 897 3081 illa
911 3025 989 3081 enim
1005 3024 1141 3081 columba
1154 3024 1260 3095 postca
1276 3022 1441 3094 descendit,
1451 3026 1526 3079 'cum
1541 3020 1681 3078 Christus

91 3108 185 3166 babes
200 3110 298 3166 osculi
312 3109 502 3181 charitatcm3
528 3111 664 3167 osculum
683 3111 784 3183 offers,
803 3116 1050 3198 chaptizaretur,
1066 3117 1094 3170 et
1110 3113 1219 3168 mansit
1233 3126 1325 3183 super
1339 3127 1417 3184 eum,
1433 3111 1512 3167 sicut
1531 3111 1562 3167 in
1586 3111 1682 3166 Evan-

85 3199 231 3256 isosceli
246 3203 472 3256 sacramentum.
491 3200 634 3257 Osculum
657 3217 716 3258 non
740 3201 786 3258 la·
844 3205 923 3280 gello
938 3207 1063 3261 testatur
1077 3204 1209 3260 ioannes
1235 3201 1338 3257 dicens
1356 3217 1362 3258 :
1382 3222 1393 3252 ι
1410 3200 1484 3267 Quia
1506 3199 1567 3255 vidi
1588 3199 1680 3272 Spiri-

85 3288 235 3361 uuaeritur,
253 3289 307 3344 sed
322 3289 421 3345 cordis
437 3292 465 3345 et
480 3293 596 3348 mentis.
843 3299 904 3351 tum
930 3294 1160 3352 descendentem
1185 3292 1221 3349 de
1244 3291 1320 3348 coelo
1343 3291 1430 3364 quusi
1455 3289 1632 3361 columbam,
1650 3291 1679 3347 et

85 3377 194 3434 ddicis
210 3394 216 3435 :
233 3379 393 3434 Osculatus
417 3384 464 3436 est
486 3380 654 3437 Dominum.
671 3381 782 3438 Verum
842 3385 951 3441 mansit
974 3399 1066 3457 super
1090 3398 1157 3439 cum
1181 3381 1276 3452 (doen.
1293 3397 1312 3452 r,
1328 3379 1384 3451 32).
1403 3404 1414 3428 ι
1436 3378 1589 3447 Quomodo
1605 3393 1678 3452 ergo

85 3467 278 3525 sestlebiis.
296 3469 361 3525 Hoc
383 3468 473 3526 habet
496 3471 633 3528 osculum
656 3472 784 3544 populus
841 3476 915 3531 vidit
939 3473 1116 3544 columbam,
1142 3471 1273 3546 quinon
1297 3469 1370 3525 vidit
1393 3485 1461 3525 eum
1483 3483 1679 3543 superquam

85 3571 133 3629 rm,
149 3556 275 3631 ideoque
291 3558 462 3614 dictumest
478 3575 485 3616 ε
505 3583 515 3608 ι
532 3560 666 3633 Populus
676 3561 724 3617 bic
738 3560 784 3617 le·
843 3564 971 3635 Spiritus
986 3563 1074 3636 quasi
1089 3561 1225 3618 columbe
1236 3558 1411 3615 descendit?

84 3645 220 3719 honerat,
238 3662 291 3703 cor
303 3650 401 3704 summ
416 3663 519 3705 eorum
533 3650 623 3724 longe
639 3653 716 3707 esta
738 3669 784 3710 me
878 3653 923 3709 fi.
944 3651 1079 3709 Ecclesia
1094 3652 1186 3724 igitur
1200 3652 1230 3706 et
1244 3648 1322 3705 lavat
1337 3648 1429 3721 pedes
1444 3647 1566 3719 Christi,
1583 3649 1612 3704 et
1627 3663 1678 3704 oa-

93 3753 146 3809 xr,
171 3737 210 3809 8).
239 3760 250 3786 ιι
274 3736 355 3810 Ergo
376 3752 436 3793 non
457 3738 548 3796 habet
571 3741 717 3813 osculum,
734 3743 785 3815 qui
842 3743 922 3816 pillis
944 3741 1010 3798 suis
1030 3740 1129 3813 tergit,
1154 3741 1183 3797 et
1205 3739 1271 3795 oleo
1293 3739 1378 3812 ungit
1393 3737 1459 3809 (tl),
1485 3740 1514 3793 et
1528 3735 1679 3808 perfundit

85 3826 93 3882 t
112 3824 287 3882 charitatem
311 3843 370 3882 non
393 3826 499 3899 habet3
524 3827 629 3886 osculo
644 3831 723 3885 enim
738 3832 785 3888 vis
844 3831 1011 3905 unguento;
1026 3829 1095 3902 quia
1111 3845 1170 3886 non
1185 3827 1282 3884 solum
1294 3827 1415 3883 saucios
1431 3827 1523 3897 curat,
1540 3825 1679 3882 etlasses

87 3916 253 3988 mprimitur
266 3915 334 3988 (38).
352 3916 410 3972 Ubi
425 3932 484 3972 non
499 3919 546 3974 est
559 3934 651 3991 amor,
668 3923 784 3978 nonest
846 3920 934 3992 fovet,
951 3917 1156 3976 verumetiam
1171 3917 1257 3974 suavi
1272 3917 1376 3991 gratiae
1392 3917 1483 3974 odore
1508 3917 1678 3989 respergit3

85 4018 121 4062 on
144 4006 191 4060 ast
213 4003 348 4077 dilectio;
371 4022 439 4079 quar
454 4009 552 4079 potest
567 4024 636 4066 esse
651 4009 784 4067 suavitas
845 4027 900 4067 nec
915 4009 1056 4066 divitibus
1072 4011 1184 4065 tentum
1203 4023 1238 4064 ao
1262 4006 1490 4079 potentioribus,
1514 4005 1568 4062 sed
1592 4005 1680 4064 etiam

85 4094 145 4151 tm?
844 4100 969 4174 plebeias
984 4097 1103 4155 familiae
1118 4097 1193 4154 uiris
1208 4096 1341 4154 eamdem
1355 4095 1678 4169 transfunditgratiam,

85 4182 186 4240 eclesia
211 4188 308 4241 autem
331 4201 390 4242 non
414 4191 515 4243 cessat
538 4188 669 4245 osculari
693 4191 785 4262 pedes
845 4206 931 4263 aequa
955 4204 1059 4245 omnes
1083 4187 1167 4244 lance
1189 4187 1347 4259 examinat,
1372 4200 1477 4244 omnes
1492 4185 1596 4242 codem
1611 4185 1680 4242 sinu

93 4275 123 4330 et
136 4271 204 4330 ideo
220 4290 280 4330 non
304 4291 406 4346 unum,
431 4275 486 4332 sed
505 4277 595 4333 multa
611 4279 641 4334 in
655 4277 786 4336 Canticis
801 4315 829 4378 D
845 4279 981 4351 suscipit,
998 4278 1104 4336 eodem
1120 4277 1235 4351 gremio
1251 4276 1341 4333 fovet.

85 4377 134 4419 um
158 4364 252 4436 exigit
275 4365 378 4421 oscula
403 4365 500 4436 (Cant.
516 4383 536 4437 1,
554 4367 591 4439 f),
616 4384 683 4442 quea
706 4369 787 4425 velut
880 4367 925 4426 23.
945 4366 1043 4426 Semel
1059 4371 1194 4423 mortuus
1208 4364 1348 4421 Christus
1364 4368 1419 4432 est,
1436 4363 1528 4420 semel
1543 4359 1679 4434 sepultus

85 4450 160 4507 faria
175 4453 212 4508 ad
228 4469 332 4509 omnes
348 4453 416 4526 ejus
431 4458 477 4511 est
492 4457 603 4512 intenta
618 4473 785 4530 sermones,
845 4460 907 4530 est;
930 4461 960 4515 et
982 4457 1177 4514 nihilominus
1201 4454 1333 4526 quotidie
1356 4453 1419 4509 vult
1440 4453 1470 4507 in
1494 4451 1586 4524 pedes
1606 4468 1680 4508 suos

85 4539 130 4612 ius
145 4543 369 4615 verbacxcipit3
383 4544 569 4619 cumlegitur
579 4545 786 4621 Evangelium,
846 4548 918 4604 mitti
934 4552 1127 4621 unguentum.
1147 4545 1180 4600 ln
1198 4559 1274 4617 quos
1290 4558 1363 4616 crgo
1378 4541 1488 4597 Christi
1505 4540 1597 4611 pedes
1611 4539 1680 4596 mit-

85 4629 176 4702 pheta,
199 4634 228 4687 et
253 4633 350 4688 omnia
373 4632 440 4704 ejus
464 4634 542 4690 dicta
571 4630 729 4692 conservat
758 4638 787 4694 iu
845 4639 935 4693 timus
951 4636 1153 4710 unguentum?
1168 4633 1264 4689 Pedes
1279 4631 1389 4688 Christi
1404 4629 1445 4684 illi
1462 4631 1541 4699 sunt,
1566 4629 1679 4702 dequi-

85 4734 109 4775 ιο
122 4720 206 4792 (Luo.
223 4738 254 4792 rr,
270 4722 327 4792 51).
349 4721 419 4778 Sola
443 4738 516 4797 ergo
541 4724 676 4782 Ecclesia
699 4726 788 4784 habet
846 4729 903 4784 bus
919 4729 983 4800 ipse
999 4726 1091 4782 dicit:
1111 4747 1122 4774 ι
1140 4722 1225 4788 Quod
1241 4721 1291 4777 uni
1307 4720 1413 4776 horum
1428 4719 1616 4774 minimorum
1638 4718 1680 4774 fe·

85 4809 150 4865 nasi
165 4826 292 4882 sponsa3
320 4812 458 4868 osculum
476 4814 554 4869 enim
569 4815 656 4887 quasi
676 4816 787 4890 pignus
846 4817 914 4872 cisti
938 4815 1011 4871 mihi
1034 4813 1149 4870 fecistis
1164 4810 1283 4881 (Matth.
1300 4826 1372 4879 xxv,
1390 4809 1445 4879 till).
1465 4832 1475 4857 ι
1500 4806 1565 4864 Hoc
1588 4808 1680 4879 pedes

85 4898 189 4971 iarum,
207 4903 235 4956 et
250 4903 448 4975 praerogativa
464 4903 609 4977 conjugii.
637 4905 721 4961 Unde
736 4907 787 4962 iu·
847 4907 894 4962 illa
910 4904 1015 4960 mulier
1029 4901 1201 4976 evangelica
1213 4899 1381 4973 refrigerat,
1397 4898 1454 4955 hos
1464 4897 1604 4971 lacrymis
1616 4896 1681 4953 suis

85 4987 152 5060 tela,
178 4989 229 5060 qui
255 5006 314 5046 non
338 4991 430 5046 credit
456 4992 486 5046 iu
512 4991 682 5065 Sponsum?
703 4994 788 5052 Unde
847 4994 951 5068 irrigat
965 4992 1046 5065 (Luc.
1064 5009 1115 5062 ιιιι,
1131 4991 1198 5061 38);
1214 4988 1331 5062 quondo
1346 4986 1456 5044 infimis
1472 4989 1625 5059 paccatum
1639 5002 1683 5042 re·

85 5079 192 5150 recula,
217 5078 441 5163 qui‚Sponsum
461 5082 558 5138 adhuc
583 5085 705 5142 venisse
728 5101 788 5142 non
847 5084 971 5140 mittitur
990 5082 1077 5154 culpa
1098 5080 1224 5150 lavatur,
1247 5079 1374 5134 donatur
1396 5076 1591 5150 indulgentia.
1618 5077 1682 5132 Hos

847 5175 940 5246 pcdes
955 5173 1108 5229 osculatur
1122 5170 1171 5226 ille
1186 5169 1237 5242 qui
1248 5168 1336 5225 etiam
1346 5166 1465 5223 intimos
1475 5166 1572 5238 plebis
1587 5180 1682 5220 sacrae

85 5308 181 5383 tegius
205 5310 312 5383 codex,
338 5337 349 5361 ι
376 5318 499 5371 sanctus
521 5317 561 5372 ait
586 5334 592 5373 :
623 5317 663 5374 Os
691 5333 789 5375 meum
848 5315 1121 5375 tiuscodexmanu
1140 5315 1313 5370 exaratus...
1338 5311 1530 5385 imprimitur,
1556 5305 1684 5387 hocosl

85 5384 308 5440 sternentiavi.
332 5408 343 5433 ιι
849 5407 908 5447 uon
942 5388 1131 5446 extrinsecus
1164 5389 1276 5441 tantum
1301 5385 1477 5453 ostenditur,
1510 5378 1565 5435 sed
1595 5379 1683 5432 ettam

85 5451 147 5509 loni
163 5455 268 5525 codex,
288 5476 299 5507 ι
317 5456 496 5514 Osculemur
510 5458 672 5532 Christum,
691 5482 702 5512 ι
721 5464 790 5533 etc,
849 5460 1065 5530 transmittitur,
1081 5474 1116 5514 ac
1131 5455 1358 5514 transfunditur.
1623 5515 1629 5528 ,

85 5525 251 5581 errabimus
268 5529 429 5601 vestigium
445 5530 580 5603 religiosi
596 5532 677 5588 iltius
697 5533 792 5590 silen—
886 5532 943 5606 (39)
964 5531 1035 5587 Post
1048 5531 1172 5587 verbum
1187 5528 1310 5601 accepit,
1326 5527 1410 5582 Rom.
1423 5524 1492 5580 edit.
1509 5516 1683 5573 adverbum

85 5592 286 5655 Eucharistiae
301 5601 476 5672 mysterium
491 5617 507 5656 a
522 5602 631 5728 griscia
642 5604 792 5675 Patribus,
852 5605 998 5661 absconso
1011 5618 1071 5659 non
1086 5601 1234 5675 umescit.
1317 5668 1324 5680 .
1405 5664 1437 5680 Η

87 5680 188 5727 sorem
203 5684 263 5728 non
277 5669 400 5728 initiatis
415 5672 506 5728 verba
534 5674 681 5746 sciebant,
698 5676 796 5733 occul·
888 5674 945 5747 (40)
965 5674 1080 5750 Regius
1094 5673 1199 5741 codex,
1219 5692 1230 5724 ι
1247 5672 1280 5726 ut
1294 5669 1343 5725 bra
1366 5662 1497 5739 spiritale
1521 5658 1619 5718 titum
1641 5673 1685 5720 Ν·

854 5748 891 5807 tri
913 5748 1022 5806 oraret
1043 5769 1055 5799 s

890 5763 947 5900 ὀί)
966 5817 1053 5883 Hom.
1069 5815 1151 5896 edit,
1169 5839 1180 5867 ι
1198 5815 1228 5876 et
1241 5811 1309 5874 ideo
1322 5806 1424 5890 ungit.
1436 5827 1452 5859 ι

85 5811 154 5875 ton.
172 5812 252 5892 edit,
271 5836 283 5865 ι
301 5814 354 5874 Vis
370 5815 481 5877 amoris
497 5815 694 5900 exprimitur,
714 5843 725 5874 ι
746 5835 797 5907 ep,
