3900 6128
137 231 213 297 1615

166 440 232 490 Car.
248 438 303 489 XV.
322 440 438 490 -Cum
459 440 553 490 Filium
573 440 643 491 Patri
657 439 813 514 ι’τιροιὺιων
825 443 915 493 Ariani
926 443 968 492 di·

137 516 204 569 eant,
220 511 307 559 cosin
323 512 376 559 Deo
391 512 565 561 substantiam
584 518 671 574 aperta
692 526 857 578 agnoscere:
873 527 921 562 ιιι
937 514 970 562 eb

136 573 206 623 aliud
219 574 285 621 hanc
298 586 389 622 vocem
404 573 537 637 defugere,
562 576 613 622 nisi
636 575 705 635 quod
731 576 803 624 illum
817 589 909 624 verum
925 576 971 623 Dei

138 635 233 687 Filium
253 635 328 683 fateri
353 633 443 693 nolint,
469 644 497 683 nt
516 637 675 699 significavit
697 639 827 686 Eusebius
848 639 971 687 Nicome-

138 697 247 747 diensis.
263 698 343 745 Recte
355 698 436 760 igitur
450 700 622 747 constitutum
636 711 651 746 a
665 699 780 748 Nicmnis
796 700 845 748 ΓΡ.
861 701 973 748 verbum

138 765 280 838 ὀμιοὺιιιν,
295 773 382 829 utpote
397 768 492 816 haeresi
507 769 657 831 oppositum
666 776 690 817 et
703 771 728 818 in
741 770 878 832 Scriptura
889 772 975 820 firma·

141 848 212 899 tum3
228 839 388 901 proindeque
403 838 537 902 neglectis,
553 852 611 901 quae
626 839 671 888 isti
686 840 769 904 ssgunt
793 838 824 888 de
848 839 973 890 Sabellia-

140 902 192 959 uls,
205 900 376 949 retinendum.
929 902 976 953 636

171 962 236 1012 Car.
253 962 320 1010 xvi.
335 989 367 997 —
391 962 426 1011 Ut
448 962 573 1012 Catholici
594 970 685 1013 contra
699 962 806 1013 fraudes
819 964 977 1013 atrianorum

140 1025 358 1090 praemuniantur,
384 1023 510 1073 subdolas
534 1024 659 1086 quasdam
681 1038 771 1074 eorum
794 1026 976 1074 consessiones

143 1089 249 1151 exponit
263 1098 269 1133 ε
283 1100 330 1135 ιιι
345 1087 465 1135 ιιι6ιιιι
488 1088 559 1148 quod
584 1087 678 1136 Filium
693 1100 879 1150 nonnunquam
895 1088 977 1138 Deum

142 1149 265 1206 vocitent,
282 1149 333 1196 nisi
348 1163 406 1197 cum
419 1149 556 1197 admittant
571 1149 644 1198 Patri
658 1148 793 1211 equalem,
808 1148 923 1199 collectis
938 1164 978 1198 ar·

142 1213 278 1277 gamantia
311 1211 393 1259 rebat.
932 1212 979 1261 ddi)

177 1274 243 1322 Car.
260 1274 280 1322 Χ
308 1275 341 1321 ll.
353 1299 385 1309 -—
399 1273 545 1334 objectioni
560 1287 618 1335 quta
630 1273 672 1321 hic
684 1275 757 1322 nasci
766 1278 876 1336 poterat,
887 1288 978 1323 eccur·

146 1348 218 1391 reas,
237 1348 284 1383 cur
299 1335 426 1383 Dominus
442 1336 572 1397 Stephano
589 1336 923 1398 starevisussit,e1plicat
936 1350 941 1383 :
956 1343 980 1384 et

147 1410 179 1445 ex
191 1398 273 1459 hujus
287 1398 318 1446 ad
333 1397 425 1446 Filium
439 1397 562 1460 precibus
577 1397 696 1459 ejusdem
718 1411 749 1447 ac
768 1397 853 1448 Patris
871 1399 979 1460 aequali-

148 1464 201 1508 tate
216 1460 377 1513 confirmata,
391 1460 486 1507 librum
502 1460 628 1509 terminat.

180 1522 284 1570 LIBER
301 1520 470 1579 QUARTUS.

180 1584 244 1633 Car.
260 1586 279 1631 l.
295 1610 326 1619 -
341 1584 416 1632 Haud
431 1584 527 1631 mirum
548 1598 606 1632 csse
641 1584 691 1632 uod
710 1584 829 1633 homines
844 1584 869 1632 in
885 1585 982 1633 Christi

149 1645 299 1710 cognitione
313 1647 466 1702 erraverint,
482 1646 527 1693 sed
543 1647 612 1707 quod
623 1598 771 1708 {criptura
787 1647 981 1709 nonobtempe-

150 1710 267 1756 ravat-int
282 1724 287 1754 :
305 1708 375 1754 illum
391 1721 494 1770 qnoque
517 1723 562 1755 nec
581 1709 613 1755 ab
633 1723 665 1757 an
677 1708 734 1756 reiis
754 1709 806 1757 nisi
825 1709 982 1756 revelatione

150 1770 234 1818 fuisse
246 1770 390 1832 cognitum,
402 1770 470 1817 sicut
484 1784 529 1817 nec
546 1771 577 1816 ab
592 1771 651 1831 ipso
664 1723 840 1818 Ursecursore.
856 1771 982 1831 Ejusdem

151 1832 249 1881 Christi
264 1831 290 1877 in
306 1831 399 1879 omium
412 1831 578 1879 ascendentis
596 1833 742 1893 triumphus
760 1831 852 1904 qualis,
869 1838 893 1879 et
907 1839 982 1941 rafim

151 1893 982 2017 utttttttatttldtt.utttttdt?{titillant

152 2015 236 2065 Filius
252 2017 416 2078 omnipotens
431 2030 489 2064 esse
504 2018 658 2065 ostenditur.
937 2018 984 2069 utu

184 2078 249 2127 Car.
267 2079 298 2125 11.
315 2080 344 2125 ln
361 2077 455 2126 carlum
470 2080 525 2126 sine
541 2079 590 2126 tide
604 2092 775 2127 ascensurum
790 2082 928 2137 nemiuem,
942 2079 984 2128 vel

153 2140 253 2250 ἓὲΐιξιὲιι
267 2141 594 2251 ἓξὲξῗὲιιιὲἓειιιθιίιὲιιιιιι
610 2154 616 2187 :
633 2140 701 2251 {lissam
716 2142 801 2250 illaque
816 2142 906 2192 sedulo
923 2156 985 2191 cou-

246 2217 255 2249 r
364 2239 370 2250 .
440 2217 452 2250 a
489 2217 659 2251 -rmrnnoi
689 2217 907 2265 carosquorum
939 2218 984 2252 or·

152 2269 186 2314 tas
200 2277 214 2311 a
234 2264 346 2313 erlendre
360 2276 391 2313 ac
406 2279 453 2327 per
465 2263 560 2313 Christi
574 2264 715 2314 divinitatis
725 2220 984 2316 consessionempele·

153 2338 204 2375 ran
224 2338 246 2374 re
261 2331 331 2375 sunt.
348 2327 403 2376 Has
417 2327 449 2376 ab
463 2327 568 2376 Arianis
586 2340 640 2376 non
659 2327 765 2383 elevari,
785 2341 832 2376 nee
846 2329 879 2377 ab
894 2329 927 2377 iis
940 2329 986 2393 qui

154 2388 291 2450 requirunt
312 2388 408 2437 Filium
432 2391 500 2437 inter
523 2395 643 2449 terrena;
662 2389 823 2453 proindeque
846 2391 906 2440 ilios
926 2404 986 2441 eum

152 2449 305 2514 Magdalena
319 2452 487 2500 remittendos
501 2452 533 2499 ad
546 2452 691 2513 apostolos,
710 2453 736 2500 in
757 2466 828 2514 ques
847 2458 929 2517 portas
943 2454 986 2502 in-

153 2513 202 2562 ieri
217 2525 270 2561 non
285 2512 471 2576 prevalebunt.
484 2512 622 2579 Colligitur
630 2528 662 2564 ex
670 2515 749 2564 dietis
763 2529 777 2564 a
791 2528 869 2564 servo
884 2515 987 2565 Domini

154 2574 275 2688 diffinitati
289 2589 343 2624 non
357 2576 544 2687 deroffiandum.
941 2576 987 2628 645

208 2651 252 2687 ar.
267 2638 313 2686 111.
328 2664 360 2675 -
373 2638 427 2687 Ver
446 2652 460 2687 a
475 2638 535 2688 illa:
552 2638 667 2688 «Omnis
680 2639 729 2687 vlri
745 2645 822 2702 caput
836 2639 986 2690 Christus...

155 2705 234 2763 caput
250 2706 335 2748 autem
350 2700 447 2748 Christi
458 2702 552 2750 Deus»
569 2702 590 2763 (l
599 2701 660 2751 Cor.
671 2716 708 2757 ιιι,
722 2701 756 2761 3),
771 2702 854 2763 primo
869 2703 896 2750 in
909 2703 986 2751 Aria·

156 2775 206 2811 noa
220 2763 295 2824 ipses
309 2768 465 2823 retorquet:
489 2762 581 2811 deinde
605 2762 702 2813 Christi
724 2768 823 2811 tantum
845 2765 988 2812 secundum

156 2830 277 2874 naturam
293 2825 432 2872 humanam
446 2824 606 2873 considerati
626 2825 708 2873 Deum
727 2830 805 2887 caput
820 2840 878 2874 esse
892 2841 923 2874 cx
938 2827 989 2875 alio

157 2886 302 2948 Scripturas
318 2884 385 2943 loco,
410 2900 486 2947 quem
506 2887 620 2948 objicere
635 2884 753 2937 solebant
769 2888 846 2936 iidem
862 2889 988 2946 haeretici,

157 2948 252 3013 probat
268 2960 274 2994 :
290 2961 337 2997 nee
349 2949 503 3010 prudentius
517 2961 621 3011 quoque
637 2952 786 3013 oppositum
800 2950 832 3000 ab
848 2950 914 3013 ipsis
931 2957 988 2999 tex-

157 3015 213 3059 tam
227 3009 323 3058 illum:
347 3028 358 3054 ι
378 3011 427 3068 Qui
446 3019 531 3060 autem
548 3010 664 3073 plantat,
683 3016 708 3060 et
733 3013 777 3074 qui
802 3014 883 3075 rigat,
908 3024 990 3062 unum

158 3078 246 3123 sunt»
266 3073 284 3133 (1
299 3072 360 3121 Cor.
377 3074 423 3133 ιιι).
439 3072 539 3131 Quibus
558 3072 701 3136 explicatis,
718 3087 769 3135 que
784 3081 858 3137 pacto
874 3074 991 3123 Pateria

158 3134 225 3186 Filio
240 3139 265 3184 et
280 3134 362 3183 Filius
378 3136 403 3183 in
420 3136 503 3193 Patre,
519 3148 566 3184 nee
580 3150 633 3184 non
653 3137 679 3184 in
701 3140 812 3199 utroque
827 3136 917 3186 iideles
930 3150 991 3186 esse

157 3198 287 3253 dicantur,
302 3199 426 3260 aperitur.
944 3198 992 3247 aar

190 3260 254 3310 Car.
269 3260 313 3309 tv.
326 3260 502 3322 —Objeetum
516 3260 549 3310 ab
562 3260 691 3309 haereticis
703 3259 790 3310 locum
801 3260 889 3311 iilum:
907 3262 992 3310 «Non

157 3327 247 3388 potest
260 3321 344 3371 Filius
358 3324 471 3371 iacerea
487 3337 516 3371 se
531 3321 680 3384 quidquam,
698 3340 709 3366 ι
729 3328 777 3372 etc.
797 3325 884 3383 (ioan,
901 3338 927 3381 v,
943 3324 990 3386 ¹9l·

177 3385 243 3434 rime
261 3400 274 3433 e
289 3384 512 3448 subseqnentibus
526 3385 615 3433 verbis
626 3384 732 3447 exponit
741 3398 748 3444 ;
764 3385 856 3435 deinde
872 3385 992 3449 singulas

158 3398 254 3511 Uategri
268 3452 356 3495 textus
370 3461 450 3497 voces
465 3447 633 3510 expendens,
651 3459 695 3496 eas
717 3447 814 3496 Ariana
836 3449 991 3511 interpreta-

160 3509 230 3558 tione
245 3509 314 3558 sumi
333 3509 390 3558 sine
411 3509 541 3571 impietate
558 3514 604 3559 aut
618 3508 779 3561 absurditate
792 3510 993 3573 haudquaquam

159 3584 249 3643 posse,
277 3571 424 3621 otissimum
433 3570 673 3621 creationismundi
681 3577 706 3620 et
713 3573 884 3635 quorumdam
894 3569 993 3621 Christi

160 3635 239 3685 ιιιιιι
270 3647 345 3683 orum
359 3634 485 3696 exemplis
499 3633 583 3683 docet.
946 3631 994 3683 6ι9

192 3696 256 3745 Car.
272 3696 305 3745 V.
320 3722 352 3732 -
366 3695 481 3758 Coeptam
503 3695 597 3758 objecti
617 3694 667 3745 loci
682 3696 871 3760 expositionem
885 3709 992 3760 urgens,

160 3760 276 3809 rationes
291 3765 402 3820 quatuor
416 3759 511 3821 quibus
526 3758 622 3819 aliquid
641 3759 698 3807 ilari
719 3771 770 3806 non
786 3772 864 3821 posse
878 3760 993 3809 aiilrma·

161 3834 230 3879 mus,
246 3822 366 3883 explicat,
381 3826 406 3869 et
420 3835 509 3869 earum
522 3821 620 3884 primas
637 3826 689 3869 tres
702 3821 728 3868 in
742 3820 877 3871 Christum
891 3835 943 3869 non
956 3834 996 3870 ca·

162 3881 230 3940 dere,
260 3884 354 3932 solutis
379 3882 536 3944 quibusdam
559 3882 769 3945 objectiunculis,
785 3883 954 3939 demonstrat,
970 3887 995 3932 et

162 3943 258 3994 Filium
273 3950 379 4006 propter
393 3945 475 3993 solam
488 3945 624 4009 potestatis
639 3958 699 3995 cum
709 3944 783 3994 Patre
793 3946 918 3995 unitatem
932 3945 995 3995 nihil

162 4020 178 4057 a
192 4019 221 4055 se
235 4007 321 4055 iacere
335 4006 446 4056 deducit.
948 4006 995 4056 652

194 4069 260 4118 Car.
283 4069 328 4118 Vl.
352 4095 384 4105 -
403 4068 509 4118 decedit
524 4070 557 4118 ad
583 4074 701 4130 quartam
722 4084 736 4118 e
757 4069 902 4119 rationibus
916 4083 995 4132 supra

162 4132 332 4191 memoratis3
356 4136 381 4179 et
404 4130 497 4179 Filium
512 4129 575 4180 nihil
591 4132 676 4180 tacere
709 4131 760 4179 uod
774 4145 827 4179 non
842 4132 996 4194 probatura

161 4193 248 4250 Patre,
264 4206 323 4242 cum
338 4193 372 4241 sit
385 4195 523 4254 utriusque
536 4195 650 4256 persocia
662 4145 805 4242 voluntatis
820 4200 898 4254 atque
912 4200 997 4256 potes-

162 4257 225 4305 tatis
240 4257 337 4314 unitas,
351 4256 451 4318 liquido
471 4255 596 4318 probans,
619 4255 758 4305 nonnullae
772 4255 938 4304 difficultates
953 4272 996 4305 su·

162 4317 241 4367 binde
255 4317 329 4367 tollit.
950 4320 996 4369 655

195 4381 259 4431 Car.
272 4380 329 4430 Vll.
340 4407 373 4417 -
382 4380 526 4444 Praeposita
537 4379 656 4430 doctrina
666 4381 726 4430 hinc
736 4381 914 4439 confirmatur,
925 4381 997 4442 quod

162 4441 248 4493 Filius
264 4443 298 4490 sit
313 4442 397 4492 Patria
413 4442 536 4500 Verbum,
553 4457 605 4491 non
620 4442 695 4505 quale
709 4449 838 4502 nostrum,
850 4443 896 4492 sed
906 4444 998 4492 vivum

164 4509 190 4553 et
203 4507 397 4568 operatorium;
412 4511 488 4568 atque
511 4505 575 4554 adeo
599 4519 652 4554 non
670 4505 758 4568 pessit
773 4506 864 4579 negari
878 4506 997 4568 ejusdem

164 4579 224 4617 eum
242 4567 317 4617 Patre
330 4568 481 4626 voluntatis,
497 4569 633 4630 potestatis
646 4581 677 4617 ae
693 4568 855 4616 substantem.
951 4567 998 4617 666

195 4629 261 4679 Car.
277 4629 348 4679 Vlll.
372 4658 404 4667 -
426 4631 617 4680 Harreticorum
639 4629 821 4691 objectionem,
836 4641 886 4691 qua
903 4629 998 4677 Filium

165 4691 234 4754 quod
254 4691 335 4741 alium
357 4692 481 4757 generare
503 4706 555 4742 non
578 4693 672 4765 possit,
699 4692 769 4740 Patri
791 4692 919 4757 negabant
940 4705 999 4740 esse

120 4765 123 4769 ’
164 4753 299 4813 aequalem,
312 4757 395 4817 prime
411 4756 437 4803 in
452 4755 620 4804 adversaries
640 4754 715 4864 {fsos
734 4758 889 4815 retorquet:
905 4753 999 4802 deinde

164 4814 300 4863 hominum
314 4817 427 4866 ostendit
442 4815 567 4880 exemplis
587 4829 638 4879 quo
677 4816 808 4879 quispiam
827 4822 934 4880 generet
954 4821 999 4865 aut

166 4888 254 4931 secus,
273 4877 460 4938 adpetentiam
483 4893 535 4928 non
559 4878 705 4941 pertinere;
731 4879 842 4927 maxime
859 4891 918 4929 cum
937 4878 999 4928 alio·

166 4937 211 4999 qni
233 4937 341 4999 ipsemet
364 4940 438 4991 Pater
460 4942 549 4992 minus
570 4945 664 5004 petens
688 4939 815 4988 dicendus
833 4944 913 4989 esset.
936 4939 998 4989 Inde

166 4997 226 5048 colli
246 5000 266 5047 it
292 4999 381 5051 divina
406 5016 437 5050 ex
465 5003 586 5052 humanis
612 5016 663 5052 non
686 5014 745 5050 esse
768 5001 930 5064 iudicanda,
953 5003 999 5051 sed

166 5013 289 5112 standum
316 5061 374 5112 Scri
393 5069 458 5114 turae
486 5067 647 5114 auctoritate.
672 5063 809 5113 Postremo
833 5065 999 5128 omnipoten-

165 5124 228 5174 tlam
248 5124 291 5173 vel
313 5124 383 5175 Patri
405 5126 621 5189 abjudicandam,
645 5126 687 5175 vel
708 5126 909 5189 adjudicandam
934 5126 999 5176 Filio

165 5186 211 5236 ubi
226 5187 424 5247 demonstravit,
444 5189 519 5252 ipsos
534 5189 557 5237 si
572 5189 640 5238 illios
655 5202 708 5239 non
723 5189 869 5255 genuerint,
884 5189 999 5252 propriis

166 5249 252 5299 servis
266 5251 310 5312 qui
325 5250 441 5300 sobolem
456 5252 666 5314 procreaverint,
691 5253 779 5301 minus
800 5255 920 5314 potentes
944 5253 999 5300 iore

164 5311 274 5370 inducit,
288 5314 449 5378 proindeque
465 5317 544 5362 totam
561 5326 653 5363 eorum
668 5314 872 5378 disputationem
886 5315 1000 5425 1⁰⁰1,th

165 5385 233 5423 esso.

157 5497 159 5501 .
197 5435 262 5487 Car.
281 5438 323 5486 lx.
338 5464 370 5474 -
382 5438 477 5490 Varias
492 5439 649 5489 arianorum
664 5438 853 5501 captiunculas,
869 5439 943 5502 queis
960 5438 1000 5487 Fi·

165 5495 228 5546 lium
251 5502 353 5562 cepisse
378 5503 576 5566 argutabantur,
599 5501 700 5564 protect
723 5505 749 5548 et
771 5500 893 5565 explodit.
918 5501 998 5557 Nam,

164 5567 339 5623 preterquam
361 5566 430 5626 quod
455 5580 500 5614 eos
520 5571 564 5614 ant
587 5570 676 5613 contra
701 5576 738 5618 se,
756 5569 802 5610 aut
821 5562 883 5610 nihil
898 5564 999 5611 silicara

165 5628 281 5682 constat;
298 5639 459 5676 cumrerum
475 5625 735 5691 omniumprincipio
758 5638 809 5672 non
833 5626 919 5687 possit
940 5639 1000 5673 esse

164 5680 332 5749 principium,
354 5690 380 5736 in
403 5690 527 5739 humanis
548 5690 625 5738 etlam
647 5699 737 5737 eorum
755 5687 945 5751 argumentatio
964 5688 1000 5735 vi·

150 5744 233 5813 ‹tiosa
243 5754 292 5798 est.
304 5748 368 5800 Tem
388 5762 419 5798 us
430 5752 510 5817 igitur
520 5765 571 5800 non
581 5748 752 5812 precessisse
762 5754 894 5798 auctorem
906 5760 997 5797 suum:

164 5808 212 5868 qni
227 5810 249 5857 si
262 5764 401 5873 aliquando
414 5825 467 5863 nen
481 5812 539 5872 tuit,
554 5818 617 5871 teme
630 5810 706 5865 Pater
715 5810 765 5863 mit
776 5811 832 5861 sine
843 5822 892 5860 sua
901 5809 1000 5860 virtute

164 5878 197 5919 se
217 5872 351 5946 sapientia.
372 5870 489 5937 Denique
511 5873 558 5925 ubi
578 5874 701 5937 humanis
720 5866 848 5941 exemplis
862 5875 999 5924 ostensum

158 5932 325 6008 anteaquam
336 5934 498 6004 priusquam
512 5940 648 6005 nascatur,
657 5948 726 5995 'esse
738 5932 806 6007 diet,
817 5928 1000 5993 hereticorum

154 5996 324 6062 ιιιιιιιιιιιιιι
339 6000 498 6066 detestetur,

834 234 952 301 ottuo
975 236 1142 302 RERUM.

1783 238 1863 305 tete

1054 436 1120 486 Gar.
1135 437 1167 485 Χ.
1181 460 1214 475 ·-
1225 436 1417 499 Objicientibus
1431 436 1576 511 Christum,
1592 437 1697 487 donnae
1718 440 1795 494 teste,
1818 438 1859 487 si-

1024 499 1862 624 titttitttitttu‘titttltttdddudtttt

1026 636 1075 671 nee
1089 624 1202 685 caepisse
1220 637 1252 671 ex
1269 630 1394 685 tempore,
1417 637 1464 671 nec
1478 623 1591 686 paudere
1604 621 1740 685 abaliquo
1757 635 1764 670 :
1778 622 1861 674 locum

1026 698 1090 734 vero
1104 685 1135 735 de
1149 686 1262 734 humana
1272 685 1358 746 ipsius
1373 686 1426 734 vita
1442 684 1641 748 intelligendum
1655 698 1688 733 ex
1700 698 1733 733 eo
1748 686 1860 746 probari,

1025 747 1095 808 quod
1117 747 1213 796 ibidem
1236 747 1268 795 de
1293 760 1454 809 corporeae
1478 749 1607 810 sanguine
1623 760 1674 796 suo
1689 747 1860 808 premiserat.

1026 809 1093 857 Tum
1107 808 1220 858 duarum
1233 810 1397 858 controversi
1416 809 1466 857 loci
1492 810 1686 872 expositionum
1700 809 1813 870 primam
1825 824 1862 858 re-

1026 871 1088 919 terri
1102 871 1134 919 ad
1148 871 1342 921 humanitatem.
1356 876 1383 919 et
1396 871 1511 919 secunda
1529 870 1589 920 Filii
1606 884 1667 919 cum
1682 869 1760 918 Patre
1774 883 1861 932 requa-

1028 933 1136 989 litatem,
1154 947 1201 981 nee
1220 946 1272 980 non
1290 945 1350 981 eum
1368 934 1472 981 homine
1487 932 1683 981 similitudinem
1698 932 1801 1004 signari
1821 933 1862 983 do·

1027 998 1077 1043 cet.
1094 994 1191 1043 Deinde
1205 995 1343 1056 perstricta
1357 1008 1436 1055 quam
1454 994 1519 1043 Filio
1534 995 1680 1049 inurebant,
1692 994 1803 1055 iniuria,
1814 1008 1863 1055 quo

1028 1061 1104 1120 paeto
1121 1057 1197 1105 etiam
1215 1057 1359 1105 secundum
1371 1057 1533 1105 divinitatem
1547 1062 1655 1118 propter
1670 1056 1776 1106 Patrem
1785 1057 1862 1112 vivat,

1028 1119 1120 1180 aperit.
1136 1120 1174 1167 Ae
1190 1117 1293 1167 tandem
1307 1119 1428 1180 exposito
1442 1132 1501 1180 qute
1515 1118 1577 1167 vitae
1590 1124 1690 1167 ιιοιιιιι
1704 1130 1766 1166 cum
1779 1118 1864 1168 divina

1028 1180 1116 1229 unitas
1128 1182 1171 1236 sit,
1187 1179 1265 1230 aliam
1278 1180 1462 1242 objectionem,
1477 1192 1535 1240 qua
1543 1179 1628 1231 Filius
1638 1193 1686 1243 per
1696 1179 1800 1229 Patrem
1810 1180 1865 1230 ιιι·

1029 1243 1127 1291 rihcari
1141 1244 1291 1304 opponitur,
1307 1243 1399 1306 paucis
1412 1242 1536 1291 absolvit.
1821 1242 1867 1291 666

1062 1321 1126 1370 Car.
1142 1323 1185 1370 Xl.
1198 1348 1230 1358 -
1244 1323 1390 1371 Discrimen
1405 1321 1477 1383 quod
1492 1322 1607 1370 conflare
1622 1321 1715 1370 Ariani
1727 1321 1869 1370 molieban-

1030 1389 1073 1432 tur
1088 1398 1101 1431 e
1115 1385 1204 1432 verbis
1217 1384 1337 1446 Apostoli
1350 1397 1381 1432 ex
1396 1384 1474 1432 Patre
1484 1384 1579 1438 omnia,
1595 1389 1620 1430 et
1636 1397 1682 1445 per
1697 1383 1793 1432 Filium
1809 1397 1867 1431 om·

1031 1444 1075 1494 nia
1095 1460 1156 1494 essa
1179 1446 1308 1499 decentis,
1327 1446 1460 1494 irridetur.
1478 1445 1632 1493 Ostenditur
1651 1447 1718 1494 enim
1733 1445 1786 1494 illie
1799 1459 1869 1494 eam

1032 1507 1089 1556 dem
1115 1508 1202 1556 Patris
1224 1522 1255 1556 ac
1274 1508 1333 1556 Filii
1351 1509 1561 1570 omnipotentiam
1575 1507 1683 1568 exprimi
1698 1522 1705 1557 :
1721 1508 1791 1568 quod
1806 1521 1866 1555 cum

1032 1584 1064 1617 ex
1088 1569 1147 1617 aliis
1168 1569 1322 1628 locis,'tum
1345 1584 1376 1617 ex
1400 1570 1487 1632 ipsius
1508 1567 1582 1618 Pauli
1600 1574 1673 1617 textu
1685 1570 1865 1618 confirmatur.

1033 1632 1109 1681 Hunc
1122 1631 1236 1680 absurde
1247 1632 1278 1680 ad
1293 1632 1395 1679 Patrem
1411 1632 1501 1679 reterri
1515 1632 1548 1679 ab
1562 1632 1707 1687 haereticis,
1731 1643 1761 1679 ae
1784 1634 1866 1693 perti-

1033 1707 1096 1741 nere
1109 1695 1140 1741 ad
1156 1693 1251 1743 Filium
1266 1707 1297 1742 ex
1311 1694 1430 1754 ejusdem
1440 1694 1508 1740 serie
1517 1692 1691 1741 demonstrari
1701 1704 1707 1739 ι
1719 1707 1765 1741 nec
1778 1699 1865 1741 tamen

1033 1755 1174 1817 quidquam
1194 1756 1253 1804 Filii
1269 1755 1389 1818 derogari
1404 1757 1533 1817 potentie,
1557 1755 1580 1801 si
1599 1754 1631 1802 de
1646 1754 1722 1802 Patre
1735 1755 1865 1818 intelliga-

1033 1822 1083 1864 tur.
1102 1815 1236 1865 Postrcmo
1251 1818 1360 1873 inistis,
1377 1831 1409 1865 ex
1470 1830 1494 1869 o,
1518 1829 1564 1877 per
1580 1828 1658 1877 quem
1674 1821 1699 1863 et
1714 1818 1740 1863 in
1753 1830 1802 1878 que
1817 1817 1863 1864 ali-

1034 1879 1105 1939 quid,
1122 1879 1217 1927 nullam
1232 1879 1392 1928 intercedere
1406 1879 1431 1926 di
1455 1879 1587 1935 arentiam,
1611 1885 1637 1926 et
1656 1879 1713 1926 base
1738 1881 1823 1926 omnia
1837 1880 1868 1925 de

1033 1942 1119 1989 tribus
1132 1942 1254 2003 personis
1268 1942 1327 1999 diei,
1344 1941 1448 1990 evincit.
1822 1941 1870 1990 atu

1067 2020 1131 2071 Car.
1147 2023 1202 2070 Xll.
1217 2046 1248 2057 -
1266 2019 1341 2079 Quod
1356 2020 1527 2082 objiciebatur
1546 2032 1578 2066 ex
1597 2019 1699 2068 ioanne
1714 2019 1812 2070 Filium
1823 2015 1870 2069 viti

1035 2090 1059 2133 et
1075 2082 1177 2133 Patrem
1190 2083 1314 2146 agricolae
1335 2082 1491 2145 comparari,
1515 2080 1546 2129 do
1571 2082 1752 2137 incarnatione
1774 2080 1867 2130 intelli-

1035 2146 1147 2212 gendum
1164 2161 1169 2192 :
1183 2147 1229 2207 qui
1240 2158 1303 2194 vero
1315 2143 1460 2194 secundum
1469 2144 1661 2207 generationem
1675 2142 1796 2197 divinam
1809 2144 1868 2191 illud

1034 2209 1171 2270 accipiant,
1197 2206 1264 2256 Filio
1287 2205 1353 2256 duas
1377 2206 1489 2268 injurias
1509 2205 1614 2262 inferre,
1641 2218 1720 2266 quem
1744 2208 1769 2252 ei
1794 2202 1869 2254 Paulo

1035 2274 1203 2344 postponant,
1226 2276 1251 2318 et
1273 2273 1378 2331 aqaent
1400 2269 1459 2318 aliis
1482 2267 1632 2322 hominibus
1648 2282 1655 2317 ι
1671 2265 1783 2316 totidem
1797 2269 1870 2317 etiam

1035 2330 1110 2391 nihili
1124 2344 1183 2381 csse
1196 2330 1377 2381 testificentur.
1393 2330 1456 2379 dum
1472 2327 1536 2378 ralsa
1554 2328 1773 2391 interpretatione
1788 2328 1870 2379 denuo

1036 2395 1143 2456 reiecta,
1158 2406 1272 2455 veraque
1286 2393 1447 2450 confirmata,
1459 2390 1542 2441 Filius
1554 2403 1659 2452 quoque
1674 2390 1824 2440 secundum
1836 2390 1871 2445 di·

1035 2457 1172 2506 vinitatem
1186 2455 1302 2519 agricola
1318 2467 1386 2511 esse,
1401 2467 1431 2502 aa
1453 2466 1504 2502 uva
1517 2452 1662 2501 seeundum
1676 2454 1870 2511 humanitatem,

1036 2519 1178 2629 ιιιὶιιιιιιιιι
1193 2516 1262 2566 unde
1274 2517 1395 2580 superior
1406 2513 1587 2580 praecellentia
1601 2518 1723 2578 paternae
1738 2515 1872 2627 ιιριιιιὶιὲἓ

1037 2585 1078 2631 sta
1095 2582 1175 2629 iitur.

1068 2661 1172 2711 LIBER
1190 2659 1351 2720 QUINTUS.

1069 2740 1219 2790 Proaoeus.
1235 2740 1406 2798 -Quisnam
1421 2737 1505 2787 tidelis
1519 2742 1545 2786 et
1559 2735 1678 2798 prudeus
1687 2751 1795 2788 wreus.
1807 2738 1873 2811 Ejus

1037 2815 1138 2852 merces
1152 2803 1178 2850 in
1191 2802 1266 2851 Petro
1280 2802 1428 2860 indicatur;
1453 2801 1514 2849 item
1536 2799 1614 2848 etiam
1636 2800 1663 2848 in
1688 2800 1779 2856 Paulo,
1793 2813 1872 2861 emus

1038 2865 1185 2914 auctoritati
1207 2879 1297 2926 parere
1314 2864 1472 2913 Ambrosius
1485 2862 1596 2923 cupiens
1617 2861 1688 2911 hune
1707 2862 1798 2911 librum
1812 2864 1871 2910 aliis

1038 2926 1168 2988 adjectum
1182 2927 1273 2986 voluit,
1288 2928 1333 2988 qui
1348 2940 1400 2974 non
1414 2924 1527 2988 potuerit
1550 2924 1577 2971 in
1603 2925 1736 2985 superiore
1749 2938 1869 2985 eompre-

1039 2989 1126 3037 hendi.
1148 2987 1214 3045 Quid
1239 2991 1264 3037 in
1288 2989 1338 3037 hoe
1360 2989 1543 3050 disputaturus
1564 2985 1608 3040 sit,
1633 2999 1719 3046 quoae
1739 2985 1875 3036 consilio!

1040 3051 1133 3100 Deberi
1149 3051 1199 3099 sibi
1213 3052 1324 3106 veniam,
1340 3063 1400 3099 cum
1409 3050 1441 3098 ab
1452 3048 1575 3097 omnibus
1588 3048 1721 3098 ministris
1736 3049 1875 3109 quaerenda

1041 3115 1075 3162 sit
1089 3113 1194 3162 creditae
1209 3113 1259 3161 sibi
1273 3114 1390 3175 pecunia·
1404 3125 1496 3160 usura.
1512 3110 1587 3157 llaec
1601 3110 1651 3158 sibi
1666 3124 1776 3160 usuram
1787 3110 1876 3158 fideles

1040 3189 1099 3223 esse
1115 3175 1235 3223 :beatum
1249 3182 1334 3224 autem
1357 3176 1423 3232 tore,
1443 3175 1467 3223 ιι
1487 3171 1635 3220 mercedem
1650 3186 1759 3235 sperare
1773 3173 1825 3221 sibi
1842 3173 1874 3220 ιι-

1040 3244 1108 3295 eeat;
1125 3251 1153 3284 se
1169 3242 1251 3285 tamen
1265 3235 1538 3346 sanctorumJtremia
1550 3246 1604 3282 noa
1619 3240 1673 3282 tam
1688 3241 1789 3298 optare,
1801 3248 1876 3297 quam

1040 3312 1176 3362 paenarum
1192 3299 1389 3357 immunitatem,
1404 3313 1420 3348 ι
1452 3309 1530 3361 quam
1546 3297 1698 3347 merendam
1712 3310 1806 3347 omnes
1821 3299 1878 3407 ιὲιῖι5

1041 3367 1119 3411 tatur.

1073 3441 1138 3491 Car.
1155 3444 1174 3490 l.
1190 3467 1221 3477 -
1234 3441 1317 3499 Quam
1332 3441 1404 3504 impii
1419 3440 1471 3489 sint
1490 3441 1590 3499 Αιιιιι,
1608 3440 1672 3489 dum
1691 3438 1756 3490 illud
1779 3441 1806 3488 in
1828 3453 1877 3503 quo

1041 3506 1153 3553 humana
1175 3502 1286 3552 felicitas
1308 3507 1425 3560 constat,
1450 3504 1593 3568 impugnat.
1619 3502 1752 3552 ioannem
1777 3513 1878 3565 semper

1041 3579 1100 3615 eum
1114 3566 1189 3614 Patre
1204 3565 1298 3614 Filium
1312 3566 1482 3630 conjungere,
1498 3565 1609 3614 maxime
1622 3563 1669 3613 ubi
1686 3561 1739 3613 ait:
1757 3580 1770 3606 ι
1786 3562 1822 3613 Ut
1836 3577 1877 3612 eo·

1062 3633 1170 3676 noscant
1193 3632 1217 3676 te
1241 3626 1325 3676 selum
1346 3640 1480 3685 verum,s
1502 3633 1551 3677 ete.
1574 3626 1631 3675 illie
1653 3625 1737 3691 igitur
1760 3643 1773 3669 a
1789 3638 1877 3674 rerum

1042 3643 1152 3741 Usum·
1177 3690 1254 3737 etiam
1279 3689 1475 3753 intelligendum
1496 3690 1527 3738 de
1552 3689 1629 3748 Filio,
1653 3687 1761 3750 quando
1787 3690 1809 3736 is
1831 3700 1877 3735 nec

1043 3752 1113 3801 Deus
1128 3752 1218 3815 negari
1233 3753 1326 3814 possit,
1343 3766 1389 3800 nec
1403 3752 1487 3801 salsus
1503 3751 1553 3800 diei
1566 3764 1572 3811 ;
1585 3751 1638 3800 imo
1650 3763 1700 3799 uec
1715 3751 1792 3801 etiam
1806 3763 1875 3799 nun·

1043 3815 1190 3877 cupativus.
1206 3814 1280 3871 Quod
1294 3813 1413 3862 ultimum
1427 3814 1471 3861 ubi
1484 3827 1515 3863 ex
1527 3811 1657 3876 apostolo
1670 3812 1879 3863 demonstratum

1043 3881 1092 3934 est,
1105 3874 1239 3925 Christum
1250 3888 1342 3924 verum
1355 3877 1437 3926 Deum
1452 3888 1511 3925 esse
1526 3877 1574 3924 rite
1589 3874 1737 3924 coniicitur.
1834 3873 1882 3922 66)

1075 3954 1140 4006 Car.
1156 3956 1190 4006 ll.
1198 3981 1231 3992 -·
1239 3955 1304 4005 Cum
1314 3956 1451 4018 probatum
1463 3957 1498 4005 sit
1507 3955 1604 4005 Filium
1614 3968 1675 4003 esse
1684 3967 1776 4005 rerum
1786 3954 1878 4009 Deum,

1044 4032 1091 4067 nee
1106 4018 1131 4065 in
1146 4018 1318 4066 seminarem
1337 4016 1429 4076 Patre;
1451 4016 1598 4066 ostenditur
1619 4031 1666 4079 per
1689 4030 1778 4065 vocem
1797 4017 1878 4065 selas

1044 4094 1104 4130 eum
1118 4080 1145 4128 in
1159 4080 1302 4143 Scripturis
1316 4079 1348 4129 de
1364 4079 1439 4129 Patre
1456 4079 1562 4137 dieitur,
1577 4091 1631 4129 aen
1648 4078 1749 4127 excludi
1764 4077 1877 4132 Filium

1045 4142 1173 4205 quinimo
1188 4141 1293 4191 haneet
1309 4155 1401 4191 vocem
1420 4155 1475 4204 prae
1492 4141 1595 4191 cunctis
1618 4146 1643 4190 et
1666 4140 1715 4190 seii
1733 4140 1785 4201 ipsi
1809 4153 1878 4187 eon·

1045 4205 1142 4253 venire.
1158 4203 1310 4253 Trinitatem
1336 4218 1389 4255 non
1414 4205 1481 4252 inter
1503 4203 1600 4261 omnia,
1617 4200 1665 4252 sed
1687 4212 1719 4251 sn
1752 4215 1765 4247 r
1787 4202 1881 4251 emnia

1046 4268 1128 4316 solam
1142 4280 1202 4315 csse
1217 4282 1222 4315 :
1242 4266 1336 4315 Filium
1350 4279 1413 4314 vero
1428 4264 1514 4315 solum
1532 4267 1627 4320 iacere,
1642 4276 1701 4326 quaa
1723 4264 1776 4312 aeit
1791 4262 1883 4322 Pater,

1044 4342 1076 4379 ac
1098 4328 1184 4378 solum
1197 4329 1291 4377 habere
1304 4327 1539 4394 immortalitatem
1555 4342 1603 4377 uec
1617 4324 1723 4389 proinde
1742 4326 1771 4374 iu
1789 4326 1883 4374 verbIs

1045 4390 1225 4440 controversis
1249 4404 1308 4439 eum
1335 4404 1350 4440 a
1376 4388 1451 4439 Patre
1476 4388 1666 4452 separandum,
1693 4388 1776 4436 licere
1797 4394 1882 4436 mmen

1046 4466 1104 4502 eum
1128 4452 1215 4501 locum
1238 4451 1382 4515 intelligere
1402 4451 1433 4499 de
1453 4451 1648 4509 iucarnatione;
1662 4449 1696 4500 ab
1710 4448 1764 4498 illis
1779 4449 1882 4497 demum

1047 4514 1150 4565 Patrem
1159 4514 1191 4562 ab
1202 4515 1336 4563 hominum
1350 4514 1527 4576 redemptione
1542 4513 1652 4571 secludi,
1669 4511 1715 4575 qui
1728 4513 1763 4562 ab
1777 4512 1827 4561 hoe
1842 4512 1883 4560 Fi·

1046 4577 1111 4626 lium
1125 4576 1275 4639 seiunctum
1287 4576 1387 4626 volunt.
1837 4573 1881 4625 681

1078 4656 1144 4707 Car.
1168 4657 1212 4706 Ill.
1235 4682 1266 4693 -·
1286 4656 1392 4704 Arianis
1416 4660 1507 4705 eontra
1530 4655 1686 4718 umentibus
1706 4654 1773 4702 deos
1794 4654 1882 4703 induci

1047 4717 1115 4769 dues
1135 4733 1168 4767 ex
1192 4719 1289 4768 unitate
1313 4718 1485 4774 substantiae,
1512 4718 1686 4778 respondetur
1706 4716 1882 4778 pluralitatem

1047 4794 1079 4830 ex
1103 4781 1253 4830 diversitate
1276 4781 1365 4842 petius
1388 4780 1487 4837 inferri,
1528 4778 1670 4840 reindaque
1691 4780 1718 4826 ιιι
1740 4780 1816 4839 ipsos
1841 4792 1883 4825 re-

1048 4842 1134 4893 cidere
1162 4855 1236 4891 suam
1259 4843 1464 4892 accusationem.
1525 4841 1683 4890 iversitateua
1712 4840 1884 4902 multiplicem

1047 4905 1075 4954 in
1097 4917 1178 4954 causa
1195 4917 1255 4955 esse
1277 4917 1325 4952 eur
1347 4905 1399 4952 duo
1418 4904 1538 4953 homines
1560 4916 1630 4953 unus
1652 4903 1733 4951 homo
1757 4903 1810 4950 diei
1833 4916 1884 4951 non

1047 4967 1169 5030 possiem
1190 4980 1250 5015 eum
1269 4970 1354 5015 ιιιιιιιι
1370 4979 1461 5015 omues
1479 4965 1598 5015 homines
1621 4963 1796 5027 duguiariter
1809 4965 1885 5014 hemo

1048 5027 1185 5085 dicantur,
1211 5028 1256 5078 ubi
1280 5033 1381 5077 naturas
1404 5029 1492 5077 unitas
1515 5027 1655 5076 indicatur.
1677 5025 1769 5075 Solam
1792 5028 1819 5075 in
1845 5027 1887 5073 his

1048 5097 1166 5141 naturam
1180 5103 1259 5139 uuam
1272 5102 1351 5145 esse:
1374 5095 1401 5138 at
1422 5089 1597 5137 omnimodam
1620 5089 1647 5136 in
1670 5090 1796 5150 personis
1816 5088 1886 5136 divi·

1047 5154 1091 5202 nis
1105 5154 1249 5211 unitatem;
1273 5165 1290 5202 a
1309 5152 1386 5201 Patre
1407 5151 1487 5215 igitur
1509 5164 1561 5199 non
1582 5150 1758 5224 separandum
1773 5149 1887 5207 Filiam

1048 5216 1159 5265 maxime
1182 5227 1241 5263 eum
1263 5215 1287 5263 ei
1308 5213 1424 5263 debitam
1442 5227 1504 5263 esse
1521 5212 1697 5264 adorationem
1716 5225 1818 5276 negare
1837 5225 1889 5326 ιέιόιί

1047 5279 1169 5327 audeant.

1079 5358 1144 5406 Car.
1168 5356 1212 5405 tv.
1238 5381 1268 5395 -
1292 5355 1472 5418 objiciebatur
1485 5357 1518 5405 ab
1531 5355 1662 5404 hereticis
1684 5352 1824 5402 Christum
1846 5353 1890 5402 Pa·

1049 5420 1082 5467 tri
1096 5419 1275 5468 adorationem
1291 5418 1450 5467 exhibuisse.
1465 5418 1501 5466 At
1514 5417 1649 5481 reponitur
1662 5420 1688 5465 et
1701 5416 1755 5463 hoc
1770 5418 1888 5465 reseren-

1047 5481 1110 5530 dum
1124 5482 1156 5529 ad
1169 5483 1364 5538 humanitatem,
1384 5486 1414 5529 ιι
1432 5494 1463 5529 ax
1479 5479 1529 5529 ioci
1545 5479 1661 5528 examine
1676 5478 1888 5529 manifestator:

1049 5543 1101 5593 illic
1122 5550 1207 5591 tamen
1232 5542 1317 5592 addita
1334 5556 1393 5591 esse
1410 5542 1556 5591 divinitatis
1575 5541 1743 5596 testimonia,
1765 5542 1841 5603 quod
1865 5542 1889 5588 in

1047 5605 1106 5656 aliis
1121 5607 1196 5655 etiam
1211 5605 1310 5655 Christi
1325 5606 1449 5668 operibus
1464 5608 1562 5655 tactum
1578 5603 1705 5671 ridemus.
1845 5604 1890 5654 663

1079 5686 1144 5734 Car.
1170 5687 1203 5733 V.
1227 5713 1259 5721 -
1279 5686 1414 5735 Dominica
1439 5685 1471 5735 ad
1498 5682 1613 5733 Zebedaei
1635 5680 1754 5731 illiorum
1779 5688 1889 5732 ιιιιιιιι

1047 5748 1128 5797 verba
1143 5748 1320 5813 ingerentibus
1336 5746 1494 5796 Ambrosius
1509 5760 1553 5795 res
1572 5744 1659 5799 audet,
1676 5744 1750 5806 quud
1765 5744 1890 5796 Christus

1047 5810 1171 5873 maestitia
1192 5808 1261 5860 illam
1282 5810 1385 5871 edicere
1400 5809 1519 5867 noluerit,
1535 5760 1677 5871 cssmentim
1691 5807 1786 5857 ruisse.
1799 5808 1890 5859 Aliar-

1046 5876 1092 5937 ιιι
1105 5871 1219 5935 th‘uace
1230 5870 1381 5937 ixadngenti¹
1414 5880 1494 5929 masa
1507 5868 1652 5935 rapitiplex.
1664 5868 1792 5931 Voluisse
1806 5869 1889 5937 igitar

1043 5932 1190 5986 'Dominum
1209 5926 1349 5999 petitionis
1368 5932 1388 5983 ll
1426 5930 1661 5983 seoncessienem
1673 5931 1709 5981 ad
1721 5928 1827 5981 Patrem
1841 5926 1887 5981 re'·

958 5997 1009 6055 666
1052 5997 1174 6066 mittere,
1188 6009 1271 6064 quem
1284 5995 1401 6051 mandem
1414 5994 1605 6060 impossibilem
1622 5995 1795 6062 pronuntiare
1806 6009 1817 6052 s
1837 6005 1888 6049 aaa
