3900 6128
423 315 732 391 srrsroaasuu
752 310 869 388 orbo
891 310 945 388 ιι·
964 311 1237 389 ARGUMENTA
1489 346 1495 359 ¹
1630 298 1694 399 aa

95 531 237 586 auctores
248 526 466 598 sproianorum
485 524 617 581 lontibus
638 523 778 579 hausisse
790 538 797 593 ;
811 509 843 576 Α
857 522 1000 596 telligitur
1013 524 1148 580 eumdem
1162 541 1213 594 ιιι,
1231 524 1295 582 Kal.
1311 525 1456 583 Octobres
1471 527 1539 583 anni
1553 525 1606 583 338
1620 541 1690 582 nen·

85 620 144 677 rtur
159 615 493 687 sanctushugustinus,
509 612 797 684 ineptejactitabant,
857 612 925 667 dum
941 613 1108 669 recessisse
1136 614 1281 685 Aquileia,
1310 631 1339 669 vr
1367 631 1437 671 vero
1461 615 1529 671 idus
1552 615 1689 687 ejusdem

93 705 310 779 propemodum
326 706 442 772 tempus
459 717 528 756 csse
544 701 727 756 referendas.
743 701 800 754 Po·
857 701 970 756 mensis
984 699 1046 772 jam
1061 702 1180 756 venisse
1197 702 1404 774 Mediolanum,
1421 720 1477 775 qua
1502 706 1532 759 in
1547 704 1621 760 urbe
1635 720 1689 759 us·

85 798 169 853 tanta
184 796 231 850 est
245 791 336 863 hujus
360 790 495 845 XXXVII
516 790 650 860 epistolae
666 804 733 843 cum
747 787 799 841 lib.
858 804 914 860 que
930 790 966 843 ad
982 789 1089 845 maium
1106 792 1259 861 sequentis
1276 791 1344 845 anni
1361 795 1559 847 commoratus
1575 794 1630 848 est.
1647 792 1692 848 Ex

85 882 117 956 b,
133 888 165 939 et
187 880 252 937 Vita
263 881 350 935 beata
361 880 391 933 in
400 879 565 934 elocutione
581 881 668 948 atque
684 876 714 931 in
730 892 800 931 sen·
858 877 967 948 quibus
982 876 1074 948 liquet
1088 878 1145 932 hoo
1169 879 1235 948 ipse
1258 878 1411 934 intervallo
1427 882 1561 935 sanctum
1575 896 1693 951 praesu-

85 986 113 1029 ro
126 974 190 1028 tote
205 970 380 1042 argumento
393 967 541 1039 cognatio,
552 969 583 1021 ut
594 965 679 1020 facile
690 964 727 1019 ab
737 980 801 1019 om·
857 965 925 1035 lem,
950 964 1000 1037 qni
1022 965 1210 1038 negotiorum
1235 982 1358 1022 suorum
1373 982 1464 1023 causa
1479 967 1643 1040 Aquileiam
1659 984 1693 1025 se

85 1059 175 1117 tidem
195 1056 321 1127 tempori
342 1055 559 1126 adjudicentur.
580 1052 802 1119 Quodveroad
859 1052 1040 1124 contulerat,
1077 1069 1168 1125 super
1205 1056 1356 1111 memorati
1388 1055 1476 1112 edicti
1504 1057 1693 1114 revocatione

85 1190 98 1219 .,
105 1163 175 1204 carn
184 1145 349 1216 superioris
359 1143 538 1198 continuatio
549 1142 596 1211 sit,
607 1142 684 1196 inter
693 1143 802 1195 utram·
859 1141 1022 1213 scripsisse
1037 1141 1074 1197 ad
1089 1142 1300 1199 Theodosium.

85 1234 226 1310 injectum
241 1236 356 1289 constat
371 1248 430 1287 non
445 1246 514 1286 esse
524 1230 647 1303 longum
663 1229 800 1300 spatium.
894 1229 972 1284 xLl·
987 1244 1051 1286 eam
1067 1230 1105 1286 ob
1121 1247 1183 1286 rem
1198 1237 1318 1288 exarata
1340 1236 1386 1289 est
1409 1233 1446 1288 ab
1471 1234 1641 1306 Ambrosio,
1664 1238 1697 1290 ut

85 1324 138 1381 lx·
152 1322 294 1379 Faustino
309 1323 435 1376 mertem
454 1319 569 1375 sororis
584 1317 740 1373 immodice
755 1317 803 1371 lu·
860 1333 994 1373 sororem
1009 1319 1120 1376 faceret
1135 1320 1301 1392 certiorem,
1319 1337 1377 1393 quo
1400 1326 1484 1393 pacto
1510 1324 1643 1395 episcopi
1659 1339 1694 1378 ae

85 1413 210 1471 astineta
224 1413 280 1466 est.
296 1410 341 1464 hd
357 1425 425 1464 eum
441 1406 639 1463 communium
655 1405 804 1460 calamita·
859 1406 1072 1463 monachornm
1089 1423 1189 1480 causa,
1207 1409 1242 1464 de
1257 1425 1315 1481 qua
1330 1411 1428 1482 agitur
1445 1412 1476 1465 in
1500 1413 1625 1482 epistola
1640 1428 1695 1467 su-

85 1488 805 1573 snrpl'oconsolandumibimemorantursemiru·
859 1495 980 1566 periori,
1010 1495 1127 1550 ielieem
1156 1497 1267 1552 exitum
1291 1501 1374 1552 esset
1396 1504 1566 1555 consecuta.
1591 1499 1695 1556 Eidem

85 1589 198 1647 urbiam
209 1587 367 1656 cadavera,
381 1601 455 1656 quas
466 1584 585 1656 quidem
596 1584 713 1639 urbium
724 1597 805 1638 ever·
860 1582 997 1654 adjunxit
1010 1587 1040 1638 et
1054 1599 1121 1639 oum
1135 1600 1313 1656 sermenem,
1325 1603 1413 1658 quem
1427 1603 1568 1644 reversus
1583 1587 1696 1645 Medio·

97 1681 130 1736 nt
151 1679 188 1733 ad
211 1676 404 1747 irruptionem
428 1674 547 1727 Maximi
570 1672 686 1743 tyranni
701 1671 731 1725 in
745 1670 805 1724 lta·
860 1672 970 1742 lanum,
996 1672 1099 1727 eadem
1120 1673 1156 1727 de
1174 1688 1206 1728 re
1222 1689 1322 1728 coram
1338 1675 1507 1731 Theodosio
1522 1677 1695 1746 pronuntia-

85 1766 172 1824 Merat
195 1764 357 1834 Baronius,
383 1764 483 1818 Pacati
507 1762 598 1817 utitur
620 1760 803 1815 auctoritate.
860 1760 912 1815 vit.
939 1760 1016 1815 Hine
1032 1776 1118 1816 nemo
1133 1765 1222 1833 neget
1235 1760 1313 1816 hanc
1327 1762 1482 1833 epistolam
1497 1780 1587 1835 parvo
1604 1767 1697 1821 inter·

100 1858 201 1913 tamen
224 1870 282 1909 non
297 1854 334 1908 de
358 1852 448 1921 ltalia,
469 1851 524 1906 sed
538 1851 574 1906 de
588 1849 692 1906 Galliis
708 1848 806 1920 agitur
820 1830 846 1894 Β
862 1848 939 1904 vallo
956 1851 1113 1920 postquam
1129 1850 1267 1919 superior
1290 1851 1400 1920 scripta
1420 1851 1538 1923 luisset,
1565 1857 1697 1911 secutam

85 1943 128 2002 ati
149 1944 217 1999 loco
241 1957 328 2015 quem
351 1940 481 1995 indicare
505 1939 542 1994 ad
560 1938 589 1993 id
604 1937 729 1993 videtur.
746 1935 806 1992 Sed
863 1953 942 1995 esse.
960 1937 1067 1994 Nullus
1082 1938 1160 1993 enim
1174 1938 1258 1994 loeus
1270 1941 1316 1994 est
1326 1938 1488 2011 dubitandi,
1505 1941 1697 2000 Ambrosium

85 2033 175 2097 ,fldem
188 2031 333 2087 nobilium
355 2029 475 2084 urbium
498 2028 668 2083 excisiones
688 2026 725 2081 ad
740 2025 805 2079 bel·
863 2029 914 2082 ubi
942 2026 1068 2099 primum
1092 2028 1120 2081 ei
1143 2026 1234 2095 licuit,
1258 2027 1295 2081 ad
1320 2028 1422 2082 sedem
1442 2045 1526 2084 suam
1542 2046 1697 2087 reversum

85 2122 172 2197 tgsnii
186 2120 300 2176 reterre
315 2117 393 2174 haud
409 2117 507 2172 minus
523 2115 644 2171 dililcile
659 2115 708 2183 sit,
718 2130 807 2186 quam
863 2132 944 2187 esse,
960 2119 992 2171 nt
1004 2114 1042 2170 iis
1058 2130 1074 2168 a
1090 2114 1199 2186 quibus
1214 2115 1311 2186 decipi
1325 2116 1473 2186 potuisset
1486 2117 1592 2189 religio
1606 2119 1698 2190 impe·

85 2210 163 2280 rimi,
189 2226 207 2264 ι
227 2208 348 2263 Beronii
378 2204 523 2261 sententia
544 2220 603 2260 non
625 2203 805 2272 recedimus,
864 2204 982 2275 ratoris,
998 2202 1095 2258 aditus
1110 2203 1314 2273 praecluderet,
1332 2206 1361 2257 et
1375 2204 1551 2274 ipseeorum
1564 2222 1632 2279 quae
1646 2223 1698 2279 pe·

85 2312 111 2357 ιι
123 2297 280 2371 epistelam
296 2299 421 2351 exeunte
445 2309 522 2349 auno
537 2293 600 2362 387,
617 2308 684 2348 eum
697 2290 807 2346 verisi·
864 2293 1008 2363 raptabat,
1025 2292 1110 2346 fleret
1125 2307 1256 2362 compos.

86 2391 226 2447 occurrat
240 2384 323 2458 nihil,
341 2383 482 2455 scriptam
497 2384 646 2453 putamus
900 2381 994 2437 XLII·
1008 2380 1170 2450 respondet
1184 2378 1308 2450 syricio.
1325 2379 1459 2451 Namque
1472 2379 1521 2436 hie
1532 2397 1616 2454 papa,
1629 2399 1697 2440 oum

85 2518 98 2534 ..
116 2475 171 2533 888
190 2477 240 2530 aut
257 2471 408 2546 eselxb·
423 2475 482 2527 tota
498 2474 544 2526 cst
558 2472 588 2525 in
602 2466 810 2541 persuadendo
868 2472 970 2528 Romae
994 2469 1144 2525 loriniani
1165 2467 1293 2523 haeresis
1312 2469 1408 2539 palam
1422 2470 1581 2542 erupisset,
1599 2471 1699 2529 habito

85 2564 156 2635 osio,
168 2563 336 2620 utedictum
347 2561 383 2615 de
394 2575 549 2632 synagoga
560 2559 686 2630 quadam
696 2558 811 2612 ludaeo·
868 2560 993 2617 Romani
1008 2558 1081 2614 cleri
1096 2557 1233 2628 concilio,
1249 2556 1316 2629 ejus
1329 2561 1479 2614 auctorem
1490 2576 1524 2616 ac
1535 2564 1700 2619 sectatores

85 2652 240 2726 tspiscopo
251 2651 341 2707 castri
351 2649 484 2705 Gallicini
496 2646 811 2717 reaedillcanda,deque
867 2647 1060 2703 anathematis
1075 2661 1170 2717 poenae
1187 2646 1325 2717 subjecit.
1342 2646 1416 2702 Tam
1434 2664 1506 2705 vero
1527 2651 1700 2721 synodicam

85 2741 191 2815 hisqui
201 2742 299 2795 lanum
316 2738 588 2793 Valentinianorum
604 2735 812 2790 haeretieorum
868 2736 1022 2809 epistolam
1036 2735 1073 2790 ad
1090 2735 1328 2791 Mediolanenses
1347 2735 1413 2792 ideo
1429 2737 1559 2810 scripsit,
1575 2743 1608 2795 ut
1621 2739 1700 2796 idem

85 2829 263 2889 contumelia
279 2826 431 2898 provocati
445 2823 647 2893 incenderant,
665 2822 811 2893 supplicio
869 2825 1038 2895 haereticus,
1054 2839 1142 2896 quem
1158 2839 1173 2879 e
1188 2825 1368 2880 monasterio
1383 2841 1443 2881 non
1456 2827 1560 2897 procul
1576 2843 1593 2882 ι
1608 2829 1702 2884 muris

85 2918 143 2977 ldis
153 2920 355 2974 revocaretur.
364 2913 520 2970 Contendit
537 2911 737 2969 Gotholredus
753 2925 812 2966 non
869 2913 1141 2970 Mediolanensibus
1157 2913 1255 2984 posito
1269 2915 1298 2967 et
1313 2914 1463 2970 Ambrosii
1477 2916 1631 2988 vigilantia
1645 2933 1703 2990 gu-

85 3012 177 3082 bssem
191 3006 315 3061 indicari
329 3004 384 3058 hac
401 3002 535 3072 epistola,
548 3001 606 3056 nisi
616 3000 676 3073 leg.
692 2999 754 3055 lde
762 2998 813 3055 Ju-
869 3004 993 3059 berneto
1015 3001 1189 3074 profugisse
1213 3005 1345 3073 neverat,
1366 3003 1398 3058 in
1412 3003 1462 3058 illa
1476 3004 1550 3060 urbe
1564 3009 1704 3077 tanquam

85 3092 328 3165 lonslantinopoli
347 3109 378 3146 m
393 3091 457 3146 Kal.
475 3089 594 3146 Octobr.
616 3089 685 3143 anni
702 3087 754 3143 893
768 3087 814 3142 la·
870 3092 978 3165 anguis
989 3085 1112 3163 'quidem
1126 3090 1157 3145 in
1171 3106 1264 3161 specu
1280 3090 1548 3148 suosuiiooaretur.
1565 3095 1705 3166 Acceptis

85 3188 160 3259 tque
179 3183 253 3239 adeo
274 3182 406 3237 eamdem
422 3180 577 3250 epistolam
588 3177 657 3232 huic
666 3176 727 3247 ipsi
736 3173 813 3231 ando
829 3141 855 3204 c
871 3180 979 3253 Syrieii
995 3179 1112 3249 litteris,
1129 3179 1262 3236 eamdem
1276 3179 1454 3236 haeresimin
1465 3182 1580 3253 synode
1596 3182 1707 3240 Medio·

85 3274 206 3332 endam.
228 3270 444 3326 Confirmandae
467 3285 530 3323 suae
555 3265 686 3338 opinioni
705 3265 814 3320 addere
871 3270 931 3326 lani
948 3272 1048 3325 coacta
1064 3268 1196 3323 damnari
1213 3269 1326 3323 curavit
1341 3268 1531 3341 Ambrosius,
1548 3272 1577 3325 et
1591 3270 1709 3343 episco-

85 3363 136 3420 ris
144 3360 293 3434 potuisset
307 3359 344 3413 ab
355 3357 514 3413 Ambrosio
526 3359 554 3411 et
564 3357 696 3410 incensae
708 3353 814 3409 dudum
870 3373 975 3430 porum
989 3358 1181 3428 praesentium
1196 3358 1314 3413 nomine
1330 3358 1359 3413 id
1374 3358 1412 3412 ita
1423 3346 1707 3432 significavitponli·

85 3450 235 3521 ntinopoli
244 3450 350 3504 domus
358 3445 548 3517 episcopalis,
556 3448 586 3500 et
594 3443 711 3515 iujuriae
719 3443 817 3498 Antio·
872 3448 931 3517 ilci,
949 3450 980 3502 ut
995 3445 1084 3502 simul
1098 3446 1238 3501 haeresim
1253 3446 1360 3501 validis
1384 3447 1549 3503 rationibus
1571 3447 1707 3505 conluta·

94 3538 291 3597 s'l'heodosie
303 3536 476 3592 condonatae
485 3532 665 3588 mentionem
675 3532 749 3586 ileri.
762 3530 817 3587 Ni·
872 3539 927 3590 ret.
943 3535 975 3591 ln
991 3535 1190 3608 cognitionem
1206 3537 1302 3590 aetatis
1319 3535 1411 3607 hujus
1434 3536 1569 3607 epistolae
1588 3537 1709 3594 deduci-

85 3621 819 3693 nnstamenistisomnibuspotiernebisestPau·
874 3641 941 3680 mur
968 3624 1017 3679 his
1046 3623 1113 3695 ejus
1142 3623 1243 3679 verbis
1269 3641 1275 3679 :
1299 3625 1438 3697 impietas
1460 3625 1710 3699 Manichaeorum,

85 3719 220 3787 ctoritas,
237 3717 267 3771 in
281 3714 475 3786 praeceptoris
487 3711 536 3766 sui
545 3710 637 3765 rebus
649 3711 736 3764 testis
745 3725 819 3765 oeu-
876 3729 960 3786 quam
986 3712 1236 3769 elementissimus
1264 3713 1428 3784 imperator
1450 3721 1627 3770 exsecratus
1653 3721 1712 3772 est.

85 3810 165 3881 perte
175 3809 273 3861 autem
284 3804 332 3858 hic
343 3802 506 3873 profitetur,
519 3805 667 3855 exstructo
677 3799 818 3867 llaximo,
875 3800 948 3866 Quae
964 3798 1083 3873 quidem
1099 3801 1190 3857 verba
1204 3801 1240 3854 ad
1256 3800 1354 3873 legem
1369 3802 1403 3856 90
1418 3803 1456 3859 de
1469 3803 1710 3862 Haereticissnn.

85 3897 153 3953 wo
177 3892 336 3950 constituto
359 3889 540 3956 Mediolani,
565 3887 726 3943 Ambrosio
751 3901 821 3942 rcro
876 3889 926 3944 391
943 3889 1160 3962 promulgatam
1176 3888 1711 3962 relerurrturaGodoiredo3attamen

85 3984 294 4060 poconstitrto
307 3979 465 4054 Aquileiae,
477 3978 618 4049 scriptam
634 3977 729 4032 luisse
744 3975 821 4031 hene
879 3995 946 4035 eum
967 3978 1009 4034 ibi
1031 3979 1111 4034 nulla
1135 3978 1367 4035 Manichaeorum
1389 3982 1497 4036 mentio
1520 3982 1579 4053 ssat,
1601 3982 1661 4037 illis
1675 3981 1713 4037 ad

85 4074 152 4131 lam.
177 4072 213 4127 Et
235 4086 340 4127 revera
364 4071 394 4124 in
418 4068 545 4123 Maximo
565 4065 821 4121 commemorando
878 4069 975 4141 legem
991 4066 1252 4123 larsemensis
1267 4067 1396 4123 allusum
1415 4085 1484 4125 esse
1500 4086 1568 4126 eum
1583 4071 1711 4128 Baronio

85 4162 166 4221 osius
182 4162 223 4216 ibi
236 4160 346 4215 multus
363 4160 418 4227 est,
437 4157 570 4228 satisque
586 4155 681 4209 innuit
694 4154 759 4225 ipsa
773 4169 822 4207 ra-
879 4157 1095 4212 existimsmus.
1110 4154 1184 4211 Cum
1197 4171 1270 4229 ergo
1285 4156 1350 4212 baec
1365 4157 1466 4214 ultima
1484 4159 1535 4214 lex
1556 4175 1633 4215 anno
1648 4158 1711 4230 389,

85 4266 149 4325 qna
171 4251 208 4306 de
229 4249 281 4304 illo
305 4247 375 4320 agit,
398 4261 465 4300 eum
481 4260 540 4299 non
555 4259 572 4297 a
586 4243 676 4314 longo
691 4245 823 4312 ternpore
879 4263 899 4299 v
914 4245 977 4301 Kal.
993 4244 1099 4315 iulias,
1115 4244 1173 4299 lata
1188 4245 1338 4317 prodatur,
1361 4263 1421 4304 non
1440 4248 1637 4321 incongruum
1659 4264 1715 4319 pu-

85 4339 256 4399 ballaenis
272 4337 420 4392 devictum
439 4349 519 4388 esse.
541 4332 664 4388 Constat
677 4330 769 4403 igitur
782 4329 824 4384 lo·
879 4337 976 4390 tamus
993 4332 1066 4406 iore,
1084 4335 1112 4389 si
1126 4334 1284 4391 concilium
1299 4350 1334 4391 ae
1349 4335 1505 4406 epistolam
1520 4336 1616 4393 eidem
1637 4351 1714 4391 anno

85 4442 275 4505 [nonensem
286 4424 413 4496 praebuit
423 4423 492 4477 huie
511 4421 655 4492 epistolar,
674 4435 734 4476 non
748 4418 824 4473 Con·
838 4453 866 4514 D
882 4423 928 4479 vel
943 4422 1041 4495 potius
1055 4422 1108 4479 390
1123 4423 1341 4495 adjudicemus.

85 4518 191 4591 sepeli,
208 4516 263 4571 sed
279 4512 436 4569 Mediolani
450 4511 557 4567 editam
573 4510 688 4579 luisse,
704 4525 739 4563 ac
753 4525 824 4580 pro·
918 4512 1005 4586 [Anu.
1030 4509 1105 4584 889.]
1129 4512 1234 4566 XLlll⁸
1250 4515 1278 4568 et
1292 4512 1397 4568 XLlV²
1412 4513 1594 4568 Horontiano
1609 4510 1715 4568 inseri·
1744 4533 1747 4539 ·

85 4606 112 4663 rb
125 4621 161 4662 ea
176 4603 427 4677 quamproposuit
438 4601 515 4655 idem
526 4598 723 4667 Godolredus,
736 4599 825 4670 longe
881 4602 1002 4667 buntur.
1018 4601 1073 4656 llic
1088 4604 1156 4671 post
1170 4600 1279 4656 lectum
1293 4601 1502 4656 Hexaemeror
1517 4616 1581 4656 eam
1597 4601 1635 4656 ob
1651 4617 1717 4658 cau·

85 4710 151 4753 nm.
162 4693 248 4759 Quod
267 4693 303 4746 ad
314 4690 536 4746 veniamdatrm
546 4687 750 4758 antiochenis,
762 4703 827 4743 eam
883 4707 948 4746 sam
963 4690 1125 4762 scripserat
1142 4689 1310 4760 Ambrosio,
1326 4691 1358 4745 ut
1373 4690 1441 4761 quia
1451 4688 1561 4744 ibidem
1572 4689 1716 4746 nonsatis

85 4798 174 4841 ιοιιιιι
185 4781 236 4835 lib.
248 4781 293 4848 33,
311 4795 375 4850 cap.
391 4795 441 4847 vu,
458 4777 549 4832 refert
566 4777 603 4831 ad
618 4775 826 4846 illudtompus,
884 4780 1062 4851 explicatum
1076 4778 1200 4848 viderat,
1216 4794 1270 4832 eur
1283 4781 1452 4848 postremus
1468 4792 1568 4834 rerum
1587 4777 1719 4834 omnium

85 4871 254 4929 theodosius
277 4869 314 4923 ad
338 4867 449 4924 bellum
462 4866 596 4938 Eugenio
611 4869 734 4936 tyranno
750 4864 828 4920 inie-
884 4869 1105 4924 homocreatus
1120 4882 1136 4921 a
1153 4866 1214 4923 Deo
1229 4869 1319 4936 esset,
1336 4865 1409 4921 illud
1430 4853 1497 4921 sibi
1513 4867 1631 4938 planius
1645 4883 1718 4939 ape-

85 4974 120 5019 m
139 4974 210 5016 sese
232 4957 354 5029 parabat
376 4971 383 5011 ε
408 4956 462 5010 sed
487 4955 585 5026 ipsum
600 4955 630 5008 in
646 4955 704 5009 hoe
728 4969 828 5009 errare
884 4959 943 5012 rire
956 4972 1016 5012 non
1030 4957 1214 5028 graveretur.
1242 4954 1350 5011 Primis
1374 4955 1441 5027 ejus
1466 4955 1566 5011 dubiis
1591 4972 1658 5012 cum
1673 4972 1719 5013 sa·

85 5049 290 5122 rugnoseunl.
307 5045 392 5112 Quod
406 5059 478 5100 vero
489 5044 525 5098 ad
537 5043 670 5113 episcopi
684 5041 829 5097 Constan-
884 5045 1047 5101 tisiacisset
1062 5047 1185 5100 sanctus
1208 5045 1344 5115 antistes,
1361 5044 1448 5099 aliam
1463 5044 1665 5101 diilleultatem
1680 5061 1719 5102 ex

85 5136 178 5195 tlitsni
193 5137 333 5190 incensas
345 5134 436 5204 aedes,
449 5149 524 5205 quas
534 5148 611 5188 anno
620 5132 672 5186 388
683 5132 828 5202 flagrasse
885 5133 1021 5206 eiusdem
1035 5132 1140 5204 Operis
1156 5129 1283 5188 lectione
1300 5133 1357 5188 sibi
1369 5136 1503 5188 exortam
1517 5135 1623 5190 iterum
1639 5134 1718 5190 idem

85 5226 252 5296 isocrates,
263 5240 315 5279 eas
328 5222 461 5294 prolecto
476 5222 548 5277 nihil
564 5220 695 5288 allicere,
712 5222 828 5292 quomi-
884 5224 927 5279 illi
941 5223 1105 5295 proposuit.
1123 5222 1206 5277 Hanc
1221 5222 1357 5278 similiter
1372 5222 1549 5278 Ambrosius
1564 5224 1717 5281 dissolvit:

85 5332 96 5375 ι
109 5315 237 5389 epistola
252 5313 389 5384 ejusdem
399 5313 466 5366 anni
478 5311 651 5365 adverbium
661 5310 768 5365 dudum
779 5310 829 5364 ad·
885 5312 1042 5384 exquibus
1053 5312 1209 5382 responsis
1221 5310 1413 5367 constanthoe
1425 5310 1721 5383 duaeepistolaeOon·

85 5402 181 5478 iJure
206 5401 343 5473 potuerit,
369 5401 434 5455 loco
463 5415 519 5454 suo
548 5398 828 5454 demonstrabimus.
886 5402 944 5456 stat
957 5399 1048 5472 igitur
1062 5403 1215 5472 utramque
1231 5401 1415 5456 Hexaemero
1426 5400 1622 5471 posteriorem
1637 5414 1718 5468 essa,

85 5492 188 5553 ιιιιΙιιιιι
211 5491 310 5561 itaque
334 5489 408 5544 hano
433 5488 588 5560 epistolam
604 5492 673 5543 tuno
688 5487 829 5559 temporis
886 5489 916 5545 id
931 5492 977 5545 est
991 5504 1068 5544 anno
1083 5489 1145 5560 389,
1162 5492 1242 5546 eirca
1255 5505 1343 5562 quem
1357 5490 1430 5545 illud
1444 5489 1549 5560 Operis
1564 5490 1594 5543 in
1609 5486 1719 5559 vulgas

85 5581 260 5653 inemptam,
277 5594 344 5634 cnm
358 5578 514 5652 profligato
530 5577 668 5647 llaxirno,
692 5576 830 5632 Mediola-
887 5578 1000 5635 exiisse
1015 5577 1231 5636 declaravimus
1249 5595 1255 5636 :
1272 5578 1393 5635 easdem
1407 5581 1505 5633 tamen
1526 5577 1604 5632 haud
1628 5577 1721 5632 iater-

85 5670 170 5735 rediit
182 5669 352 5749 imperator.
367 5667 457 5748 Atqui
477 5683 516 5729 ex
535 5666 637 5727 codice
654 5664 766 5724 Theod.
783 5665 830 5722 ia·
883 5667 965 5749 iacto
980 5668 1071 5749 longo
1085 5671 1216 5747 tempore
1238 5668 1311 5729 illud
1332 5669 1452 5729 saeuos
1473 5665 1542 5725 hine
1562 5664 1719 5755 evincitur,
