3900 6128
521 343 831 417 EPISTOMRUM
852 349 1023 418 cnissis
1044 352 1069 420 1.
1591 350 1670 426 lm
1720 367 1724 375 '

85 562 92 599 ι
113 544 165 618 qui
181 545 250 602 illos
265 546 403 604 viderunt
420 549 507 621 quasi
525 550 661 622 quaedam
677 532 820 607 eonta-A
871 554 904 609 ia
913 555 1058 613 elementa
1069 564 1099 614 et
1110 558 1407 632 bestiasimperium:
1418 576 1458 616 ex
1472 560 1579 635 quibos
1593 559 1669 617 alias

85 640 184 708 parant
202 652 208 692 :
227 637 305 692 sicut
330 640 424 694 testes
440 643 509 694 sunt
523 641 636 696 fratres
652 642 681 695 ει
699 656 778 695 com.
871 633 1029 685 creaturas
1044 646 1174 703 conprue
1185 634 1361 704 praemissas
1376 633 1505 690 elicitur.

85 723 112 778 ri
135 727 230 780 nostri
255 726 422 797 Crescens,
449 728 623 799 Leopardus
649 729 724 799 (93),
751 734 779 785 et
1048 720 1220 776 Attsstwsws
1239 721 1443 779 Honoumuo.

85 828 121 881 ir,
138 818 223 870 santo
234 815 518 886 serventegspirjtu‚
535 819 585 889 qui
599 835 633 874 00
648 819 777 873 omnium
871 806 897 861 i.
914 807 1029 864 Moneri
1043 813 1071 865 te
1085 810 1244 866 insinuasti
1263 812 1344 881 mihi,
1368 813 1444 868 lecto
1470 813 1665 883 Hexaemero,

85 903 323 970 macrianensem,
336 905 595 962 Mediolanensiex
606 908 680 963 urbe
691 905 777 979 quasi
835 898 914 967 quod
928 898 993 970 ipse
1009 900 1134 971 scripsi,
1150 903 1218 973 quia
1234 917 1301 956 cum
1316 906 1428 957 tautum
1443 903 1551 958 divinae
1566 902 1666 974 Scrip-

85 993 275 1062 irapulerunt
291 994 357 1064 (9⁴),
836 991 910 1043 turae
926 989 1016 1059 serie,
1032 991 1080 1045 vel
1096 992 1171 1063 stylo
1182 993 1330 1048 sermonis
1341 992 1398 1049 mei
1413 993 1551 1048 collatum
1564 993 1669 1048 adver·

85 1096 139 1153 quie
159 1082 359 1153 loviuianum,
384 1083 572 1155 Auxentium,
597 1084 777 1140 Germiaato·
834 1080 914 1133 teres
930 1078 1052 1149 homini,
1069 1085 1209 1152 quantum
1225 1083 1297 1137 nulli
1312 1083 1341 1137 in
1366 1082 1421 1137 hac
1435 1086 1517 1138 terra
1536 1081 1667 1137 animan·

85 1171 181 1237 licem,
201 1172 364 1242 Plotinum,
390 1172 556 1243 Genialem,
583 1174 774 1242 Martiarum,
834 1167 916 1236 tium,
942 1168 1028 1239 prius
1043 1169 1141 1225 omnia
1154 1170 1201 1225 vel
1217 1171 1355 1241 volatilia,
1371 1173 1418 1227 vel
1434 1171 1601 1239 terrestria,
1618 1170 1667 1225 vel

85 1274 125 1330 m,
140 1264 169 1314 et
179 1261 380 1332 Ingeniosum,
394 1278 471 1334 quos
481 1261 628 1318 Sanctitas
640 1266 687 1317 tua
699 1263 776 1318 dam·
833 1272 901 1327 que
911 1257 940 1312 in
951 1258 1036 1330 aquis
1048 1262 1125 1327 suat,
1143 1260 1318 1331 produxerit
1328 1265 1407 1317 terra
1418 1263 1465 1317 vel
1480 1277 1565 1333 aqua,
1577 1276 1666 1333 quam

84 1363 119 1404 aa
132 1349 209 1419 apud
224 1365 280 1405 nos
304 1365 422 1421 quoque
446 1352 610 1406 secundum
629 1351 775 1423 judiciam
833 1346 930 1415 homo,
947 1350 1069 1417 propter
1092 1364 1180 1419 quem
1204 1349 1253 1404 illa
1277 1356 1377 1407 creata
1400 1354 1484 1419 sunt,
1501 1364 1665 1424 generare·

87 1452 125 1493 us
139 1444 243 1494 noster
257 1443 375 1494 tueatur
389 1439 584 1511 omnipotens,
601 1440 717 1496 domine
731 1441 774 1496 di·
831 1439 881 1491 tur
903 1436 975 1508 (ill);
1009 1436 1078 1509 ejus
1102 1438 1147 1494 rei
1180 1440 1325 1495 rationem
1349 1441 1385 1496 de
1409 1457 1455 1497 me
1488 1440 1664 1512 requirere,

85 1541 104 1583 e
118 1528 222 1584 irater.
831 1540 920 1596 quam
934 1529 962 1580 et
976 1525 1096 1598 Moyses
1111 1527 1237 1598 siluerit,
1254 1532 1283 1584 et
1297 1545 1354 1602 ego
1368 1546 1427 1587 non
1441 1531 1572 1587 auserim
1581 1530 1667 1585 attiu-

85 1616 247 1687 abseriptio
261 1618 329 1688 (95).
831 1629 915 1686 gere.

85 1722 119 1763 os
133 1708 294 1778 episcopus
318 1708 414 1763 saluto
437 1706 626 1764 Sanctitatcm
642 1712 720 1765 tuam
744 1709 774 1765 ia
866 1703 893 1759 e.
910 1703 946 1759 Et
960 1704 1037 1761 iorte
1052 1704 1101 1760 ille
1121 1707 1235 1762 oraculi
1249 1707 1399 1779 interpres
1421 1710 1522 1777 divini,
1539 1708 1665 1765 consilio

91 1799 121 1852 et
135 1796 205 1851 huic
221 1797 355 1867 epistolae
369 1797 550 1868 subscripsi.
832 1792 1021 1861 conticuerim
1044 1810 1082 1850 ne
1098 1796 1232 1851 coelestis
1248 1796 1455 1867 dispositionis
1470 1798 1615 1853 arbitrum
1631 1812 1666 1852 se

85 1899 122 1941 us
137 1885 307 1956 episcopus.
832 1885 861 1937 et
874 1883 1077 1940 consiliarium
1086 1889 1234 1956 praestare
1248 1885 1415 1954 videretur;
1433 1887 1512 1943 aliud
1526 1891 1572 1943 esi
1588 1887 1667 1943 anina

85 1973 245 2047 episcopus.
832 1972 912 2044 loqui
927 1972 1005 2045 quod
1020 1973 1257 2030 iuluadebatura
1271 1976 1325 2031 Dei
1336 1976 1453 2047 spiritu,
1471 1977 1550 2032 aliud
1566 1978 1668 2033 volun·

85 2066 139 2119 aas
154 2064 324 2136 episcopas,
791 2051 816 2113 B
832 2064 921 2116 tatem
944 2061 998 2117 Dei
1012 2062 1202 2134 interpretari
1218 2082 1226 2130 ;
1244 2079 1300 2120 nos
1315 2069 1413 2120 autem
1436 2082 1494 2121 uon
1516 2066 1603 2138 quasi
1619 2066 1666 2120 in·

85 2167 151 2209 trus
168 2155 337 2224 episcopus.
831 2153 979 2221 terpretea
995 2151 1058 2222 Dei,
1077 2152 1130 2207 sed
1145 2152 1231 2224 quasi
1255 2169 1292 2208 ex
1306 2169 1364 2209 usu
1388 2154 1516 2210 humano
1541 2155 1666 2210 rationis

86 2242 167 2297 atius
183 2244 354 2315 episcopus.
832 2240 993 2295 seminaria
1007 2241 1193 2313 colligentes,
1218 2243 1402 2297 aestimamus
1425 2259 1516 2313 posse
1531 2244 1588 2315 (98)
1608 2260 1666 2300 nos

85 2347 123 2387 su
137 2331 247 2387 domiui
271 2334 402 2404 episcopi
417 2332 595 2403 Geminiani,
613 2333 677 2404 ipso
691 2349 772 2404 pree·
832 2345 869 2383 ex
884 2344 919 2384 eo
934 2329 1013 2400 quod
1035 2328 1163 2385 humano
1189 2331 1258 2386 usui
1283 2331 1312 2385 in
1336 2333 1456 2388 coeteris
1481 2333 1576 2389 rebus
1598 2333 1666 2403 ipse

85 2435 132 2492 per
146 2422 304 2494 presbyter
319 2423 500 2493 subscripsi.
832 2417 975 2474 Dominus
990 2417 1140 2487 infuderit,
1158 2419 1272 2491 opinari
1297 2420 1435 2493 quoniam
1454 2422 1553 2478 decuit
1567 2421 1665 2477 homi-

85 2509 233 2565 dustasius
262 2511 432 2582 episcopus,
462 2516 491 2567 et
519 2527 622 2568 omnes
651 2511 772 2567 ordines
832 2523 899 2563 nem
913 2510 1098 2577 postremum
1112 2509 1219 2564 creari.

85 2605 194 2656 seruat.
866 2597 893 2653 e.
911 2596 1025 2653 Etenim
1048 2598 1098 2668 qui
1123 2598 1291 2653 coavivium
1306 2600 1440 2671 adornat,
1456 2605 1487 2657 ut
1511 2599 1560 2657 ille
1575 2617 1664 2658 evan·

164 2707 349 2763 EPISTOLA
371 2709 465 2764 xhffl
485 2708 552 2781 (96),
831 2687 947 2760 geticus
963 2686 1048 2743 dives
1071 2687 1153 2757 (Luc.
1178 2703 1239 2756 xiv,
1265 2688 1299 2744 16
1322 2690 1360 2745 ad
1374 2690 1430 2760 οὔ),
1447 2695 1563 2762 oportet
1585 2692 1665 2747 enim

266 2832 271 2845 ,
596 2834 614 2846 Η
710 2833 716 2845 ,
831 2777 930 2832 divina
954 2775 1063 2831 divinis
1078 2776 1282 2846 conteramus,
1308 2793 1366 2850 quo
1390 2780 1497 2836 melius
1521 2781 1665 2853 colligere

85 2846 131 2889 nto
151 2839 269 2958 repenti
286 2850 339 2889 cur
355 2835 438 2890 bomo
452 2833 546 2890 rebus
560 2833 639 2898 alus,
666 2832 772 2907 quibus

85 2904 226 2967 mem,
254 2906 392 2961 commus
408 2905 503 2961 mem
551 2905 691 2971 osterior'
717 2921 771 2960 m
830 2865 1119 2965 possimus),utioue
1134 2867 1231 2920 omnia
1245 2867 1331 2938 prius
1346 2873 1504 2940 praeparat,
1521 2873 1625 2925 tauros
1636 2873 1665 2926 et

85 2973 124 3031 r„
142 2975 190 3031 γε]
201 2976 381 3032 mmm-„s
396 2979 461 3049 ,pso
479 2993 514 3033 γε,
544 2977 668 3049 Moyse,
678 2976 771 3032 mio,
831 2955 966 3027 saginata
981 2955 1098 3024 occrdrt,
1116 2958 1145 3009 et
1160 2957 1228 3010 tunc
1243 2956 1355 3011 amicos
1368 2957 1405 3019 ad
1421 2974 1535 3014 coenum
1549 2959 1663 3016 invitat.

85 3049 273 3119 tprcmpserit
290 3048 362 3104 :ubi
376 3049 533 3121 respoudit
556 3049 682 3121 Meysen
706 3063 770 3103 con·
829 3044 919 3099 Prius
936 3058 1009 3116 ergo
1026 3059 1092 3115 quae
1107 3042 1221 3099 leviora
1237 3049 1315 3113 sunt,
1332 3050 1484 3117 parantur,
1496 3051 1525 3102 et
1535 3051 1603 3103 tunc
1615 3064 1663 3103 ro-

85 3133 108 3173 ra
130 3135 200 3173 suas
223 3120 352 3176 miscere
375 3119 506 3176 noluisse
530 3119 621 3174 libris
645 3117 768 3188 diripio,
830 3139 919 3206 gaam
941 3133 1123 3188 honoratior,
1149 3133 1233 3190 Unde
1256 3138 1284 3190 02
1298 3135 1442 3191 Dominus
1461 3136 1574 3191 homini
1588 3137 1658 3202 971

85 3188 772 3335 {omgg}‘elffii'sqffo'ffilf'ggfss'a&33¹5
830 3226 896 3277 ante
906 3222 1075 3277 animalium
1090 3226 1266 3278 caeterorum
1277 3224 1455 3295 praeparavit
1466 3224 1580 3295 epulas,
1592 3221 1662 3282 tunc
1710 3262 1712 3266 .

85 3347 108 3387 m
121 3351 131 3387 3
145 3332 256 3388 ,poinde
271 3334 447 3389 commin„
462 3334 547 3403 cul-„3
561 3333 645 3389 pomo
659 3332 770 3401 “mm
829 3312 928 3384 ipsum
943 3311 1031 3384 quasi
1046 3312 1172 3367 amicum
1188 3312 1224 3367 ad
1239 3328 1326 3368 suum
1342 3313 1457 3369 vocavit
1472 3313 1661 3380 convivium3

85 3420 91 3456 ι
108 3405 208 3459 rarius
220 3420 335 3477 pupnas
354 3405 435 3460 inire
458 3405 580 3469 debeat,·
602 3403 717 3459 deinum
737 3404 771 3458 id
787 3411 813 3476 c
829 3406 858 3457 et
871 3417 944 3457 vere
959 3400 1096 3470 amicum,
1108 3401 1195 3475 quasi
1205 3401 1358 3458 charitatis
1369 3402 1477 3458 divinae
1488 3402 1662 3474 participem

85 3489 175 3531 ’⁶⁸⁸⁰
187 3476 343 3549 lliffldfffll·
356 3482 433 3548 uill?
432 3476 628 3531 ⁰2²⁸flllssl'm3
638 3475 670 3530 ¹⁸¹¹
682 3491 724 3558 pr
722 3474 769 3529 5¹1·
829 3495 857 3547 et
872 3490 1022 3547 haeredem
1037 3492 1152 3564 gloriae.
1169 3490 1301 3563 Denique
1316 3491 1373 3561 ipsi
1388 3492 1458 3546 dicit
1476 3495 1503 3555 ;!
1518 3513 1529 3538 a
1547 3492 1661 3562 Amice,

85 3542 659 3686 Lfflfflffcgssffiomflmem?
685 3562 770 3672 ow
828 3581 975 3652 quomodo
1008 3580 1066 3636 huc
1089 3580 1197 3636 venisti
1221 3581 1257 3635 ad
1290 3581 1407 3650 nuptias
1431 3581 1551 3650 (llattlu.
1578 3598 1661 3649 xxia,

85 3687 143 3744 '‘us
163 3705 227 3744 cum
247 3689 318 3745 caelo
341 3690 529 3760 comparatio,
543 3695 697 3762 postquam
719 3688 770 3745 αθ.
830 3670 893 3741 tete
910 3693 921 3718 ι
937 3669 1139 3726 praecedentia
1155 3685 1237 3742 ergo,
1255 3669 1418 3726 ministeria
1434 3672 1503 3725 sunt
1510 3687 1517 3737 ;
1535 3669 1660 3741 amicus,

85 3704 138 3817 ιω
157 3776 308 3818 concessae
328 3761 518 3834 aperiuntur,
534 3775 590 3817 nec
604 3775 662 3816 uon
675 3760 770 3833 ipsius
828 3761 880 3832 qui
894 3763 1064 3830 postremus
1080 3763 1215 3832 rogatur.

85 3936 136 3994 lal.
152 3938 210 3993 lul.
227 3955 274 3994 an.
294 3937 347 3994 889
370 3939 424 3995 luit
447 3939 615 4009 constituta,
633 3939 769 3996 releren-
828 3939 947 3995 Mediot.
963 3937 1038 4063 epia.
1055 3937 1235 4009 subscripsi.
1253 3936 1357 3994 livent.
1375 3939 1468 4023 episc.
1485 3939 1661 3997 Ceaetensis

85 4010 410 4076 imatBaroaius;eum
424 4010 770 4067 Gadeiredusecontra·
829 4011 959 4068 saluto...
992 4009 1428 4081 taximasepisemmeneasas,
1454 4010 1539 4066 Felix
1564 4012 1659 4082 episc.

85 4096 132 4136 em
148 4081 244 4135 locum
268 4081 304 4136 de
320 4083 407 4136 tertio
431 4083 507 4155 lege,
535 4082 583 4136 oui
607 4097 702 4136 annus
716 4081 766 4138 eet
827 4081 995 4150 ledrensis,
1012 4080 1161 4136 Basianus
1185 4082 1278 4151 episc.
1295 4082 1513 4148 Lauduacnsia,
1526 4083 1660 4138 Theodo-

85 4168 122 4222 rs,
138 4152 361 4223 intelligendum
377 4169 447 4208 esse
462 4153 627 4223 contendat,
645 4154 768 4208 Verum·
828 4172 880 4210 rus
895 4153 988 4224 spise.
1004 4151 1229 4219 octodorensis,
1246 4153 1436 4209 Constantius
1452 4155 1545 4224 episc.
1562 4155 1660 4210 Arau-

85 4221 139 4295 jus
154 4224 370 4279 firmamentum
381 4225 508 4279 debilius
525 4229 580 4290 est,
594 4240 681 4295 quam
692 4228 723 4280 ut
733 4241 768 4280 eo
827 4227 960 4295 siccaue,
981 4222 1110 4279 Sabinus
1131 4224 1224 4295 cpias.
1239 4225 1441 4280 Placentinus.
1459 4225 1502 4280 lix
1514 4225 1617 4297 jussu.
1632 4265 1658 4280 ..

85 4294 186 4359 timus;
218 4296 443 4367 opinionemque
467 4296 586 4350 Baronii
611 4297 769 4352 certiorem
827 4295 1001 4351 Eustathius
1025 4295 1117 4366 episc.
1148 4300 1294 4351 etomncs
1323 4296 1443 4351 ordines
1466 4296 1660 4365 subscripse-

85 4366 169 4433 mue,
187 4370 217 4420 ut
228 4365 257 4419 in
268 4366 473 4422 admonitione
494 4367 686 4422 observatum
711 4370 766 4422 est.
827 4373 903 4423 runt.
924 4390 935 4415 a
949 4366 1009 4423 Sed
1023 4382 1091 4422 oum
1107 4367 1224 4421 nomino
1240 4366 1322 4421 sedis
1338 4367 1526 4438 singulorum
1540 4366 1659 4436 episco-

86 4452 104 4492 ο
120 4436 197 4492 idem
213 4437 371 4492 cardinalis
382 4437 441 4509 leg.
458 4455 468 4491 a
483 4437 686 4493 dallonaeais
701 4439 768 4493 anni
826 4438 976 4510 ponamin
992 4439 1082 4510 antiq.
1099 4438 1185 4504 edit,
1202 4437 1231 4491 iu
1247 4437 1340 4492 Labb.
1357 4441 1386 4491 et
1410 4438 1522 4502 Quesn.
1542 4435 1659 4492 doside·

85 4522 113 4563 ra
137 4508 350 4563 loviaiaaistaa
376 4509 464 4563 latam
491 4509 675 4578 arbitratur,
701 4526 768 4565 cum
826 4516 940 4578 rentur,
957 4525 1016 4566 uon
1031 4510 1097 4565 leve
1112 4512 1321 4581 argumentum
1335 4512 1382 4563 est
1401 4525 1435 4563 ea
1450 4507 1574 4577 repetita
1588 4523 1659 4564 esse

95 4578 227 4635 Orientis
242 4580 404 4635 monachos
419 4581 594 4650 respiceret,
612 4597 666 4636 nec
677 4583 767 4637 multo
826 4598 864 4639 ex
876 4581 1000 4638 concilio
1020 4581 1129 4652 Aquili.
1139 4579 1265 4634 maxime
1281 4594 1347 4634 cum
1363 4579 1420 4634 duo
1435 4579 1579 4649 episcoai,
1594 4578 1658 4650 qui·

85 4651 119 4706 rit
147 4652 300 4717 revocata,
331 4667 395 4705 cam
424 4651 530 4706 horum
558 4651 766 4707 hereticorum
825 4653 883 4708 hus
900 4654 947 4707 hic
959 4653 1048 4707 sedes
1059 4667 1116 4706 non
1131 4651 1282 4717 tribuitur,
1298 4650 1327 4702 in
1342 4650 1445 4705 eodem
1461 4649 1585 4705 concilio
1601 4666 1659 4704 non
1768 4660 1772 4666 ·

85 4725 147 4775 ,ωηο
171 4738 229 4775 non
254 4738 323 4775 asso
347 4723 536 4777 manifestum
560 4726 616 4777 est.
633 4723 716 4788 Quod
731 4725 766 4779 acl
827 4725 1023 4795 reperiantur.
1039 4722 1148 4777 Omnes
1165 4721 1229 4776 alim
1245 4720 1314 4776 edit.
1332 4721 1406 4776 satis
1428 4722 1506 4776 inter
1526 4734 1560 4775 se
1585 4736 1658 4776 eon·

85 4792 109 4848 le
123 4791 237 4847 liceret.
255 4808 330 4846 anae
346 4793 398 4847 tle
422 4794 545 4862 laetam,
562 4809 619 4864 qua
634 4794 765 4849 levinia—
782 4807 810 4867 Ι)
827 4801 946 4867 gruunt,
962 4794 1021 4849 nisi
1031 4793 1108 4865 quod
1122 4792 1280 4847 Eustasius
1288 4792 1456 4863 geminatur
1471 4793 1500 4846 in
1511 4795 1570 4847 vet.
1587 4793 1657 4848 edit.

85 4862 137 4920 abc
150 4871 301 4919 contusum
326 4865 354 4918 ia
371 4865 497 4918 insulam
512 4865 603 4921 Boam
617 4864 768 4935 deportari
826 4870 854 4922 ct
869 4867 963 4921 labb.
979 4881 1013 4920 ao
1026 4880 1081 4934 pro
1095 4886 1105 4911 ι
1120 4879 1223 4919 omnes
1238 4862 1366 4919 Ordines
1378 4888 1390 4913 ι
1402 4865 1432 4920 ω
1444 4864 1548 4921 eodem
1563 4863 1657 4921 Labb.

85 4950 140 4991 non
165 4935 262 4989 solum
278 4949 313 4989 ea
327 4936 445 5018 videtur
460 4935 642 5060 Ηίοοοοόωῇ,
668 4951 767 5020 atquo
826 4941 855 4992 et
867 4935 978 5002 Quesn.
991 4934 1114 5019 ponitur
1131 4957 1142 4982 a
1161 4948 1264 4990 onmes
1280 4935 1394 4991 ordine.
1418 4959 1429 4985 s

85 5005 549 5076 isann0409,qu0scr1bobat1n
591 5007 765 5078 agilautaum,
862 5006 918 5077 (ee)
933 5006 1049 5077 Scripta
1064 5021 1143 5061 circa
1159 5020 1268 5060 annum
1282 5006 1345 5063 889.

85 5081 140 5132 tus
164 5077 361 5147 significatur,
389 5078 556 5133 testimonio
586 5079 735 5133 contraria
759 5095 766 5133 τ
861 5079 918 5149 (9Ἱ)
934 5076 1072 5133 Nonnulli
1092 5093 1178 5147 mss,
1197 5100 1208 5125 a
1226 5077 1255 5130 ia
1271 5078 1357 5150 aquis
1372 5081 1451 5148 sunt,
1469 5094 1536 5150 quae
1550 5078 1659 5150 produ-

85 5149 141 5203 iam
156 5164 223 5202 oum
246 5147 417 5213 Godoiredi,
434 5165 450 5202 a
465 5164 523 5220 quo
537 5154 635 5204 tamen
654 5165 707 5220 pro
723 5151 768 5206 le·
826 5155 910 5207 xerat
928 5153 1011 5204 terra
1033 5148 1082 5202 vet
1107 5164 1193 5219 aqua,
1219 5149 1255 5204 ad
1280 5165 1369 5220 qoam
1391 5166 1512 5205 eausam
1536 5166 1589 5221 pro
1611 5156 1659 5205 ter

85 5220 195 5286 abetur,
221 5219 360 5275 Claronol.
387 5220 416 5274 in
440 5220 511 5276 Cod.
528 5220 639 5276 Theod.
665 5226 767 5293 operte
826 5238 913 5305 quom
929 5220 978 5275 illa
992 5224 1092 5275 creata
1108 5226 1186 5303 sunt,
1203 5221 1325 5276 ultimus
1341 5225 1545 5305 generaretur.
1566 5245 1577 5268 ·
1604 5223 1658 5275 <lc-

85 5375 220 5445 rnomnes
246 5362 336 5430 edit,
364 5362 467 5417 ambr.
493 5366 581 5433 atque
604 5362 714 5434 Lubb.,
739 5366 767 5417 at
824 5294 1657 5432 &eligilgmvffitffigglt’ogemnglallorrffoerr‘slltiiaffiasnafflanffiaxartcla

85 5434 169 5487 ttstur
184 5433 356 5505 Leopurdus
370 5449 387 5487 a
401 5433 513 5498 Ouesn.
825 5452 895 5491 esse
909 5437 939 5491 in
954 5435 1010 5490 hae
1024 5435 1159 5504 epistola,
1177 5452 1243 5505 qum
1259 5451 1295 5490 ex
1310 5436 1443 5490 Philonis
1459 5435 1509 5488 lab.
1523 5433 1562 5488 de
1574 5448 1657 5486 mura·

85 5516 147 5559 ean.
159 5505 255 5572 solus,
270 5527 281 5552 a
294 5504 380 5575 quasi
391 5504 536 5576 profugos
549 5505 764 5575 reliquerunt.»
825 5508 857 5563 ali
873 5505 995 5579 Opiicio
1014 5505 1148 5561 hauserit
1171 5507 1361 5561 Ambrosius.
1377 5506 1435 5561 Scd
1451 5504 1551 5558 cadam
1568 5503 1615 5556 illa
1627 5502 1657 5561 in

85 5575 270 5700 :iffibidml
284 5573 396 5700 ἓίοῗεο,
408 5575 589 5700 ἔοζὲιὺίἲιὴὶιο).
607 5576 678 5701 loetgit
692 5574 766 5631 Plo-
824 5579 960 5705 lermuml
973 5577 1074 5705 pietati
1096 5582 1127 5681 et
1140 5578 1311 5703 οῗξὶοῑωοῖο
1336 5575 1472 5701 ι’ἕΙίςῑὶοοῐοί
1487 5574 1583 5647 magis
1604 5589 1658 5627 ar«

85 5730 128 5773 m.
154 5662 275 5785 edffffl«
292 5661 570 5789 Stibseciiptio.al}ge
586 5662 766 5775 immina
824 5662 1487 5793 cowlldifficcellimefnlsss?ecessistiffiamus
1512 5731 1614 5789 posse.
1641 5741 1655 5767 a
