3900 6128
57 400 60 405 ·
105 377 184 443 rau
693 370 1002 444 nrrsronaeuu
1019 325 1194 442 enassrs
1215 376 1240 443 ι.
1280 334 1327 411 '—
1751 376 1831 449 raes

103 560 301 633 moralitatem
316 576 482 648 disciplina,
500 578 595 632 illaad
612 578 820 634 abstinentiam
836 594 942 634 assue-
954 560 984 622 Α
997 578 1109 633 minum
1125 579 1283 651 baptizavit
1303 579 1341 650 (ι)
1360 581 1444 650 (Luc.
1461 598 1502 648 ιιι,
1523 579 1550 651 ι,
1566 580 1628 650 at);
1646 584 1674 636 et
1689 584 1830 637 consten-

105 666 481 738 faetaatquepatieatiam:
497 667 562 722 haec
578 667 702 722 velutin
718 668 941 739 quodamthcu-
998 669 1067 724 tiam
1087 668 1148 724 illic
1167 669 1252 739 prius
1269 671 1416 741 exercuit,
1437 673 1468 725 ut
1487 673 1592 741 postea
1611 685 1713 743 regem
1731 671 1830 727 incre-

104 758 161 827 tro,
173 756 224 811 illa
239 757 268 809 1ιι
280 759 397 811 secreto
410 772 416 810 :
434 760 586 827 spectatur
595 758 663 829 ista,
676 757 725 811 illa
737 758 939 813 absconditur.
997 763 1091 829 paret.

105 845 176 901 ldeo
199 835 297 900 1040
313 847 409 901 bonus
430 846 538 901 athleta
554 848 610 902 ait:
636 871 646 895 ι
668 846 875 918 Spectaculum
895 849 941 903 ia·
1032 848 1077 902 11.
1100 848 1136 903 Et
1156 849 1224 921 quia
1249 849 1285 905 de
1310 850 1405 904 sancti
1425 849 1498 905 Elias
1518 849 1697 906 habitatione
1719 850 1831 906 deserti

104 935 144 991 cti
165 950 271 989 sumus
291 935 359 1014 huic
377 937 486 990 munde
502 941 530 991 et
547 936 662 1009 angelis
679 937 705 1007 (1
720 937 787 993 Cor.
807 954 846 1006 rv,
867 937 905 1008 0).
926 960 938 985 ι
997 939 1115 992 nomina
1132 939 1264 994 locorum
1283 956 1340 994 non
1360 940 1454 995 otiosa
1473 941 1560 1011 quasi
1580 939 1679 996 feriati
1697 940 1832 1011 praeteri·

106 1023 222 1097 Dignus
238 1039 311 1079 sanc
326 1025 375 1096 qui
388 1028 573 1095 spectaretur
583 1027 620 1080 ab
636 1027 762 1098 angelis,
775 1043 841 1081 cum
853 1027 941 1081 lucta·
995 1027 1104 1098 vimus,
1116 1028 1186 1099 quid
1198 1028 1367 1101 signiticcnl
1376 1030 1567 1099 repetendum
1578 1030 1704 1086 videtur.
1715 1028 1829 1085 Missus

104 1118 198 1185 retur,
215 1118 247 1169 ut
263 1113 299 1169 ad
313 1112 424 1169 Christi
439 1115 575 1170 bravium
586 1116 774 1186 perveniret,
790 1132 857 1171 eum
873 1132 939 1171 cer·
995 1121 1041 1170 est
1068 1116 1148 1171 Elias
1173 1119 1209 1173 ad
1233 1121 1394 1174 torrentem
1420 1117 1561 1188 Choretb,
1587 1118 1628 1174 ihi
1653 1133 1721 1175 eum
1747 1119 1832 1174 corvi

104 1206 191 1272 taret,
208 1206 240 1258 ιιι
254 1203 284 1257 1ιι
302 1204 392 1259 terris
411 1205 499 1259 vitam
520 1206 695 1276 angolorum
712 1205 888 1276 institueret,
910 1206 940 1260 in
994 1204 1121 1277 alebant,
1138 1222 1224 1263 mane
1238 1223 1344 1279 panem
1359 1205 1531 1276 afferebant,
1554 1199 1647 1264 1041
1667 1208 1703 1263 ad
1724 1223 1832 1280 vespe·

104 1292 181 1347 caulo
192 1292 353 1363 nequitiam
364 1292 539 1366 angelorum
550 1293 712 1349 refelleret:
726 1295 940 1350 colluctabatur
994 1310 1059 1349 ram
1070 1311 1186 1351 earnes.
1201 1296 1268 1351 Non
1283 1297 1427 1353 immerite
1443 1312 1528 1352 mano
1538 1296 1625 1367 panis
1640 1296 1829 1368 atterebatur,

104 1382 184 1436 enim
207 1382 348 1453 nequitiis
374 1383 567 1453 spiritalibus.
591 1383 696 1440 Merito
720 1384 848 1440 mundus
873 1399 940 1438 curn
994 1385 1063 1456 quia
1084 1386 1237 1440 confirmat
1260 1402 1312 1441 cor·
1335 1386 1465 1442 hominis
1484 1384 1579 1458 (Psal.
1601 1401 1666 1454 eur,
1691 1385 1747 1457 15).
1767 1386 1831 1453 Quo

105 1471 269 1541 spectabat,
285 1474 317 1527 ut
331 1472 460 1527 mundus
474 1472 648 1529 imitaretur.
994 1474 1073 1529 euim
1089 1475 1156 1531 cibo
1173 1474 1233 1530 nisi
1248 1476 1374 1547 mystico
1392 1476 1521 1532 aleretur
1537 1476 1703 1547 propbeta?
1719 1476 1765 1532 Ad
1780 1492 1832 1534 ve·

140 1559 186 1615 72.
211 1560 284 1615 Haec
306 1576 380 1634 ergo
405 1562 464 1616 vita
482 1560 512 1616 in
532 1562 637 1633 stadio,
658 1562 709 1618 illa
728 1563 758 1617 in
778 1563 938 1634 spelunca:
995 1578 1113 1632 speram
1138 1579 1208 1618 earo
1232 1564 1467 1620 ministrabatur.
1489 1565 1622 1637 Intellige
1645 1581 1713 1639 quaa
1732 1565 1830 1639 legis,

104 1648 171 1706 boee
191 1650 338 1706 adversus
359 1650 565 1707 contusionem
585 1651 699 1723 saeculi,
720 1652 768 1707 illa
792 1652 939 1709 adversus
994 1652 1063 1722 quia
1078 1650 1207 1707 Chorath
1223 1652 1390 1709 intellectus
1403 1653 1515 1724 est(3);
1533 1652 1650 1710 Choreb
1666 1670 1752 1709 omne
1767 1670 1830 1728 eor,

104 1739 205 1795 carnis
221 1740 434 1811 appetentiam:
451 1740 516 1796 haeo
533 1740 709 1813 subjiciens,
720 1741 771 1796 illa
786 1740 940 1815 refugiens
994 1741 1042 1796 vel
1061 1740 1148 1813 quasi
1161 1756 1214 1796 cor
1229 1741 1348 1812 dicitur,
1365 1741 1516 1797 Bersabee
1530 1757 1647 1813 quoque
1660 1746 1768 1814 puteus
1784 1759 1832 1800 se·

104 1829 241 1900 corporis
257 1829 444 1901 voluptates:
466 1830 530 1886 haee
546 1830 671 1903 gratior,
686 1830 736 1885 illa
750 1830 856 1886 tutior:
875 1831 939 1887 haec
955 1870 981 1932 Β
995 1830 1088 1901 ptimi,
1102 1829 1321 1901 nutjuramenti
1330 1829 1432 1884 Latina
1442 1830 1644 1902 interpretatio
1653 1835 1710 1888 est.

104 1934 139 1973 se
154 1919 250 1990 ipsam
265 1935 390 1992 regens,
404 1919 454 1974 illa
470 1924 564 1975 semet
580 1920 674 1992 ipsam
690 1935 832 1977 coercens
845 1938 851 1976 :
864 1925 941 1975 utra·
1031 1917 1076 1975 78.
1087 1919 1219 1973 Primum
1227 1918 1308 1974 Elias
1317 1919 1347 1974 in
1355 1919 1506 1975 Bersabee
1514 1923 1666 1977 concessit
1674 1921 1711 1977 ad
1719 1927 1832 1979 sanetae

103 2023 163 2080 que
183 2013 281 2064 tamen
297 2023 331 2062 se
347 2009 510 2080 abnegans,
528 2012 559 2064 ut
574 2009 623 2064 ilat
643 2008 763 2081 Christi,
786 2011 854 2081 quin
869 2026 940 2080 pcr-
997 2009 1074 2081 legis
1088 2009 1238 2080 mysteria,
1255 2008 1405 2080 divinique
1416 2006 1496 2080 juris
1512 2013 1711 2067 sacramenta:
1728 2014 1832 2083 postea

103 2095 193 2152 lectis
211 2096 401 2152 dictumest:
426 2120 437 2145 α
454 2095 509 2162 Qui
529 2097 591 2152 vult
606 2102 673 2169 post
692 2114 739 2154 rue
758 2098 870 2169 venire,
886 2098 940 2153 ab·
997 2097 1033 2153 ad
1048 2100 1209 2153 torrentem
1229 2097 1362 2166 mittitur,
1379 2097 1415 2152 ad
1431 2098 1514 2153 illum
1529 2098 1660 2155 fluminis
1676 2100 1829 2172 impetum,

103 2189 196 2258 neget
211 2201 244 2241 se
260 2186 359 2256 ipsum
374 2186 442 2257 sibi,
460 2191 488 2241 el
504 2186 584 2242 tollat
600 2202 719 2242 crucem
735 2203 829 2257 suam,
846 2193 874 2242 et
889 2204 940 2242 se·
997 2187 1047 2258 qui
1060 2185 1188 2242 laetitlcat
1204 2187 1350 2241 civitatem
1364 2186 1417 2242 Dei
1430 2187 1594 2257 (Psalxnv,
1610 2189 1648 2258 5).
1665 2189 1832 2261 Utrumque

103 2279 214 2346 quatur
228 2291 274 2331 me
287 2275 408 2345 (Μιιιιι.
425 2293 485 2347 xvi,
501 2275 558 2347 11).
576 2299 587 2325 n
605 2276 745 2348 Sequitur
759 2292 832 2350 ergo
851 2275 939 2331 Chri·
997 2276 1129 2331 advertis
1144 2275 1234 2330 unius
1249 2275 1379 2330 auctoris
1395 2274 1632 2333 Testamentum:
1649 2280 1736 2333 vetus
1750 2277 1832 2334 Scri·

103 2367 195 2435 stum,
220 2365 271 2436 qui
289 2368 388 2436 potest
409 2365 528 2421 dicare:
557 2388 568 2413 ι
593 2365 668 2420 Vivo
690 2367 787 2420 autem
804 2363 866 2437 jam
881 2381 940 2420 ιιοιι
995 2369 1082 2438 ptura
1097 2365 1183 2436 quasi
1196 2366 1303 2434 puteus
1316 2364 1463 2434 profunda
1474 2367 1562 2436 atque
1575 2367 1831 2439 obscurior,unde

103 2467 173 2526 ego,
190 2452 263 2507 vivit
278 2469 349 2509 vero
364 2454 395 2509 in
409 2469 457 2508 me
470 2452 609 2509 Christus
625 2453 734 2525 (Galat.
751 2471 782 2525 n,
798 2454 853 2525 ιθ).
873 2477 884 2504 ι
995 2471 1063 2511 cum
1087 2455 1187 2510 labora
1210 2454 1344 2509 haurias:
1367 2469 1426 2508 non
1448 2454 1543 2526 plena,
1570 2454 1639 2527 quia
1659 2455 1755 2513 adhuc
1780 2457 1832 2529 qui

139 2542 185 2597 73.
202 2542 336 2614 Negabat
352 2559 386 2599 se
400 2544 523 2615 Paulus,
540 2560 608 2599 cum
623 2544 723 2600 sciens
738 2544 807 2617 quia
821 2544 940 2599 vincula
995 2544 1131 2614 imploret
1149 2543 1234 2614 joam,
1259 2559 1317 2598 nen
1341 2547 1472 2598 venerat.
1494 2544 1626 2617 Denique
1649 2549 1753 2617 postea
1772 2546 1829 2603 ait:
1846 2618 1848 2623 .

103 2635 133 2688 et
153 2632 359 2688 tribulationes
380 2649 447 2688 eum
468 2635 620 2688 manerent
640 2633 670 2687 ia
690 2633 868 2703 Jerusalem,
885 2648 939 2689 vo·
997 2654 1008 2685 ι
1031 2633 1097 2688 Νοιι
1112 2634 1179 2689 veni
1195 2633 1292 2704 legem
1308 2633 1436 2703 solvere,
1455 2633 1509 2689 sed
1522 2634 1645 2705 implere
1661 2635 1782 2702 (Matth.
1799 2652 1830 2707 v,

101 2718 251 2775 luntarius
266 2737 299 2776 se
316 2720 437 2778 offerret
450 2722 601 2793 periculis,
619 2722 736 2778 dicens:
756 2743 767 2774 ι
784 2721 847 2777 Νοιι
863 2720 939 2777 iacio
996 2724 1051 2795 ll).
1069 2743 1081 2774 ι
1104 2723 1172 2778 ldeo
1188 2723 1225 2777 ad
1246 2722 1367 2778 fluvium
1387 2724 1516 2779 transire
1534 2727 1656 2780 sanctus
1673 2741 1691 2780 a
1707 2724 1830 2781 Domino

103 2810 233 2866 animam
247 2827 342 2867 meam
357 2811 524 2867 chariorem
539 2812 622 2882 mihi,
635 2811 793 2867 dummodo
805 2827 940 2867 consum·
992 2814 1117 2888 iubetur
1135 2813 1194 2884 (111
1207 2813 1281 2885 ch.
1298 2830 1370 2884 xvu,
1387 2811 1433 2876 et:
1460 2813 1599 2885 queniam
1622 2814 1672 2886 qui
1692 2814 1729 2870 de
1752 2829 1831 2871 novo

101 2914 182 2955 mem
207 2916 330 2956 cursum
352 2918 460 2973 meum,
481 2906 510 2958 et
529 2902 727 2957 ministerium
742 2902 837 2971 verbi,
860 2901 940 2972 quod
994 2903 1185 2959 Testamento
1209 2902 1327 2972 biberit,
1352 2917 1411 2958 non
1434 2902 1532 2958 solum
1556 2902 1666 2958 tiumen
1694 2905 1751 2976 est,
1777 2904 1832 2960 sed

103 2990 208 3060 accepi
223 3007 239 3044 a
254 2989 378 3046 Domino
393 2991 466 3047 lesu
481 2992 561 3063 (Act.
574 3008 623 3063 xx,
635 2991 692 3061 at).
710 2991 868 3061 „Denique
885 2990 939 3044 cir·
995 2993 1083 3063 etiam
1104 2991 1224 3047 flumina
1246 2991 1283 3046 de
1307 2995 1410 3046 ventre
1434 2991 1502 3063 ejus
1527 2992 1618 3047 fluent
1642 3007 1728 3065 aquoe
1753 2993 1832 3049 vivoe

103 3081 324 3135 cumstantibus
338 3081 486 3152 plurimis,
502 3081 688 3152 plorantibus
708 3085 736 3136 ct
751 3079 938 3135 obsecranti·
994 3082 1090 3155 (doun.
1106 3097 1158 3152 vn,
1173 3079 1230 3151 38),
1247 3081 1368 3136 flumina
1383 3080 1561 3150 intellectus,
1578 3081 1699 3137 llumina
1715 3083 1831 3155 eogita-

101 3168 173 3239 bus,
190 3185 248 3224 non
263 3171 379 3226 reilexit
394 3170 541 3227 animum:
562 3171 602 3225 ita
621 3170 696 3226 tides
714 3172 848 3242 prompta
864 3169 938 3225 dura
953 3192 979 3255 Ο
995 3171 1085 3227 tionis
1105 3171 1154 3242 (1),
1171 3170 1290 3226 tiumina
1310 3170 1472 3241 spiritalia:
1494 3186 1561 3243 quae
1580 3175 1678 3227 tamen
1696 3171 1830 3243 perfidiae

102 3259 153 3316 sui
170 3275 279 3315 censor
298 3258 362 3316 estl
995 3264 1136 3317 aruerunt
1155 3264 1297 3332 tempore,
1317 3275 1353 3315 ne
1369 3258 1510 3332 sacrilegi
1525 3259 1678 3332 biberent,
1695 3263 1832 3333 potarent

139 3348 185 3405 ll.
202 3349 274 3406 llaec
289 3365 363 3423 ergo
379 3350 507 3419 dimicat,
524 3350 573 3406 illa
589 3365 623 3405 se
638 3354 786 3406 removet:
804 3348 868 3405 haec
880 3349 939 3404 illo·
994 3351 1110 3424 persidi.
1145 3332 1155 3353 '

103 3439 214 3497 cebras
228 3440 330 3511 vineit,
345 3439 396 3495 illa
411 3439 537 3513 refugit:
553 3440 762 3495 buiamundus
776 3438 939 3510 triumpha·
1029 3440 1074 3496 79.
1099 3440 1143 3496 lbi
1165 3439 1340 3511 prophetam
1363 3438 1481 3495 Domini
1503 3438 1708 3511 agnoscebant
1733 3441 1827 3511 corvi,

102 3532 163 3599 tur,
179 3527 222 3584 illi
238 3529 374 3585 exsulat:
395 3529 607 3585 buiamundus
623 3529 808 3602 crucifigitur
828 3528 937 3600 (Galat.
994 3546 1082 3604 quem
1094 3546 1153 3585 non
1164 3530 1368 3601 agnoscebant
1378 3528 1484 3584 tudaei.
1501 3529 1668 3585 Pescohant
1679 3530 1763 3586 corvi
1773 3530 1833 3601 (III

101 3634 143 3688 vr,
161 3616 216 3688 tt),
235 3618 282 3673 vel
299 3618 364 3688 ipsa
383 3618 503 3689 mundo,
521 3619 564 3674 1111
581 3618 749 3690 ignoratur:
770 3618 839 3674 huic
854 3618 939 3689 plura
994 3620 1068 3692 fleg.
1089 3635 1161 3689 xvir,
1181 3619 1221 3689 6),
1241 3633 1329 3690 quem
1349 3633 1446 3691 genus
1467 3619 1569 3691 regale
1593 3618 1664 3674 illud
1683 3622 1713 3675 et
1729 3618 1829 3675 nobile

102 3712 293 3780 tentamenta,
312 3713 341 3764 et
355 3707 422 3764 ideo
439 3708 537 3780 major
554 3708 696 3780 victeria3
714 3708 755 3763 illi
772 3707 940 3780 infrequen·
993 3706 1831 3781 persequebaturQuaeestlezabel,quaepersequebatur

88 3797 163 3853 'tior
182 3796 297 3869 lapsus,
319 3798 436 3853 facilior
454 3798 599 3854 custodia.
993 3798 1053 3855 nisi
1067 3798 1237 3870 Synagoga,
1258 3812 1335 3853 vane
1353 3796 1461 3867 lluens,
1477 3812 1553 3853 vane
1574 3797 1729 3854 abundans
1744 3798 1829 3854 Scri-

137 3885 184 3942 75.
206 3887 338 3960 Denique
363 3888 428 3959 ipse
449 3887 541 3958 Elias,
567 3893 598 3943 ut
621 3888 848 3943 confirmaretur
867 3904 938 3943 vcr-
992 3888 1100 3962 pluris,
1116 3903 1303 3959 quassaque
1320 3887 1458 3958 custodit,
1476 3886 1749 3960 nequeintelligit?
1772 3887 1829 3954 Qui

102 3975 175 4032 bum
192 3977 231 4047 (1)
246 3978 308 4033 oris
322 3977 421 4050 eujus,
437 3979 552 4034 missus
568 3982 614 4034 est
628 3994 645 4032 a
658 3978 791 4049 Domino,
807 3983 838 4033 ut
853 3993 887 4034 se
902 3977 939 4032 ad
994 3979 1075 4035 corvi
1090 3977 1263 4049 pascebant,
1280 3975 1338 4032 nisi
1358 3992 1483 4048 quorum
1501 3976 1574 4048 pulli
1593 3992 1661 4033 eum
1676 3977 1825 4047 invocant,
1882 3979 1888 3997 '

102 4055 272 4123 torrentem
286 4068 483 4124 absconderet
501 4067 630 4124 Chorath
649 4067 697 4137 (111
712 4068 786 4140 Heg.
806 4084 876 4137 ιιιίι,
897 4069 936 4137 3).
994 4084 1121 4143 quorum
1138 4091 1149 4115 ιι
1164 4066 1307 4139 jumentis
1323 4066 1372 4121 dat
1387 4081 1498 4136 oscam,
1511 4089 1522 4115 u
1534 4069 1566 4121 ut
1580 4066 1720 4139 legimus,
1734 4089 1746 4116 ι
1762 4066 1827 4138 pul·
1893 4140 1896 4147 Ι

102 4149 272 4212 Minabatur
285 4158 398 4229 Achab,
416 4158 582 4214 minabatur
598 4157 728 4228 lezabel,
746 4157 840 4212 timuit
857 4157 938 4212 Elias
993 4159 1032 4215 lis
1047 4173 1207 4214 cervorum
1223 4155 1431 4212 invocantibus
1446 4170 1514 4210 eum
1527 4155 1621 4227 (Ρειιι.
1639 4172 1736 4223 cxcvi,
1751 4155 1823 4226 eu.

103 4252 132 4304 et
143 4247 322 4317 exsurrexit,
334 4251 362 4303 et
373 4249 478 4303 iterum
488 4248 519 4303 in
529 4249 638 4304 virtute
649 4262 728 4303 escae
743 4246 938 4319 intelligibilis
994 4248 1132 4304 Sciebant
1147 4245 1189 4301 illi
1205 4246 1298 4313 corvi,
1315 4218 1402 4315 qaicrn
1417 4247 1593 4316 pascerent:
1612 4244 1664 4315 qui
1679 4241 1764 4315 juxta
1779 4243 1828 4297 in·

103 4338 300 4411 quadraginta
320 4338 426 4394 diebus
444 4338 615 4407 ambulavit,
632 4342 660 4393 et
677 4337 873 4410 quadraginta
891 4352 939 4391 no·
993 4339 1142 4394 tellectum
1159 4337 1253 4405 erant,
1270 4338 1298 4389 et
1313 4333 1350 4388 ad
1367 4332 1449 4389 illum
1465 4331 1645 4404 cognitionis
1659 4346 1755 4387 sacre)
1769 4332 1826 4387 tiu·
1928 4348 1932 4365 ⁴

103 4429 204 4484 ctihus
223 4443 320 4500 usquo
341 4428 377 4483 ad
395 4432 524 4482 montem
541 4427 595 4483 Dei
613 4426 741 4496 Choreb,
760 4431 788 4482 et
808 4426 939 4481 introivit
993 4430 1074 4485 vium
1090 4441 1190 4483 escam
1207 4423 1363 4480 vehebant.

100 4518 131 4574 in
144 4518 328 4590 speluncam,
342 4522 369 4573 ct
383 4518 528 4589 requievit
537 4517 593 4588 ihi3
607 4521 635 4572 ct
649 4517 693 4572 sic
705 4521 809 4589 postea
824 4516 937 4571 missus
952 4523 979 4586 [ι
1031 4518 1074 4573 80.
1092 4516 1192 4571 l‘ascit
1206 4513 1389 4586 prophetam,
1406 4511 1456 4583 qui
1472 4510 1617 4582 intelligit,
1633 4509 1684 4581 qui
1698 4511 1828 4567 custodit

103 4615 161 4681 cst,
180 4613 213 4663 ut
229 4611 354 4680 ungeret
372 4600 461 4681 roges
477 4607 525 4679 (111
537 4608 611 4680 Hcg.
627 4624 687 4678 ιιιιι,
704 4603 937 4675 8-16).'Duratus
996 4625 1062 4682 quae
1078 4605 1186 4676 scripta
1203 4606 1281 4658 sunt.
1298 4602 1352 4656 Dat
1367 4601 1395 4656 oi
1409 4616 1532 4655 succum
1548 4599 1623 4654 tides
1647 4602 1760 4669 nostra,
1777 4601 1827 4655 dat

103 4699 199 4773 igitur
222 4699 257 4754 ad
279 4699 449 4771 patientiam
472 4701 518 4753 est
537 4697 728 4752 solitudinum
748 4697 886 4766 incolatu,
911 4701 939 4753 ct
994 4699 1022 4755 ci
1035 4697 1205 4752 alimentum
1221 4694 1323 4748 noster
1337 4690 1488 4761 proiectus
1500 4704 1506 4743 :
1519 4687 1825 4745 montesillenostras

102 4792 243 4861 tanquam
262 4791 367 4859 pastus
387 4788 423 4842 ad
446 4788 563 4843 virtutis
588 4787 732 4858 adipalem
753 4788 865 4860 agresti
887 4786 939 4841 ali·
993 4799 1163 4855 sensusque
1173 4781 1307 4853 pascitur
1316 4780 1365 4849 (5),
1382 4778 1411 4833 in
1427 4782 1530 4833 nostro
1546 4793 1646 4833 serrae
1657 4777 1725 4850 ojus
1739 4778 1826 4834 intel·

102 4881 203 4934 mento
221 4879 369 4948 processit
387 4878 502 4933 sortior.
991 4876 1071 4931 lectu
1089 4870 1233 4942 epulatur.
1255 4870 1365 4924 Damus
1385 4869 1413 4923 ei
1434 4883 1519 4923 manc
1533 4883 1649 4939 punem,
1668 4868 1719 4939 qui
1733 4868 1763 4923 1ιι
1777 4868 1825 4924 lu-

137 4966 185 5024 76.
205 4967 335 5023 loannes
353 4982 472 5039 queque
489 4968 521 5022 in
540 4967 659 5023 deserto
675 4965 812 5034 adolevit,
831 4967 859 5020 et
878 4964 938 5020 llo-
991 4964 1070 5019 mine
1086 4958 1238 5032 Evangelii
1254 4957 1354 5030 positi,
1371 4957 1553 5014 conserimus
1568 4957 1596 5013 ei
1611 4957 1707 5014 nostri
1724 4956 1825 5013 tlrma·

138 5111 180 5183 (1)
202 5110 278 5167 hiso.
301 5109 422 5184 aliquot,
449 5134 461 5163 ι
488 5117 519 5166 ιιι
543 5110 743 5167 infirmaretur
764 5111 899 5180 verbum,
925 5133 936 5158 n
992 5109 1049 5164 hoc
1064 5105 1129 5161 leco
1146 5120 1205 5159 non
1221 5118 1323 5184 parum
1337 5101 1516 5184 Ambrosius
1536 5101 1657 5171 recedit,
1674 5101 1728 5157 sed
1747 5098 1826 5156 haud

101 5187 162 5240 etc.
992 5179 1081 5235 dubia
1099 5177 1176 5231 alius
1196 5174 1363 5245 cujuspiam
1379 5173 1536 5244 scriptoris
1556 5173 1758 5229 auctoritatem
1777 5186 1825 5226 se·

138 5255 180 5327 (2)
191 5253 233 5309 lta
244 5257 302 5309 vet.
316 5254 386 5310 edit.
400 5253 561 5327 pluresque
575 5270 649 5311 mss.
663 5256 748 5311 Rom.
761 5257 858 5310 autom
869 5253 938 5308 edit.
993 5256 1090 5305 cutus.
1103 5247 1273 5329 Quodvere
1291 5245 1332 5327 ad
1347 5261 1450 5328 vocem
1471 5244 1626 5301 Bersabee
1645 5259 1700 5299 scu
1715 5242 1824 5297 Bctsa-

101 5342 171 5382 eum
192 5325 260 5381 aliis
279 5326 344 5381 cod.
368 5327 518 5382 nonnullis
537 5327 681 5398 omittunt,
704 5350 715 5375 a
738 5331 766 5382 ct
784 5325 940 5382 Dominum
993 5323 1058 5384 bec,
1077 5320 1156 5375 illam
1172 5335 1240 5390 epus
1256 5317 1481 5388 explicationem
1491 5332 1595 5371 omncs
1610 5315 1787 5395 proponuntz

101 5397 276 5469 baptizavit.
296 5418 308 5448 ι
1029 5394 1068 5462 (ι)
1082 5391 1124 5446 lta
1139 5406 1213 5445 mss.
1229 5404 1321 5460 propo
1336 5389 1373 5443 ad
1394 5403 1500 5444 unum:
1527 5402 1632 5443 omnes
1650 5399 1723 5442 voro
1742 5383 1824 5455 edat,

138 5470 180 5541 (3)
205 5469 238 5524 1ιι
263 5470 314 5526 111).
342 5471 379 5527 de
401 5469 483 5544 Fuga
505 5469 617 5540 saeculi,
648 5487 711 5540 cap.
736 5469 764 5536 o,
787 5484 867 5523 num.
893 5465 938 5535 81,
995 5463 1198 5520 ι11ιιιιι1ιιιιιο
1217 5461 1384 5544 ultionis?
1729 5524 1735 5537 .

103 5540 227 5598 Chorad
236 5542 393 5613 exponitur
403 5544 533 5615 cognitio
544 5562 552 5606 ,·
569 5542 622 5596 sod
635 5541 715 5597 Oreb
726 5540 784 5610 vel,
796 5544 827 5594 ut
838 5539 942 5594 scribi·
1028 5537 1068 5607 (5)
1081 5536 1165 5591 llere.
1177 5478 1246 5589 egit.
1259 5531 1334 5615 sola,
1350 5553 1362 5579 a
1375 5531 1423 5586 rlle
1432 5545 1525 5585 sensu
1535 5530 1639 5583 nostro
1653 5528 1797 5652 grassatur.
1812 5547 1822 5575 ι

101 5613 194 5669 turin
210 5627 298 5681 mss,
316 5611 444 5681 Choreb,
458 5614 488 5669 in
503 5613 606 5669 eodem
621 5612 698 5668 libro
715 5612 824 5667 dieitur
839 5610 940 5665 exsic—
993 5608 1030 5664 ht
1044 5606 1147 5664 eadam
1163 5620 1230 5661 cum
1246 5604 1313 5658 olus
1328 5618 1387 5659 nen
1406 5607 1478 5683 post
1498 5598 1629 5680 multa,·«
1674 5613 1701 5652 rs
1721 5610 1826 5670 popano

102 5685 194 5756 ustio,
214 5684 344 5759 etvulge
355 5686 442 5741 etiam
452 5685 616 5758 explicatur
631 5683 764 5752 siccitas,
776 5682 939 5751 desertum,
993 5679 1044 5741 diu
1057 5695 1065 5755 3
1083 5698 1094 5733 ι
1112 5693 1186 5737 mss.
1203 5680 1300 5736 tutem
1315 5672 1472 5749 utrobique
1486 5675 1518 5731 ul
1531 5685 1588 5729 nes
1603 5685 1634 5730 ιιι
1648 5670 1740 5733 testu.

103 5754 273 5823 destructio
288 5763 318 5817 et
336 5757 465 5838 gladius,
481 5774 499 5817 a
518 5757 626 5841 quibus
646 5753 940 5835 interpretationibus
