3900 6128
108 234 188 310 126⁷
282 184 285 188 Ι
527 274 532 283 ·
585 182 588 187 >
820 233 854 299 S.
877 234 1122 301 AMBROSSII.
1751 233 1831 302 1268

108 439 241 498 etdieit:
266 438 332 496 Mea
355 438 453 510 portio
476 453 522 508 es,
547 451 605 512 ego
620 439 649 495 te
672 437 824 495 subditum
837 435 939 508 habui,
960 424 1155 494 trameant.
1172 435 1292 495 Festina
1316 440 1364 495 est
1378 438 1463 510 tides,
1489 439 1598 497 alacris
1614 438 1742 508 devotio,
1758 454 1830 511 spes

108 530 181 586 inihi
197 529 328 598 servisti,
345 529 417 583 mihi
430 530 460 585 te
483 529 513 584 iu
532 528 581 583 illo
597 544 668 584 auro
683 527 853 597 vendidisti,
870 527 942 582 inihi
1000 518 1144 600 impigra:
1162 528 1410 583 contradictiones
1426 528 1515 585 animi
1534 545 1594 585 non
1606 531 1692 595 amat,
1706 530 1760 584 sed
1775 532 1832 584 tra·

108 624 137 676 te
152 619 181 674 in
197 620 246 675 illa
261 619 458 690 possessione
474 618 663 690 adjudicasti.
690 617 756 672 Non
772 618 842 672 dicit
856 619 941 672 luxu·
998 617 1167 672 ductionem
1178 616 1214 673 ab
1225 617 1411 673 infructuoso
1423 620 1481 675 otio
1492 619 1528 674 ad
1540 618 1669 674 fructum
1685 617 1829 674 laborum.

107 711 227 766 riosus:
244 708 344 764 Pontio
355 723 420 762 mea
436 707 584 777 Christus,
605 708 655 779 qui
675 707 755 762 venit
769 706 896 775 luxuria,
913 709 942 760 et
998 705 1073 772 Quid
1095 708 1257 762 crastinum
1278 705 1399 762 differs?
1418 709 1546 764 Poteset
1562 708 1739 764 hodiernum
1755 707 1831 762 diem

107 799 179 855 dicit
190 815 197 854 :
214 798 280 853 Mea
290 797 385 868 portio
397 813 441 868 es,
454 813 510 871 ego
530 801 558 852 te
576 797 606 852 in
626 797 676 852 illo
687 797 759 851 mihi
776 793 942 866 mancipavi
998 795 1108 851 lucrari
1120 797 1306 867 quarendum
1318 799 1364 851 ast
1375 797 1451 853 enim
1464 813 1501 853 ne
1513 803 1541 852 et
1553 798 1635 853 illum
1645 812 1706 852 uon
1716 801 1831 868 teneas,

107 888 255 958 convivio,
268 886 327 941 illis
343 890 371 941 te
388 887 452 958 cepi
476 886 628 958 epularum
643 886 767 954 retibus,
788 900 845 957 ego
861 884 941 940 tend
999 888 1028 941 et
1042 884 1121 940 huno
1144 887 1271 940 amittae.
1298 886 1365 942 Non
1389 889 1530 959 exiguum
1554 888 1763 943 detrimontum
1786 873 1832 941 est

108 978 219 1035 dictum
232 981 318 1033 teneo
336 976 414 1048 gulae
428 979 487 1031 tuae
510 976 722 1048 chirographo.
748 974 795 1029 An
819 974 941 1047 ignoras
998 975 1047 1030 vel
1058 975 1140 1030 horae
1150 975 1258 1031 unius:
1275 977 1304 1031 et
1317 991 1374 1031 una
1389 976 1461 1031 hora
1477 976 1568 1032 totius
1584 977 1654 1032 vitae
1664 976 1762 1047 portio
1774 978 1829 1031 eet.

108 1067 177 1140 quia
196 1065 317 1121 olieriue
336 1064 392 1119 fnit
406 1080 518 1121 mensae
533 1068 591 1120 tuae
608 1080 695 1137 quam
709 1064 777 1118 vitae
792 1063 942 1134 pretium?
1034 1064 1079 1119 98.
1092 1063 1166 1119 Sunt
1183 1062 1323 1137 juvenes,
1341 1064 1392 1137 qui
1407 1066 1464 1120 cito
1480 1065 1582 1121 volunt
1597 1065 1633 1120 ad
1649 1067 1833 1121 senectutem

107 1155 171 1213 Tuo
182 1155 332 1227 tejudicio
345 1154 484 1211 revinco:
502 1170 589 1228 nega,
607 1154 634 1209 si
647 1157 743 1225 potes,
760 1152 815 1209 sed
830 1168 942 1225 negare
999 1154 1170 1225 pervenire:
1182 1169 1219 1210 ne
1229 1154 1683 1226 subjaceantdiutiusseniorum
1693 1154 1832 1224 arbitri03

107 1249 273 1317 nonpetes.
290 1243 421 1315 Denique
444 1244 516 1298 nihil
537 1244 574 1298 ad
598 1244 688 1298 vitam
702 1242 876 1312 reservasti,
892 1244 939 1296 to·
1000 1246 1070 1298 sunt
1084 1243 1170 1298 etiam
1185 1258 1285 1312 senes,
1303 1244 1352 1315 qui
1368 1243 1468 1312 velint,
1485 1244 1512 1299 ei
1527 1244 1655 1315 possint,
1676 1244 1713 1299 ad
1728 1243 1834 1315 juven·

108 1333 545 1404 tumadmensamcxpendisti.
558 1333 624 1388 Non
639 1335 738 1404 potest
753 1331 943 1387 dicereadul-
999 1335 1091 1387 tutem
1115 1332 1222 1388 redire.
1248 1332 1378 1398 Quorum
1403 1334 1532 1389 studium
1556 1336 1694 1388 neutrum
1719 1334 1833 1403 probo,

106 1429 171 1482 ter:
191 1445 202 1476 ι
217 1424 315 1480 Portio
330 1438 395 1478 meu
410 1423 571 1490 Dominus;
590 1422 681 1495 »quia
696 1421 777 1476 venit
798 1420 900 1489 libido,
913 1423 942 1476 et
1000 1421 1069 1492 quia
1082 1420 1211 1492 juvenes
1227 1420 1372 1478 fastidiosi
1395 1423 1596 1493 praesentium,
1621 1423 1709 1494 quasi
1726 1423 1835 1495 ingrati

107 1513 198 1571 dicit:
224 1512 289 1586 Ego
304 1528 371 1568 sum
386 1511 439 1566 tibi
461 1511 567 1582 portio,
593 1511 665 1566 mihi
688 1515 715 1567 te
731 1510 761 1566 in
776 1510 857 1565 illius
873 1509 942 1564 ado·
1001 1510 1191 1564 mutationem
1206 1510 1326 1566 vivendi
1345 1512 1510 1584 requirunt,
1535 1526 1626 1568 senes
1642 1510 1834 1582 dilutionem

108 1603 281 1661 lescentulae
292 1601 431 1658 addixisti
443 1617 554 1670 amore,
566 1601 596 1656 id
611 1601 691 1656 illius
711 1603 797 1655 nocte
809 1599 942 1654 meretri·
1001 1613 1069 1654 eum
1084 1599 1182 1670 possit
1195 1603 1225 1656 et
1235 1599 1378 1672 juventus
1390 1616 1550 1657 senescere
1559 1600 1704 1670 moribus,
1718 1603 1746 1656 et
1755 1616 1836 1656 sene

109 1693 154 1750 oie
169 1693 199 1748 in
212 1709 295 1748 meas
310 1692 405 1764 loges,
422 1691 451 1746 iu
465 1705 530 1746 mea
543 1690 612 1762 jura
626 1690 775 1762 migrasti.
789 1689 855 1743 Non
872 1688 944 1743 dicit
1002 1691 1069 1744 etus
1083 1689 1185 1745 vivere
1209 1690 1362 1761 operibus.
1388 1690 1492 1763 Neque
1507 1691 1585 1746 enim
1600 1689 1836 1746 emendationem

107 1780 257 1855 proditor:
282 1781 384 1836 Portio
401 1796 466 1836 mea
481 1779 620 1836 Christus
633 1794 641 1847 ς
662 1778 731 1849 quia
744 1777 843 1833 statim
858 1777 944 1831 irruit
966 1792 1116 1867 Bmorum
1132 1778 1228 1850 magis
1244 1781 1317 1835 aetas
1332 1777 1426 1849 affert,
1439 1795 1528 1850 quam
1543 1779 1711 1849 disciplina.
1724 1779 1835 1846 Quanto

108 1872 139 1929 iu
155 1887 223 1926 eum
238 1870 369 1943 nequitia
391 1870 459 1925 mali
484 1869 552 1941 (18),
568 1872 596 1924 et
610 1868 699 1923 dicit:
724 1866 810 1922 Fallit
825 1870 865 1935 te,
882 1867 942 1921 Do·
1002 1882 1075 1939 ergo
1095 1868 1191 1940 magis
1206 1884 1263 1924 nos
1274 1870 1389 1939 oportet
1411 1884 1495 1940 spem
1510 1869 1643 1924 attollere
1659 1867 1697 1923 ad
1711 1883 1836 1942 regnum

109 1962 188 2016 mine
202 1960 287 2032 lesu,
303 1975 389 2016 meus
404 1962 451 2015 est
464 1958 532 2014 iste.
1002 1955 1067 2028 Dei,
1084 1957 1135 2013 ubi
1148 1957 1216 2013 vite
1237 1958 1363 2025 novitas,
1382 1958 1433 2014 ubi
1453 1958 1558 2031 gratiae
1574 1958 1640 2028 erit,
1664 1973 1726 2014 non
1743 1959 1834 2014 aetatis

144 2049 190 2106 95.
215 2048 369 2105 Habemus
386 2048 563 2118 exemplum,
584 2047 652 2119 quia
675 2046 742 2126 crim
757 2045 850 2101 ludas
869 2059 944 2116 pane
1004 2047 1216 2103 commutatio?

109 2138 253 2195 aChristo
263 2138 440 2208 accepisset,
455 2136 578 2192 immisit
592 2151 626 2191 se
641 2135 672 2190 iu
687 2150 740 2190 cor
754 2133 823 2205 ejus
838 2134 943 2190 diabo-
1038 2134 1083 2190 99.
1095 2135 1161 2190 Νοιι
1172 2135 1241 2207 etio,
1254 2151 1314 2192 non
1325 2152 1431 2193 somno
1451 2153 1568 2194 merces
1579 2142 1709 2209 paratur.
1718 2140 1835 2197 Nullum

35 2280 39 2285 .
109 2227 158 2285 lus
172 2228 268 2299 (dean.
285 2243 348 2298 xru,
365 2226 402 2297 2),
419 2225 505 2298 quasi
528 2223 755 2296 possessionem
778 2238 863 2278 suam
879 2224 946 2279 vin·
1003 2238 1080 2295 opus
1096 2224 1271 2281 dormientis
1293 2229 1348 2296 est,
1366 2227 1467 2282 nullus
1483 2225 1599 2283 fructus
1615 2229 1685 2285 otii:
1705 2231 1764 2285 imo
1780 2247 1836 2285 ma·

110 2318 225 2389 dicans,
245 2317 332 2390 quasi
360 2314 504 2387 portionis
533 2312 667 2386 suajus
692 2313 837 2380 retinens,
858 2313 947 2384 quasi
1003 2312 1051 2386 gis
1068 2313 1269 2385 dispendium.
1285 2314 1405 2371 Otiosus
1419 2315 1500 2371 Esau
1515 2318 1615 2372 amisit
1628 2319 1775 2390 primatus
1785 2319 1835 2375 be·

109 2407 232 2464 diceus:
250 2406 316 2461 Non
330 2409 376 2461 est
397 2406 467 2460 tu'us
486 2403 553 2474 iste,
570 2402 625 2459 sed
640 2417 743 2458 meus:
761 2417 846 2457 meus
862 2405 941 2457 certe
1004 2402 1182 2458 uedictionis
1197 2403 1253 2474 (19)
1269 2403 1527 2477 (Gen.xxv11,35);
1540 2407 1608 2478 quia
1622 2407 1727 2463 maluit
1743 2409 1836 2465 cibum

11 2492 14 2498 ’
110 2494 484 2567 minister,tuusproditor:
497 2492 799 2564 mausplaneisteest.
812 2491 946 2562 Denique
1004 2491 1264 2564 accipere,‘[quem
1289 2509 1434 2565 quaerere.
1451 2495 1635 2551 Labor-iosus
1653 2496 1749 2554 iacob
1764 2497 1835 2569 apud

110 2589 209 2644 tecam
232 2584 387 2654 recumbit,
412 2582 528 2639 etmihi
552 2583 662 2638 servit:
688 2584 785 2637 tecum
801 2579 947 2652 epulatur,
1006 2584 1164 2653 utrumque
1178 2585 1330 2653 parentam
1345 2583 1457 2639 invenit
1471 2585 1606 2658 gratiam.

111 2679 142 2734 et
154 2690 271 2732 meeum
285 2675 436 2746 pascitur:
464 2676 522 2728 ate
539 2686 644 2744 panem
660 2671 783 2742 accepit,
799 2686 816 2724 a
831 2686 878 2725 me
894 2685 947 2741 pa·
1043 2670 1345 2728 luculentarum
1365 2674 1503 2744 superior
1517 2679 1599 2730 esset
1624 2674 1718 2732 Jacob
1735 2677 1835 2731 virtute

112 2766 249 2822 cuniam:
271 2767 370 2819 tecum
398 2762 482 2831 bibit,
513 2764 542 2818 at
567 2761 637 2816 milri
662 2765 744 2815 tuum
768 2760 946 2831 sanguinem
1006 2761 1035 2816 et
1054 2760 1160 2833 gratia,
1181 2762 1274 2818 cessit
1290 2761 1389 2818 fratris
1404 2763 1607 2836 indignationi.
1625 2765 1675 2836 qui
1691 2765 1750 2821 sibi
1765 2781 1836 2837 prae·

111 2853 254 2912 vendidit.
274 2851 368 2918 Quam
386 2866 456 2906 vera
484 2851 605 2922 diceret,
635 2849 781 2921 probavit,
814 2848 948 2920 Denique
1005 2846 1383 2922 latumfratremjuniorem
1394 2852 1521 2908 dolebat.
1533 2851 1601 2909 Ideo
1612 2853 1834 2925 scriptumest:

112 2942 254 3000 Christus
267 2942 397 2998 recessit
406 2941 443 2997 ab
458 2956 502 3012 eo,
522 2942 714 3013 ipsequoque
725 2939 819 2995 ludas
830 2937 950 3010 reliquit
1008 2958 1020 2989 a
1039 2938 1110 2995 Date
1126 2939 1224 2995 locum
1237 2941 1291 2996 irae
1307 2942 1401 3012 (Rem.
1422 2959 1473 3013 xn,
1489 2940 1532 3013 19)
1546 2959 1553 3012 ;
1571 2966 1582 2990 a
1602 2959 1639 2999 ne
1655 2943 1781 3000 alterius
1795 2943 1836 2997 in·

114 3032 229 3101 lesum,
247 3035 369 3088 secutus
384 3030 545 3088 diabolum.
1006 3027 1137 3101 dignatio
1148 3033 1176 3085 te
1186 3046 1304 3103 quoquc
1316 3032 1345 3086 in
1357 3035 1510 3102 paccatum
1522 3032 1626 3102 trahat,
1644 3033 1715 3088 dum
1731 3033 1777 3088 vis
1792 3047 1836 3088 re-

149 3123 194 3180 96.
210 3122 304 3189 Quam
318 3122 426 3177 multos
441 3119 578 3177 dominos
603 3119 701 3189 habet,
718 3119 773 3191 qui
794 3134 886 3174 unum
901 3133 950 3173 re·
1007 3117 1125 3188 sistere,
1144 3119 1213 3174 dum
1228 3120 1276 3175 vis
1292 3120 1447 3177 vindicari.
1464 3123 1553 3178 Potes
1577 3125 1606 3177 et
1620 3122 1656 3177 ab
1673 3121 1724 3178 illo
1740 3125 1770 3178 et
1782 3138 1799 3176 a
1813 3125 1836 3177 te

114 3210 242 3287 fugeritl
267 3211 326 3268 Sed
350 3226 406 3266 nos
428 3225 488 3267 non
514 3209 710 3282 refugiamus.
731 3207 803 3274 Quis
823 3207 953 3279 refugiat
972 3162 1161 3264 cremovere
1173 3209 1298 3280 culpam,
1321 3210 1523 3266 sicedendum
1540 3212 1595 3282 (ἳο)
1611 3213 1710 3281 putes.
1727 3211 1837 3266 Imitare

116 3296 805 3375 eumquemsequunturalligativiuculie,sed
821 3295 951 3351 vinculis
1006 3297 1225 3371 patriarcham,
1256 3300 1305 3371 qui
1334 3299 1370 3354 de
1404 3300 1530 3356 consilio
1563 3300 1667 3355 matris
1701 3300 1839 3374 loginqua

115 3391 303 3462 voluntariis,
313 3389 520 3463 quaesolvunt,
535 3404 594 3444 non
609 3385 741 3460 alligant,
759 3385 869 3457 quibus
883 3385 951 3439 vin·
1006 3388 1099 3458 petiit,
1117 3387 1203 3458 (Gen.
1221 3405 1312 3460 xavn,
1326 3388 1381 3460 ta).
1398 3389 1434 3444 Et
1448 3389 1538 3462 cujus
1552 3389 1681 3445 metris?
1697 3390 1840 3446 Rebecca

117 3483 157 3539 eti
170 3481 299 3538 vinculis
314 3480 480 3553 gloriantur
494 3478 646 3534 dicentes:
665 3496 677 3527 ι
703 3474 815 3530 Paulus
832 3474 953 3529 vinctus
1007 3478 1119 3550 utique,
1132 3477 1188 3533 hoc
1209 3481 1263 3549 est,
1277 3477 1434 3549 patientiae.
1447 3477 1541 3551 Cujus
1558 3479 1635 3535 cuim
1651 3479 1713 3535 nisi
1727 3479 1838 3550 patien-

116 3570 192 3629 ‹leeu
205 3570 326 3642 Christi,
338 3572 368 3627 et
377 3568 549 3625 Timotheus
560 3565 701 3635 (Plrilem.
712 3565 749 3635 l).
761 3584 773 3616 ι
785 3563 953 3620 Gloriosius
1007 3566 1056 3621 tiae
1072 3567 1128 3622 hoe
1153 3567 1309 3623 consilium
1326 3583 1396 3624 esse
1407 3569 1544 3639 poterat?
1560 3568 1686 3625 Amabat
1701 3573 1796 3625 mater
1811 3569 1851 3623 ll-

117 3659 155 3717 ab
170 3661 227 3717 hoe
242 3659 427 3732 stringimur,
444 3672 532 3730 quam
553 3655 620 3711 aliis
634 3653 819 3710 absolvimur
834 3655 863 3709 et
877 3652 953 3707 rein·
1008 3657 1079 3713 lium
1104 3657 1181 3729 (⁹21ss
1205 3657 1306 3712 maluit
1331 3657 1409 3713 enim
1435 3658 1493 3713 sibi
1517 3673 1584 3713 eum
1601 3659 1742 3715 exsulare
1758 3674 1858 3731 quam

118 3749 413 3822 xnmur.Quieigitur
426 3745 521 3819 fugiat
535 3746 663 3816 paoem?
677 3746 745 3816 quis
761 3742 856 3816 fugiat
871 3740 955 3797 salu·
1009 3746 1081 3803 Deo.
1107 3747 1143 3802 Et
1167 3747 1233 3803 ideo
1258 3748 1326 3819 quia
1344 3746 1427 3817 ¹bonu
1452 3750 1546 3802 mater
1573 3748 1690 3820 utrique
1722 3748 1868 3815 detulit,

117 3841 203 3895 tem?
225 3839 294 3910 quis
315 3837 411 3911 fugiat
425 3832 684 3891 misericordiam?
704 3831 773 3905 quis
798 3830 894 3904 fngiat
908 3844 956 3886 re·
1005 3835 1119 3909 juniori
1134 3841 1232 3892 tamen
1255 3820 1585 3907 sslio'henedietionem,
1610 3852 1700 3909 quam
1721 3853 1894 3894 causer-

119 3926 338 3999 demptionem?
1009 3941 1079 3981 vare
1095 3929 1218 3997 poterat,
1234 3925 1329 3981 dedit:
1346 3925 1499 3980 nonenim
1516 3924 1608 3980 filium
1624 3926 1695 3995 filio,
1718 3928 1774 3983 sed
1792 3928 1897 3981 ini-

155 4016 201 4073 97.
224 4016 349 4086 Videtis,
376 4013 439 4086 filit,
462 4011 568 4088 quales
585 4011 747 4082 evaserint,
763 4011 812 4083 qui
828 4011 894 4066 boee
909 4025 957 4065 se·
1009 4015 1127 4087 pigrum
1143 4015 1239 4071 otioso
1254 4015 1393 4086 praetulit,
1419 4014 1536 4070 fidetem
1561 4015 1660 4070 infido.
1686 4014 1746 4072 Sed
1761 4017 1897 4073 etiarn:

121 4107 181 4165 euti
196 4109 276 4177 sunt,
301 4104 449 4178 quomodo
474 4104 635 4174 operentur
658 4099 958 4166 defunetitQuarum
1010 4103 1070 4160 fllia
1094 4104 1153 4177 ipsi
1179 4104 1290 4160 saniori
1314 4119 1374 4159 non
1398 4119 1501 4175 parum
1519 4105 1642 4160 contulit
1662 4106 1897 4161 amandanda

119 4198 262 4254 virtutum
275 4194 393 4250 laudam
408 4193 558 4262 miramur,
583 4206 685 4247 aarum
710 4189 883 4245 studeamus
899 4188 960 4242 adi·
1010 4195 1154 4249 mineram
1169 4194 1271 4264 fllium,
1289 4209 1325 4248 na
1342 4193 1531 4264 parientiam
1546 4194 1669 4250 sanarat,

119 4287 199 4361 pisci
223 4285 416 4343 industriam:
442 4285 472 4339 et
500 4297 575 4355 quas
601 4269 958 4352 praedicamus1046in
1046 4281 1107 4340 101.
1133 4284 1232 4355 ltaque
1258 4284 1397 4356 quoniam
1422 4284 1459 4338 ob
1482 4283 1620 4354 pietatem
1644 4298 1706 4340 non
1728 4287 1897 4354 propn=

120 4377 198 4448 aliis,
210 4391 262 4432 aas
273 4375 303 4431 in
313 4374 401 4430 nobie
411 4371 491 4429 taciti
505 4384 770 4444 recognoscamus.
789 4365 870 4422 Nihil
885 4365 959 4420 mol·
1010 4372 1226 4444 improbitatem
1241 4373 1397 4427 exsulabat
1422 4388 1439 4426 a
1462 4373 1646 4442 parentibus,
1668 4371 1897 4445 loquehntia

118 4466 251 4537 liculum,
263 4465 337 4521 nihil
352 4463 508 4520 infractum
516 4460 553 4515 ad
564 4459 681 4515 laudem
699 4456 848 4529 pervenit:
869 4475 880 4506 ι
900 4455 956 4510 lie·
1011 4478 1078 4518 aum
1093 4463 1165 4533 Deo,
1181 4462 1346 4533 augebatur
1360 4476 1463 4529 censu,
1481 4460 1596 4530 liberis,
1619 4461 1726 4533 gratia.
1745 4460 1897 4533 Neqit

121 4573 214 4631 gnum
229 4555 371 4611 ooelorunn
387 4551 513 4624 cogitur,
530 4553 559 4604 et
571 4550 714 4622 cogentes
729 4545 871 4617 diripiunt
885 4542 959 4598 illud
973 4525 1078 4608 Dialis
1094 4552 1189 4606 clatus
1203 4555 1260 4620 est,
1285 4565 1352 4604 cnm
1368 4548 1452 4604 fratri
1476 4555 1664 4605 occurreret:
1683 4549 1737 4605 sed
1754 4550 1823 4604 hum
1836 4559 1897 4601 Δ

122 4645 229 4718 (Metti.
249 4662 290 4716 xi,
308 4643 362 4715 lt).
382 4663 393 4694 ι
415 4641 603 4698 redinantes
618 4640 717 4710 putres
741 4648 851 4708 agnum
876 4648 960 4688 ¹1¹⁰ss-
1011 4641 1099 4696 tintus
1124 4639 1265 4710 adoravit,
1289 4654 1347 4694 non
1371 4638 1471 4711 ulique
1488 4638 1571 4693 iilum
1594 4639 1747 4704 immitem,
1764 4639 1897 4694 illut.

125 4788 204 4862 quod
215 4789 242 4844 ei
253 4785 379 4844 subinde
391 4801 448 4840 usu
459 4784 562 4839 venire
573 4778 862 4854 sapeadvertimus3
874 4775 959 4830 nimi·
1011 4790 1078 4856 020„
1095 4802 1158 4856 cap,
1174 4784 1203 4855 q,
1219 4801 1299 4840 num,
1316 4783 1359 4854 Μ,
1377 4788 1405 4839 ,a
1420 4783 1471 4838 lq,
1487 4800 1495 4836 1
1513 4782 1604 4839 oss„
1622 4799 1687 4854 ⁰⁸1³·
1700 4783 1746 4855 qq,
1765 4790 1897 4838 uuus,

125 4877 192 4916 rum
202 4860 299 4931 ipsum
320 4874 386 4930 quar
403 4856 511 4910 alicubi
527 4854 680 4910 commode
695 4867 711 4906 a
728 4867 761 4905 se
777 4852 899 4904 tractatu
914 4863 960 4902 er·
1010 4858 1055 4914 91,
1895 4916 1897 4921 Ι

125 4933 296 5000 hitraretur,
323 4929 379 4983 nlio
405 4928 493 4982 etiam
515 4941 569 4997 pro
585 4941 617 4980 rc
638 4927 706 4979 nata
730 4928 759 4977 et
783 4923 957 4994 argumento
1047 4927 1239 5000 (egnamss,
1251 4926 1389 4999 propaga
1411 4942 1518 4993 unum
1536 4941 1640 4981 omnes
1655 4930 1759 4981 0051„
1775 4924 1821 4981 edi
1834 4920 1872 4974 ᾗ
1890 4959 1897 4967 ,

126 5002 290 5059 transferre
305 4999 513 5055 consuevisse·
1014 5022 1026 5053 ι
1055 5002 1180 5055 Amabat
1202 5004 1295 5054 mater
1322 5002 1424 5054 centra
1446 4996 1582 5052 aflectum
1608 4998 1649 5068 pii
1673 4998 1784 5051 amoris
1800 4997 1839 5050 di
1857 4984 1897 5043 1

161 5063 920 5145 “Rimul-‘mdo‘lllllilin011mfflsslsssd01u⁸·‘
1012 5073 1087 5128 mitti
1108 5073 1209 5127 fllium.
1238 5094 1249 5119 a
1276 5069 1311 5124 Et
1334 5086 1441 5123 rursus
1464 5070 1513 5124 ubi
1538 5085 1592 5123 uos
1618 5085 1687 5122 cum
1707 5069 1893 5124 omnibuu

162 5145 219 5218 (¹9)
234 5145 344 5200 Omnes
364 5142 445 5210 Odllo
465 5162 476 5188 ¹‘
502 5139 645 5210 triffillus
669 5135 925 5202 bssssedlssllffllfflni
945 5157 956 5180 ¹‘
1012 5145 1079 5205 edit,
1093 5161 1127 5199 ac
1144 5159 1217 5197 mss
1234 5142 1395 5208 nonnulliS,
1415 5163 1425 5187 a
1444 5140 1478 5194 Et
1493 5141 1558 5194 ideo
1584 5142 1663 5210 quia,
1678 5161 1689 5189 ι
1703 5145 1779 5207 ctc.;
1797 5138 1821 5192 al
1836 5131 1897 5187 11

126 5232 333 5284 ⁰¹¹¹¹¹t³S¹¹¹⁸⁸o
351 5234 362 5264 ⁴¹
380 5209 796 5284 illifflfflusbentl‘llssliOfflS·l
1012 5215 1103 5271 multo
1131 5216 1233 5286 plures
1257 5214 1322 5268 cod.
1349 5217 1521 5283 expungunt
1551 5212 1674 5265 voculas
1704 5211 1821 5265 idco...
1843 5244 1872 5258 0

163 5291 220 5360 (ῗο)
236 5289 309 5342 MSS·
335 5301 394 5340 ¹¹⁰ss
410 5283 506 5354 l‘ffllssb
535 5304 546 5329 ‘¹
564 5296 719 5335 ¹'0ffl0i'01'0
743 5277 859 5349 “Ulliam
876 5291 959 5330 ⁸0⁰⁰·
1014 5294 1121 5354 tunice,
1138 5290 1166 5341 et
1192 5285 1315 5340 verbum
1340 5283 1433 5338 dedit.
1460 5283 1526 5336 Non
1544 5282 1622 5336 malo
1639 5297 1742 5343 sensu.
1759 5274 1897 5359 mod?

127 5363 234 5417 dendo.
262 5361 348 5415 l'etes
378 5355 494 5422 irritari,
522 5373 535 5403 n
564 5355 621 5407 ete.
648 5350 835 5405 Monobimus
861 5352 959 5402 autem
1012 5360 1172 5414 verborum
1196 5355 1401 5426 trajecrjonem
1425 5355 1464 5408 ji,
1489 5354 1652 5407 postqum
1682 5376 1692 5399 ,
1720 5352 1756 5407 Ε)
1779 5352 1897 5424 qui„

127 5434 222 5489 obiter
233 5428 392 5485 Ambrosio
403 5429 506 5481 nostro
522 5424 673 5478 insolitum
685 5438 743 5476 non
759 5436 836 5483 osse,
850 5423 882 5474 ut
893 5435 960 5472 erun
1011 5432 1087 5486 bona
1097 5435 1190 5484 marm·
1200 5425 1409 5497 (supplendum
1433 5426 1509 5489 erga)
1532 5425 1651 5494 uppem„
1667 5424 1729 5479 filio
1745 5424 1836 5478 ,pemp—
1852 5412 1886 5471 ι

127 5506 225 5575 “tillus
248 5503 284 5557 ‘¹⁰
309 5499 440 5571 pacanda
464 5494 626 5560 iracundie,
654 5494 798 5548 liObssssssffl
814 5507 848 5545 ⁰⁰
867 5489 959 5545 ³⁰0⁰b
1011 5501 1258 5569 benedictionem,
1281 5513 1369 5570 quarn
1390 5497 1503 5568 juniori
1518 5500 1632 5567 poterat
1648 5510 1815 5551 reservare.

22 5592 27 5604 ·
127 5577 293 5648 exeruptuui
305 5575 334 5629 iu
345 5570 473 5627 urentium
484 5566 595 5622 aflerat.
614 5565 687 5620 Vide
702 5564 752 5621 lib.
770 5581 790 5617 ιι
805 5562 842 5618 de
857 5561 958 5631 Jacob,
