3900 6128
555 256 857 401 seisromsuu
872 313 1039 381 cnissis
1057 316 1082 379 1.
1621 311 1684 382 seo

94 514 313 573 communionis
334 517 492 573 nobiseum
516 516 717 573 intemeratam
740 497 952 573 iia-'Ilionea
973 516 1119 573 Ecclesiae
1132 531 1187 588 per
1211 517 1328 590 legatos
1344 516 1512 589 obsecrant,
1536 514 1594 573 hoo
1616 518 1674 591 eet,

85 605 658 678 cocordiam,dissensionibusaliorum,
669 621 796 678 quorum
845 607 878 662 ut
892 609 951 662 toto
967 606 1055 663 vobis
1071 605 1186 662 iacietis
1202 607 1232 661 in
1247 606 1320 662 orbe
1334 606 1494 679 episcopos
1509 605 1680 678 debitores3

85 694 259 766 perioribue
274 695 459 766 temporibus
473 695 639 765 haesitabat,
661 695 797 751 teruntur
844 693 915 750 iicet
929 709 989 752 non
1002 694 1152 751 mediocre
1168 695 1206 750 sit
1225 695 1366 767 debitum,
1392 695 1471 768 quod
1494 695 1597 750 virtuti
1612 711 1681 751 ves·

88 780 172 849 Quos
186 783 315 855 quidem,
331 783 357 839 si
374 784 438 839 iteri
453 787 560 855 potest,
577 787 606 840 et
620 784 694 839 tides
710 785 797 856 plena
846 786 899 839 tree
915 783 1040 840 debetur
1052 783 1122 856 (33).

85 871 159 942 ndat,
171 873 208 927 ad
219 872 368 928 consortia
379 877 481 928 nostra
501 875 636 945 optemus
650 873 774 946 adjungi
788 887 795 930 z
881 872 908 927 7.
920 873 966 929 Ad
980 873 1195 944 deprecandam
1219 877 1317 930 sutem
1332 873 1517 930 elementiam
1536 875 1678 944 vestram,

85 962 246 1017 etvetustae
263 962 480 1018 communionis
497 962 590 1018 sociis
608 978 663 1018 sua
681 978 796 1034 praero·
846 963 875 1016 et
901 961 1083 1033 impetranda
1098 978 1164 1035 quee
1192 963 1357 1034 poscimus,
1384 962 1501 1036 legatos
1525 961 1633 1019 tratres
1650 965 1678 1020 et

85 1052 227 1119 servetur,
245 1064 371 1123 quorum
387 1047 475 1108 nobie
486 1067 546 1108 uon
565 1052 714 1124 superflua
726 1068 796 1107 cura
848 1050 1107 1123 compresbyteros
1115 1054 1237 1108 nostros
1248 1052 1422 1124 direximus,
1431 1050 1640 1123 quospetimus
1647 1053 1680 1108 ut

85 1137 154 1194 rimo
168 1140 309 1210 omnium,
339 1140 408 1212 quia
428 1141 644 1197 communionis
664 1141 794 1197 societas
847 1141 876 1194 et
889 1139 1050 1197 clementer
1063 1140 1166 1198 audire
1181 1140 1354 1214 dignemini,
1370 1144 1399 1198 et
1412 1140 1509 1199 redire
1533 1139 1677 1197 maturius

85 1226 173 1284 debet
183 1227 293 1284 habere
304 1226 466 1285 offensam:
483 1229 599 1302 deinde,
607 1229 794 1303 quiautrius-
847 1229 1006 1286 censeatis.
1292 1291 1294 1294 ,

85 1315 127 1373 tis
141 1316 251 1372 dudum
261 1317 431 1388 accepimus
448 1318 572 1390 litterae,
586 1320 795 1391 praecipueque
1120 1336 1305 1394 gpngohg
1321 1338 1398 1395 xm,

85 1406 166 1478 ,qui
189 1405 220 1461 in
235 1406 418 1462 Antiocheno
443 1406 578 1463 Ecclesia
593 1407 789 1463 dissidebant.
910 1461 916 1473 ,
1091 1462 1097 1474 ,
1205 1463 1222 1474 ,,
1384 1463 1389 1476 ,
1443 1463 1448 1477 ,
1491 1463 1496 1475 ,
1594 1461 1623 1473 ,,

91 1494 210 1568 quidem
235 1494 294 1550 nisi
309 1495 428 1553 hostilis
451 1496 660 1567 impedimento
685 1497 794 1553 fuisset
845 1460 1114 1589 Achfflwfwfflff
1148 1467 1239 1587 {ms
1259 1463 1464 1588 ἅθ’θεῖἰηέῗ
1479 1479 1516 1588 Jn
1531 1460 1680 1586 ῥᾶῗώῖζῖ

85 1583 223 1656 ,aliquos
232 1583 319 1639 ⁰fi⁰m
330 1585 366 1641 de
375 1587 478 1642 1¹⁰⁸“0
490 1602 613 1642 flumem
632 1586 792 1661 disimul·
880 1547 1411 1685 23ρηῖῆὲαῆιέἔριέἓοῗιῗιιξῗιοιῦἳὲξὶιῗὲ
1427 1549 1681 1660 ιιζιξνῗιξὲωΜιθιῖθίὶὸ

85 1670 124 1728 llo
133 1671 273 1745 dirigere,
285 1673 518 1746 quisequestres
529 1678 557 1731 et
567 1676 670 1731 arbitri
689 1675 794 1731 retus·
878 1674 1069 1757 subrogatum
1106 1681 1230 1756 seritur:
1250 1681 1279 1731 et
1293 1675 1496 1757 utNeotarius
1508 1674 1678 1730 Constanti·

87 1759 195 1817 silleri
210 1765 323 1832 posset,
340 1763 425 1833 pacis
454 1763 628 1819 existerent.
653 1764 712 1820 Sed
725 1765 794 1837 quia
880 1745 1052 1828 uopolrpost
1095 1761 1223 1803 eremum
1234 1747 1390 1802 ordinatus
1399 1745 1462 1803 loco
1472 1746 1567 1811 cedet,
1584 1743 1633 1801 vel
1640 1743 1678 1801 de

85 1852 184 1906 nostra
206 1853 276 1905 ,unc
295 1853 438 1922 ,emporis
452 1851 563 1908 habere
587 1851 723 1908 effectum
738 1868 836 1946 WB
880 1824 1034 1889 utriusque
1053 1816 1242 1873 ordinatione
1261 1817 1293 1872 in
1307 1816 1420 1892 synodo
1436 1816 1535 1876 Romae
1546 1830 1679 1905 proauu-

85 1937 254 2010 spublicos
269 1939 476 2012 nequiverunt,
501 1941 609 1997 oblatis
623 1942 724 2013 pietati
745 1958 794 1998 ve·
879 1892 982 1956 mum
991 1893 1079 1960 ΡΜ

85 2026 793 2102 uramurpreeesnostrasquibusjuxtapartium
843 2011 1022 2069 Beatissimo
1037 2011 1217 2083 imperatori,
1243 2013 1272 2067 et
1293 2011 1525 2068 clementissimo
1549 2011 1676 2083 principi

85 2115 270 2188 poposcimus
281 2117 337 2188 (30)
348 2119 381 2173 ut
395 2118 487 2174 sltero
509 2119 679 2189 decedente,
699 2135 794 2190 penes
878 2102 1047 2158 T⁸⁸⁰⁰⁰⁸¹⁰
1075 2101 1143 2173 (34),
1172 2101 1345 2157 ΑΜΒΗΟῈΠΙΒ
1360 2104 1389 2158 θῑ
1417 2101 1518 2157 θωῖθΐῑ
1539 2099 1674 2173 θΡῑθθθΡῘ

85 2204 152 2261 item
162 2204 384 2278 Eeclesioejurs
393 2210 611 2278 permanerent,
631 2224 686 2264 nec
696 2209 794 2281 eliqua
878 2190 980 2247 ltaliae·

85 2293 438 2351 diuatioviettentaretur.
447 2296 575 2369 Ideoque
586 2297 714 2368 petimus
725 2312 792 2368 vos,
880 2297 1055 2354 t.Sanctum
1072 2297 1202 2353 animum
1222 2299 1305 2353 tuum
1323 2296 1384 2352 Deo
1400 2294 1591 2367 omnipotenti
1607 2309 1680 2366 pure

85 2382 185 2439 issimi
192 2385 221 2438 ot
228 2382 390 2439 Christiani
404 2384 566 2457 principes,
581 2388 613 2440 ut
625 2387 653 2441 et
663 2386 794 2441 Alexan·
843 2390 873 2443 et
887 2387 1005 2443 sincera
1018 2386 1076 2442 ilde
1091 2386 1222 2442 deditum
1231 2385 1422 2441 sciebamus:
1439 2384 1494 2440 sed
1504 2384 1675 2441 recentibus

85 2471 233 2528 cer-dotum
253 2471 468 2529 catholicorum
491 2474 622 2530 omnium
636 2475 794 2530 concilium
844 2475 1002 2532 cumulosti
1029 2474 1195 2545 beneflciis,
1224 2474 1303 2546 quod
1334 2474 1497 2530 catholicos
1530 2472 1676 2530 Ecclesiis

85 2561 200 2633 necatis,
218 2562 269 2634 qui
283 2562 361 2617 inter
380 2577 414 2618 se
428 2562 547 2634 plenius
565 2565 692 2619 tractent
705 2566 792 2636 utque
846 2563 1011 2635 reddidisti,
1041 2563 1200 2636 imperator
1213 2565 1339 2636 auguste
1353 2562 1421 2635 (35).
1437 2564 1534 2635 Atque
1562 2562 1674 2619 utinem

85 2650 224 2723 tquibus
239 2650 433 2723 impertienda
443 2652 610 2707 communio
624 2652 793 2725 quibusque
848 2654 1011 2710 catholicos
1025 2651 1110 2724 ipsos
1125 2653 1300 2709 reverentie
1321 2652 1415 2708 veteri
1429 2650 1626 2721 reddidisses,
1642 2653 1674 2708 ut

85 2738 162 2795 hesit
172 2738 240 2810 (31).
848 2742 922 2799 nibil
950 2743 1094 2799 novarent
1109 2743 1210 2798 contra
1237 2740 1412 2812 praescripta
1439 2739 1597 2812 majorum,
1620 2754 1676 2796 neo

90 2825 118 2884 3.
127 2827 204 2883 Nam
213 2828 270 2884 etsi
289 2827 498 2884 Alexandrinae
517 2827 662 2886 Ecclesiae
673 2845 792 2901 semper
846 2834 957 2888 temere
971 2830 1018 2887 vel
1034 2831 1181 2886 servanda
1196 2830 1413 2902 rescinderent,
1423 2829 1472 2885 vel
1482 2828 1681 2885 rescindenda

85 2915 187 2974 ionem
216 2917 410 2990 ordinemque
436 2918 630 2991 tenuerimus,
655 2921 684 2975 et
707 2917 793 2992 juxta
846 2922 1012 2977 seruarent.
1024 2920 1124 2992 lteque
1134 2919 1283 2975 dolentius
1292 2918 1368 2975 torte
1379 2933 1467 2992 quom
1482 2917 1682 2974 inconsultius

89 3006 394 3079 consuetudinemque
409 3006 567 3079 maiorum,
579 3007 648 3080 ejus
667 3023 795 3064 eommu-
846 3008 1084 3083 ingemiscimus,
1101 3009 1271 3080 imperator,
1289 3007 1407 3083 facilius
1422 3006 1533 3079 expelli
1547 3007 1682 3079 potuisse

88 3093 303 3151 indissolubilii
317 3095 459 3152 societate
473 3095 510 3151 sd
525 3097 590 3151 haec
605 3111 701 3170 usque
718 3100 794 3152 tem·
846 3098 1016 3168 haereticos,
1028 3113 1115 3170 quam
1125 3096 1373 3153 intercatholicos
1385 3096 1555 3152 convenire.
1568 3094 1682 3161 Quanta

85 3196 235 3255 memus3
260 3186 357 3240 tamen
386 3200 423 3240 ne
452 3186 501 3240 aut
521 3185 612 3258 aliqui
638 3186 795 3242 videantur
847 3184 1477 3258 enimnuperooniusioiaotosit,explicare
1496 3200 1556 3240 non
1571 3185 1680 3255 potest.

85 3271 216 3344 stbabiti,
233 3273 284 3345 qui
300 3273 387 3329 etiam
410 3276 508 3345 pacto,
524 3274 603 3346 quod
618 3278 697 3330 stare
708 3275 794 3331 volu·
814 3232 841 3304 c
882 3277 909 3332 2.
926 3275 1151 3347 Scripsersmus
1168 3276 1288 3345 dudum,
1300 3277 1331 3330 ut
1341 3273 1480 3346 quoniam
1498 3272 1683 3329 Antiochena

85 3362 292 3417 immunionem
307 3365 439 3418 nostram
462 3365 623 3435 rogarunt:
649 3366 699 3419 aut
713 3363 794 3420 illius
847 3365 952 3422 civitas
981 3364 1038 3437 (36)
1067 3365 1153 3421 duos·
1172 3364 1295 3421 heberet
1322 3362 1492 3436 episcopos.
1523 3361 1679 3418 Paulinum

85 3450 262 3507 teocietatis
286 3451 417 3507 fidelium
440 3451 576 3524 neglecta
601 3452 792 3523 compendia3
847 3459 934 3528 atque
959 3453 1118 3524 Meletium,
1144 3469 1219 3525 quos
1245 3452 1313 3507 tldei
1335 3452 1492 3515 concinere
1509 3440 1583 3504 816
1599 3452 1682 3521 puta·

85 3553 204 3610 eramus,
224 3542 256 3596 ut
276 3555 342 3595 cum
360 3541 480 3596 intereo
499 3543 574 3597 coetu
585 3541 717 3613 pleniore
733 3545 793 3596 tra·
846 3544 964 3616 bamus,
980 3546 1031 3599 sut
1044 3542 1121 3599 inter
1134 3542 1220 3614 ipsos
1234 3557 1293 3613 pax
1306 3544 1335 3597 et
1349 3539 1508 3596 concordia
1532 3538 1616 3595 salvo
1631 3554 1679 3594 or·

85 3629 115 3697 rt,
145 3629 233 3684 etiam
260 3629 370 3685 auxilia
398 3629 529 3686 decretis
556 3629 794 3687 sacerdotalibus
848 3634 915 3690 dine
931 3631 1136 3688 ecclesiastico
1166 3630 1354 3706 conveniret:
1377 3631 1426 3684 aut
1451 3630 1541 3698 certe,
1571 3627 1681 3700 siquis

87 3715 206 3789 pietatis
229 3719 372 3789 aspirent.
397 3719 434 3774 Et
456 3718 543 3774 nobis
568 3718 678 3775 deterri
693 3719 750 3792 (33)
765 3719 795 3774 in
848 3716 1682 3791 eorum,alterosuperstite,decessissetnullosubroga·

85 3807 277 3878 icenseatis3
302 3823 338 3863 ne
353 3807 490 3863 titubanti
514 3810 652 3864 nutemus
677 3806 793 3879 affectu,
848 3811 888 3867 tio
899 3811 930 3865 in
938 3807 1183 3880 deiunctilocum,
1191 3807 1479 3880 susperstitealtero,
1492 3807 1679 3880 gigneretur,

85 3895 98 3952 i
119 3897 208 3968 etque
233 3897 332 3952 securi
347 3897 448 3969 pietati
471 3899 581 3953 vestrm
604 3896 682 3968 apud
703 3898 795 3952 Deum
849 3900 972 3956 Atnunc
982 3897 1099 3954 Meletio
1111 3897 1260 3968 defuncto,
1273 3895 1395 3952 Paulino
1411 3896 1582 3966 superstite,
1594 3910 1683 3966 quem

85 3984 324 4059 lentemegemus
339 3986 462 4059 gratias,
479 4001 539 4042 non
554 3985 652 4042 solum
667 3986 735 4058 quia
746 4001 795 4042 ex·
848 3987 1094 4045 incommuuioue
1109 3991 1212 4043 nostre
1232 3986 1383 4042 mansisse
1406 3984 1567 4055 consortio,
1583 3999 1683 4055 quma

85 4073 175 4130 ulldia
185 4077 240 4143 est,
258 4075 312 4130 sed
328 4076 396 4147 quia
411 4074 571 4130 Catholicis
582 4075 658 4130 fides
678 4077 789 4131 etcon-
850 4077 1015 4150 majoribus
1042 4074 1188 4132 inoffense
1218 4075 1314 4144 ducta,
1331 4078 1487 4143 testantur,
1504 4075 1606 4128 contra
1632 4071 1680 4128 tas

85 4164 125 4219 est
138 4163 282 4219 restituta.
299 4162 383 4229 Quod
397 4179 415 4219 a
428 4164 516 4220 vobis
531 4163 680 4218 Africanae
696 4163 795 4219 etGal·
848 4170 937 4240 atque
947 4165 1185 4222 ecclesiasticum
1197 4164 1330 4220 ordinem
1341 4163 1477 4219 inlocum
1493 4160 1602 4217 llcletii
1612 4160 1681 4233 (ei),

85 4307 151 4361 tom.
162 4305 242 4361 edit..
257 4305 379 4376 «pietati
389 4307 623 4362 vestraenostres
632 4307 793 4377 repetimus
867 4326 936 4367 orro
947 4309 1062 4382 synodo
1073 4308 1193 4380 scripte
1209 4308 1269 4364 iliee
1279 4306 1398 4377 tuerint,
1415 4307 1587 4379 ignoratur,
1612 4303 1681 4359 licet

94 4375 204 4449 quibus
228 4378 432 4448 poposcimus,
456 4380 511 4432 ete.
525 4393 557 4447 31·
575 4377 668 4432 Labb.
684 4381 713 4432 et
727 4378 793 4433 cod.
847 4327 978 4437 ftalioam
992 4381 1072 4437 illam
1087 4380 1182 4436 tuisse
1195 4378 1264 4451 jure
1279 4378 1403 4434 dicatur.
1695 4443 1699 4451 ⁸

88 4446 227 4503 intextu:
244 4448 297 4503 sed
314 4464 367 4517 pro
390 4471 400 4495 ιι
418 4449 545 4518 partium
559 4448 678 4518 tactum,
700 4471 712 4497 a
734 4449 794 4503 Va·
883 4453 939 4525 (35)
951 4452 1117 4508 Hicverbie
1134 4454 1249 4507 sextam
1260 4449 1383 4505 indicari
1401 4443 1679 4518 conjectantheo-

85 4517 387 4592 legendumoensetu
417 4520 543 4590 partium
568 4520 696 4590 paetum.
725 4519 791 4575 »Et
847 4525 925 4580 dosii
954 4525 1051 4597 legem
1067 4523 1103 4579 de
1127 4521 1287 4586 heereticis,
1313 4536 1371 4590 qua
1392 4522 1422 4574 et
1443 4518 1491 4572 his
1514 4518 1679 4571 conventus

85 4589 177 4646 stetim
193 4589 328 4662 ejusdem
344 4592 421 4661 pecti
432 4591 617 4646 conditiones
629 4589 795 4661 subjiciun·
811 4589 958 4660 Dhebere
972 4594 1155 4666 prohibetur,
1185 4596 1214 4648 et
1239 4591 1392 4647 catholicis
1420 4587 1572 4644 Ecclesiss
1595 4586 1679 4642 reddi

729 4682 741 4699 0
848 4667 1027 4738 praecipitur.
1038 4662 1289 4731 Quemadmodum
1297 4665 1394 4716 autem
1405 4658 1508 4725 Ariani
1521 4657 1679 4729 Ecclesiis,

85 4733 113 4788 ¹⁸
134 4732 289 4804 R⁰8·⁰⁰d·
316 4735 345 4788 01
358 4732 467 4798 Sirm.;
491 4734 576 4789 ΗΘΜ·
599 4732 792 4802 ἥῑῑῐθῦὶθὰἰῑ.,
846 4754 921 4808 quos
951 4734 1204 4806 Constantinopoli
1229 4732 1422 4803 occupabant,
1453 4729 1610 4799 cesserint,
1626 4729 1708 4786 ‹te-¹

85 4803 312 4860 sobservnnda
336 4805 414 4858 sit.»
439 4804 476 4859 Et
496 4805 573 4859 inira
596 4807 665 4875 post
688 4819 793 4859 vocem
845 4809 990 4879 scriptum
1018 4807 1112 4861 hebes
1128 4804 1206 4876 apud
1233 4804 1384 4860 Socratem
1398 4802 1450 4858 lib.
1467 4816 1497 4873 v,
1526 4816 1590 4872 cap.
1604 4800 1632 4873 t,
1650 4802 1679 4857 et

85 4876 138 4945 ato,
156 4893 168 4925 ι
185 4874 288 4930 eadem
303 4874 382 4930 addit
399 4898 410 4925 a
428 4875 464 4930 od
480 4875 545 4931 haec
567 4890 664 4946 usque
680 4878 793 4945 tempo·
845 4879 1040 4935 Sozomenum
1054 4878 1106 4933 lib.
1121 4892 1173 4945 vir,
1191 4891 1254 4947 cap.
1270 4876 1298 4930 5.

881 4950 937 5020 (36)
955 4948 1063 5005 Eadem
1084 4947 1171 5018 plane
1186 4946 1340 5017 superiore
1364 4945 1485 5000 Petrum
1504 4942 1679 5015 Aquileien-

85 5017 156 5073 tom.
173 5016 255 5087 edit,
273 5040 284 5064 α
303 5019 332 5071 et
345 5017 433 5072 vobis
449 5017 568 5088 deterri,
587 5040 598 5066 ι
616 5021 671 5073 etc.
846 5021 924 5076 sium
938 5021 974 5077 ed
988 5018 1188 5076 Theodosium
1204 5019 1330 5100 epistola
1344 5032 1425 5073 uum.
1446 5016 1464 5070 5
1479 5018 1680 5070 memorantur

85 5087 168 5144 adem
179 5088 259 5156 edit,
275 5089 397 5143 «virtuti
412 5092 521 5145 vestree
532 5104 585 5162 pro
600 5089 691 5145 totius
706 5089 790 5147 orbis
847 5092 883 5148 de
894 5093 950 5148 hoc
959 5090 1076 5147 Paulini
1085 5105 1120 5144 ac
1139 5089 1240 5144 Melitri
1251 5091 1354 5160 pacto:
1381 5088 1417 5142 de
1435 5101 1494 5158 quo
1505 5086 1594 5143 etiem
1607 5100 1679 5142 con·
1728 5161 1732 5165 ³

85 5175 174 5232 pace
190 5160 327 5229 debetur,
344 5163 400 5215 etc.
419 5183 430 5208 a
846 5163 903 5219 suli
914 5161 1190 5235 possuntSocretes
1201 5161 1251 5215 lib.
1268 5177 1296 5230 v,
1316 5175 1380 5229 cap.
1392 5159 1419 5227 5,
1441 5161 1469 5213 et
1488 5157 1672 5213 Sozomenus

87 5246 144 5286 enc
155 5233 185 5286 et
199 5235 373 5302 sequentem
392 5230 547 5303 epistolam
566 5232 792 5304 primusemss.
845 5234 897 5290 lib.
910 5234 1036 5302 etiams,
1048 5248 1112 5303 cap.
1124 5232 1151 5287 3.
1172 5231 1247 5286 Nam
1266 5229 1561 5303 quodThcodoretus
1576 5228 1627 5283 lib.
1644 5229 1672 5298 5,

85 5301 201 5358 iblioth.
211 5302 345 5374 vulgavit
353 5303 415 5358 lac.
428 5303 605 5359 Sirmoudus
613 5304 644 5358 in
655 5305 789 5376 Append.
846 5322 910 5377 cap.
931 5305 959 5374 3,
972 5304 1099 5361 oblatam
1120 5302 1248 5375 hujusce
1263 5303 1373 5374 pactia
1395 5300 1514 5355 meletio
1530 5299 1677 5354 conditio·

85 5373 203 5443 codes,
232 5373 353 5428 undein
382 5389 467 5428 suum
497 5374 608 5430 Concil.
639 5376 699 5431 edit
725 5376 792 5430 illas
844 5375 1082 5432 nemaPaulino
1103 5374 1285 5445 repudiatam
1309 5372 1405 5428 tuisse
1421 5374 1529 5436 narrat,
1555 5368 1673 5425 cumub

85 5443 192 5502 itPhil.
211 5445 359 5499 labbeus.
376 5444 449 5500 Cum
460 5447 557 5500 autem
576 5447 702 5501 necdum
718 5447 794 5502 inter
845 5447 1149 5504 omniumsliorumin
1160 5447 1216 5501 hoc
1234 5445 1352 5501 recedat
1362 5442 1551 5510 testimoniis,
1569 5439 1597 5493 id
1613 5455 1677 5520 nou

85 5514 209 5643 gilgggtrea
218 5516 567 5643 grodiissseegateasdemin
578 5518 646 5644 ogit.
660 5522 792 5601 nostram
845 5518 955 5645 gnjlgrrita
964 5518 1096 5590 ipsiusiu
1106 5517 1296 5574 Meletiumae
1306 5516 1477 5572 Flavianum
1486 5524 1680 5584 propensione

151 5605 159 5641 ι
203 5603 222 5640 n
243 5603 340 5642 ases
387 5604 505 5643 uxrmus
554 5604 591 5643 uo
624 5606 643 5644 n
704 5605 793 5644 rimi·
858 5607 880 5644 ιι
905 5607 935 5645 ιιι
986 5631 993 5645 .

85 5658 283 5729 ssitipsasad
298 5658 489 5714 Ambrosium
505 5605 563 5714 r’igln
587 5605 793 5731 ιιιίιιῗιεεᾶροιῑί-
879 5661 937 5731 (ei)
949 5606 1037 5728 u(llinis
1051 5661 1081 5716 in
1096 5660 1192 5716 Meloii
1207 5660 1304 5716 locum
1332 5655 1476 5713 suffectus
1504 5650 1603 5733 tuerit,
1628 5648 1678 5733 hic

85 5744 146 5787 tam
161 5729 280 5784 concilii
295 5729 496 5805 Aquileiensis
512 5731 663 5805 epistotae.
690 5732 793 5805 inque
845 5733 1018 5791 subticetur.
1043 5731 1166 5787 Constat
1192 5732 1288 5788 autem
1312 5744 1370 5784 non
1396 5725 1485 5781 alium
1514 5721 1681 5794 designari,
