3900 6128
102 306 182 387 iess
320 280 328 297 ⁶
521 318 578 388 oa
597 322 790 390 excessu
812 320 995 389 rairms
1017 322 1087 391 sui
1107 322 1260 391 sarrai
1282 324 1362 392 iis.
1386 329 1411 391 1.
1570 267 1577 281 ’
1731 288 1833 395 ¹1354
1907 270 1910 277 Α

104 536 200 578 meam
215 523 304 577 vitam
320 522 349 576 in
365 526 394 578 te
409 522 475 594 ipse
489 525 739 580 transfunderem.
763 522 787 580 O
810 508 980 580 infelieiiA
998 526 1063 597 tris,
1081 530 1130 582 aut
1146 528 1211 583 sine
1226 527 1408 601 lacrymabili
1423 530 1549 601 quadam
1571 530 1744 587 meminisse
1766 547 1832 605 gra·

100 610 164 681 illa,
180 610 235 666 sed
249 615 347 667 tamen
362 612 459 668 dulcia
475 629 615 685 suprema
626 615 780 669 oculorum
795 611 937 686 pignerat
999 615 1061 670 tia?
1075 615 1151 681 Quid
1166 618 1243 671 enim
1260 618 1331 672 mibi
1346 634 1474 690 unquam
1487 619 1661 690 jucundum,
1679 621 1757 692 quod
1773 636 1832 677 non

102 699 297 772 Oamplexus
313 701 426 772 miseri,
443 702 520 757 inter
541 718 617 775 quos
640 704 807 758 exanimum
830 719 939 773 corpus
997 709 1079 761 esset
1096 720 1133 760 cx
1147 710 1175 760 te
1190 706 1378 777 proiectum?
1391 708 1474 776 Quid,
1487 709 1615 779 inquam,
1626 709 1698 763 mibi
1713 711 1778 764 sinc
1792 714 1830 779 te,

104 788 254 861 obriguit,
278 789 387 845 halitus
410 805 569 862 supremus
592 791 727 847 evanuitl
751 791 939 864 Stringebnm
998 798 1047 848 aut
1062 795 1114 848 tibi
1131 811 1259 867 unquam
1274 797 1339 851 sine
1356 811 1401 851 me
1420 797 1560 867 voluptati
1583 797 1658 853 tuiti
1679 797 1752 863 Quis
1773 814 1832 853 non

103 878 224 952 quidem
237 879 369 950 brachia,
387 880 440 934 sed
459 879 522 952 jain
546 881 732 951 perdideram
751 897 840 952 quem
857 886 940 936 tene·
997 899 1072 938 usus
1088 884 1185 955 nobis,
1203 887 1231 939 et
1247 900 1336 955 prope
1352 885 1437 940 visus
1452 885 1527 956 ipse,
1549 901 1733 959 somnusque
1748 902 1832 942 com-

103 966 183 1038 bam,
206 972 235 1023 et
256 972 420 1024 extremum
443 969 579 1040 spiritum
602 986 654 1025 ore
675 969 847 1042 relegebam
871 970 939 1041 (30),
999 973 1122 1026 munis‘l
1136 971 1207 1037 Quen
1223 972 1352 1029 discreta
1368 989 1496 1045 unquam
1512 974 1833 1040 voluntas‘lQuodnon
1941 1002 1945 1009 ·

103 1060 136 1113 ut
151 1057 334 1112 consortium
349 1058 453 1111 mertis
470 1059 567 1122 1119
582 1058 743 1114 haurirem.
760 1058 818 1113 Sed
838 1057 941 1113 nescio
999 1076 1154 1116 commune
1171 1062 1355 1135 vestigium?
1380 1062 1442 1117 iere
1463 1066 1494 1117 ut
1517 1079 1584 1118 cum
1605 1063 1731 1136 gradiun
1745 1064 1833 1120 tolle·

103 1144 252 1217 quomode
266 1145 366 1200 vitalis
381 1145 430 1201 ille
445 1145 517 1201 milii
532 1145 641 1202 halitus
651 1145 748 1202 iactus
764 1152 820 1216 est,
837 1150 942 1203 111111-
999 1165 1062 1204 rein
1078 1147 1155 1219 (33),
1172 1150 1218 1205 vel
1235 1155 1265 1205 tii
1281 1166 1389 1221 meum,
1405 1152 1452 1207 vel
1468 1167 1524 1225 ego
1546 1155 1628 1209 tuum
1652 1168 1763 1225 corpus
1786 1154 1833 1207 vi·
1855 1202 1858 1206 .

99 1232 202 1306 iorem
221 1234 346 1308 gratiam
367 1234 399 1291 in
422 1235 488 1307 ipsa
508 1240 604 1291 morte
625 1235 775 1292 redolebat
796 1235 864 1308 (31).
888 1238 942 1292 m-
1000 1237 1140 1293 deremur
1154 1238 1297 1295 attollere.

103 1336 164 1395 que
192 1323 303 1380 utinam
324 1323 351 1378 si
373 1328 453 1381 tuam
475 1323 594 1396 nequivi
623 1339 689 1380 meo
718 1324 825 1396 spiritu
853 1325 943 1380 vitam
1035 1323 1079 1381 22.
1096 1325 1179 1391 Quod
1195 1328 1221 1383 si
1237 1329 1354 1401 quando
1370 1329 1435 1385 sine
1450 1329 1541 1386 altero
1552 1329 1758 1403 prodeundum
1769 1330 1833 1403 luit,

104 1410 289 1482 producere,
310 1412 358 1469 vel
381 1412 475 1469 ultimi
499 1412 647 1469 anhelitus
668 1412 711 1467 tui
733 1415 820 1486 vigor
843 1417 942 1469 trans·
1000 1415 1141 1471 intectum
1162 1415 1240 1472 latus
1262 1420 1393 1490 putares,
1417 1418 1554 1476 allectum
1568 1419 1680 1476 vultum
1695 1421 1753 1493 (31)
1768 1437 1835 1477 cer-

104 1498 189 1555 luudi
203 1501 351 1572 potuisset
365 1501 396 1556 iii
412 1517 508 1558 nicam
522 1504 660 1571 inantem,
679 1504 708 1557 et
723 1501 803 1557 illuni
818 1503 861 1558 tui
878 1504 942 1558 ani·
999 1520 1099 1574 neres,
1121 1509 1262 1561 moestum
1286 1507 1414 1563 animum
1433 1508 1589 1580 iudicares
1607 1525 1613 1566 :
1631 1524 1690 1566 non
1713 1514 1837 1566 assueta

105 1589 146 1644 nii
161 1590 317 1660 puritatem
342 1595 431 1663 nique
453 1591 650 1647 innocentiam
673 1595 776 1646 noster
796 1591 942 1661 spirasset
1002 1594 1115 1665 gratia,
1139 1609 1197 1649 non
1223 1596 1311 1667 vigor
1333 1597 1439 1653 solitus
1464 1599 1638 1668 praenitebat
1661 1617 1667 1653 :
1695 1604 1836 1670 suspecta

105 1675 248 1734 1111111111
271 1679 354 1734 Hanc
376 1679 449 1734 milii
473 1678 689 1749 haereditatem,
712 1679 805 1735 irater
827 1680 941 1735 elinris-
1001 1682 1140 1738 omnibus
1157 1683 1285 1739 solitudo
1300 1688 1409 1740 metum
1424 1686 1553 1759 alicujus
1569 1687 1755 1760 aegritudinis
1769 1687 1837 1743 atle-

106 1765 192 1839 sime,
208 1767 397 1840 reliquisses,
414 1783 481 1840 quai
496 1784 555 1823 non
570 1767 752 1839 lacrymabili
767 1767 869 1824 'dolore
881 1785 943 1840 per·
1001 1771 1095 1826 rebat.
1114 1771 1155 1826 lta
1177 1788 1286 1826 novum
1310 1773 1469 1828 videbatur
1492 1776 1629 1829 omnibus
1649 1791 1706 1831 nos
1728 1776 1836 1831 dividit

106 1860 222 1912 cuteret
236 1854 373 1912 affectum
388 1856 457 1928 (33),
473 1857 528 1913 sed
547 1857 731 1912 memorabili
748 1858 842 1930 gratia
858 1873 941 1912 com·
1001 1858 1065 1931 Ego
1083 1863 1162 1915 certe
1178 1860 1317 1916 fraternae
1342 1862 1497 1934 impatiens
1523 1867 1550 1919 et
1575 1879 1634 1919 nou
1658 1863 1768 1919 oblitus
1787 1864 1837 1919 ab·

106 1945 258 2001 mendaret
273 1945 434 2002 haeredem.
1001 1949 1107 2004 sentiae
1122 1949 1189 2020 (35),
1206 1951 1292 2020 qnasi
1306 1953 1485 2021 praesentem
1503 1953 1613 2007 rellcxa
1639 1954 1752 2023 sceptus
1774 1968 1837 2008 ccr-

142 2033 187 2089 no.
204 2033 279 2100 Quid
295 2035 386 2108 igitur
400 2051 479 2090 nunc
493 2051 595 2107 again,
612 2051 678 2091 cum
694 2051 798 2091 omncs
813 2037 882 2091 vitae
898 2037 942 2090 is·
1001 2037 1067 2092 vice
1082 2039 1263 2109 quaerebam,
1290 2041 1318 2093 ct
1343 2055 1443 2095 coram
1464 2040 1575 2111 alloqui
1600 2045 1686 2112 atque
1703 2035 1845 2114 aspicere

106 2123 167 2180 tine
183 2125 357 2195 suavitates,
374 2128 479 2180 cuncta
495 2125 610 2196 solatio,
627 2130 733 2180 cuncte
751 2124 878 2196 denique
894 2141 942 2180 or·
1002 2125 1126 2181 videbar
1141 2126 1213 2181 mibi
1230 2143 1235 2182 :
1255 2126 1307 2182 sed
1323 2132 1461 2198 tanquam
1474 2144 1623 2199 suspenso
1635 2128 1836 2203 collojugum,

105 2217 244 2269 cementa
259 2213 434 2269 amiserim?
448 2213 492 2269 Tu
506 2214 584 2269 anim
599 2214 671 2268 inibi
687 2230 764 2269 unus
780 2229 849 2269 eras
864 2215 942 2270 domi
1002 2215 1190 2286 ubisperatis
1202 2215 1382 2286 excideram,
1396 2216 1493 2280 1120
1504 2217 1677 2273 traherema
1687 2218 1836 2289 putabam,

105 2301 224 2371 solatio,
242 2301 315 2357 ioris
331 2302 448 2358 decori:
466 2306 507 2373 tu,
522 2303 651 2374 inquam,
669 2304 700 2358 in
714 2303 849 2359 consiliis
865 2304 943 2359 arbi·
1001 2303 1133 2358 difficilis
1155 2302 1307 2375 progredi,
1337 2305 1525 2360 verecundus
1554 2305 1666 2376 videri,
1691 2308 1720 2361 et
1741 2305 1838 2362 redire

105 2394 163 2461 ter,
180 2406 261 2446 curae
275 2391 435 2463 particeps,
453 2392 627 2463 deprecator
643 2391 863 2461 sollicitudinis,
889 2393 942 2449 dc·
1001 2407 1175 2465 properans,
1192 2390 1271 2463 quod
1288 2390 1352 2447 sine
1367 2394 1396 2447 te
1411 2393 1573 2463 procedere
1588 2410 1647 2450 non
1660 2394 1776 2451 liberet.

104 2479 211 2551 pulsor
226 2481 366 2535 moeroris
383 2496 389 2536 :
405 2482 437 2536 tu
451 2496 586 2536 meorum
601 2485 737 2537 assertor
751 2484 880 2552 actuum,
897 2497 943 2537 co·
1036 2481 1081 2536 23.
1098 2481 1136 2535 At
1151 2497 1222 2537 vero
1237 2480 1288 2536 ubi
1303 2480 1449 2537 ambobus
1464 2484 1669 2553 prodeundum
1688 2483 1753 2556 tuit,
1777 2500 1837 2540 nen

106 2568 331 2642 gitationunque
345 2569 488 2625 deiensor
504 2586 510 2625 :
526 2572 557 2624 tu
572 2574 722 2641 postremo
739 2586 826 2641 unus,
844 2571 873 2626 in
884 2587 942 2643 quo
1000 2569 1085 2642 plura
1101 2570 1128 2623 in
1145 2570 1269 2626 intinere
1285 2571 1423 2642 vestigia,
1439 2587 1527 2643 quam
1542 2571 1650 2640 verbn;
1667 2589 1722 2628 nec
1736 2573 1837 2629 inces-

105 2656 270 2713 dcmestiea
293 2659 462 2714 sollicitudo
479 2659 636 2730 resideret,
659 2660 776 2731 publice
799 2675 871 2715 euru
893 2675 942 2715 re·
1002 2674 1067 2728 sus,
1085 2674 1172 2729 quam
1198 2674 1298 2714 sermo
1316 2660 1467 2727 crebrior;
1494 2677 1549 2716 nec
1569 2661 1737 2717 ambulandi
1753 2678 1835 2732 curu,

104 2746 289 2819 quiesceret.
305 2746 412 2803 Testor
432 2752 566 2804 sanctam
587 2748 715 2804 animam
737 2753 826 2818 tuam,
850 2765 897 2804 ma
914 2750 943 2803 in
1002 2748 1056 2803 sed
1073 2747 1259 2819 colloquendi
1275 2748 1390 2819 gratia3
1415 2752 1540 2820 uterque
1555 2750 1633 2804 euim
1648 2753 1783 2807 nostrum
1799 2767 1837 2807 ex

106 2835 231 2891 fabricis
254 2836 398 2893 Ecclesioe
420 2837 474 2908 (33)
496 2838 526 2892 id
548 2853 629 2909 saepe
651 2838 776 2894 veritum
800 2854 880 2909 osse,
906 2854 943 2893 nc
1002 2836 1124 2893 alterius
1140 2851 1192 2891 ore
1208 2837 1364 2908 pendebat.
1382 2837 1448 2892 Non
1463 2838 1573 2894 intento
1590 2844 1713 2911 aspectu
1735 2840 1838 2913 legere

106 2924 299 2996 displicerem
315 2926 377 2981 tibi.
395 2926 528 2999 Denique
552 2927 602 2982 ubi
624 2927 749 2997 rediisti,
774 2927 943 3000 objurgasti
1002 2928 1068 2996 iter,
1086 2926 1139 2981 sed
1155 2930 1256 2981 mutuo
1273 2925 1417 2982 sollicitos
1440 2927 1570 2998 experiri
1594 2943 1750 2984 sermones
1769 2929 1836 3001 (36),

105 3028 220 3071 moram
230 3033 237 3082 ;
262 3015 300 3070 its
324 3015 403 3070 demi
418 3014 552 3087 forisque
568 3017 701 3071 eruditor
716 3017 834 3086 quidam
851 3018 879 3071 et
894 3032 943 3070 ar·
1002 3015 1122 3070 haurire
1139 3014 1292 3069 oculorum
1314 3015 1449 3086 gratiam,
1474 3015 1588 3086 spirare
1609 3015 1747 3073 fraternae
1762 3017 1837 3072 ima·

104 3102 187 3161 biter
200 3104 377 3173 sacerdotis,
394 3107 426 3160 ut
440 3104 603 3160 domesticu
627 3106 757 3177 cogitare
781 3120 840 3160 non
865 3105 944 3160 siue·
1003 3104 1082 3177 ginis
1099 3103 1275 3173 voluptates.
1287 3102 1516 3167 Quamviitutcs
1527 3105 1593 3158 tuas
1604 3105 1711 3160 tacitus
1722 3121 1837 3161 mecum

106 3207 170 3262 res,
192 3193 310 3264 publica
332 3209 437 3249 curare
461 3209 612 3249 censeres.
636 3195 673 3249 At
693 3209 752 3249 nou
775 3210 891 3264 verear,
907 3209 944 3250 ne
1003 3194 1068 3265 ipse
1092 3188 1239 3247 mii-abari
1266 3207 1352 3262 quum
1374 3190 1550 3263 plaudebam
1574 3192 1661 3262 milii,
1687 3193 1765 3265 quoii
1788 3193 1839 3249 tali

104 3281 211 3338 videar
231 3287 407 3356 arroganter
427 3283 546 3349 diaere;
572 3282 637 3338 liaec
659 3283 737 3338 enim
760 3282 858 3338 laudis
885 3287 944 3338 tuae
964 3256 1049 3336 cme
1073 3282 1216 3337 Dominus
1240 3281 1330 3336 tratre
1355 3281 1525 3349 donaverat,
1549 3282 1607 3335 tam
1631 3281 1756 3352 pudico,
1780 3285 1840 3337 tam

106 3371 205 3443 portio
229 3376 287 3441 est,
311 3371 379 3444 quia
394 3372 458 3427 sine
474 3370 637 3428 offensione
651 3372 711 3427 ulla
726 3375 755 3428 et
770 3372 944 3445 gubernasti
1003 3371 1117 3426 eitieaci
1139 3370 1206 3440 (37),
1231 3373 1288 3425 tam
1314 3370 1472 3440 innocenti,
1494 3374 1552 3424 tum
1572 3369 1710 3441 simplici,
1726 3372 1758 3426 ut
1771 3385 1839 3426 eum

94 3454 212 3516 'fratris
227 3460 357 3531 domum,
374 3464 402 3516 at
417 3459 629 3516 commendasti
645 3460 855 3516 sacerdotium.
1004 3462 1082 3515 tuam
1099 3459 1295 3514 innocentiam
1311 3459 1481 3531 cogitarem,
1503 3458 1667 3513 clticaciam
1691 3459 1835 3530 despera-

143 3549 189 3605 si.
206 3548 306 3605 Sentio
318 3550 455 3623 equidem
470 3550 549 3621 quod
564 3550 723 3620 repetentis
741 3548 850 3605 oillciis
873 3551 943 3620 tuis,
1004 3564 1066 3603 rem
1083 3563 1089 3602 :
1107 3564 1174 3602 eum
1190 3547 1353 3602 clticaciam
1374 3561 1538 3616 cernerem,
1565 3547 1761 3603 inuocantium
1778 3564 1837 3603 non

106 3637 363 3711 recensendisque
378 3638 554 3710 virtutibus,
572 3638 719 3694 alliciatur
733 3639 849 3694 animus
867 3655 873 3694 :
891 3640 945 3695 sed
1003 3633 1154 3708 putareml
1172 3636 1229 3691 Sed
1245 3640 1403 3706 utrumque
1418 3636 1493 3690 mira
1508 3636 1634 3707 quadam
1648 3637 1757 3693 virtute
1768 3635 1838 3709 juii-

107 3731 207 3784 tainen
221 3727 251 3782 in
267 3728 333 3798 ipsu
349 3727 406 3783 mei
420 3726 574 3784 allectione
596 3727 764 3800 requiesco,
788 3732 876 3800 atque
897 3728 944 3783 bae
1004 3726 1108 3800 gebaa.
1726 3730 1732 3737 “

106 3815 183 3873 inihi
196 3817 417 3872 recordationes
442 3817 499 3872 etsi
522 3817 654 3873 dolerem
677 3820 831 3886 renovant,
849 3821 945 3873 tumen
1039 3815 1084 3870 31.
1101 3814 1232 3886 Denique
1249 3830 1283 3869 eu
1297 3830 1365 3887 quie
1381 3814 1466 3869 ambo
1483 3815 1839 3887 nequiveramusconclu·

107 3905 236 3963 afferunt
249 3907 438 3977 voluptatem.
456 3907 500 3962 Aa
516 3921 573 3979 cgo
588 3921 713 3976 possum
729 3909 779 3961 aut
793 3921 852 3961 non
868 3906 946 3978 cogi·
1004 3905 1084 3973 dere,
1098 3903 1183 3958 solus
1194 3903 1333 3975 implesti.
1347 3904 1506 3959 Plaudebet
1517 3904 1586 3975 sibi,
1598 3907 1630 3959 ui
1640 3905 1736 3961 audio.
1748 3906 1839 3961 Pros-

107 4000 173 4053 tare
196 3995 233 4051 de
255 3998 294 4066 te,
317 3997 366 4050 aut
388 4011 517 4067 unquam
538 3997 604 4050 sine
628 3995 768 4068 lacrymis
791 3995 946 4068 cogitare?
1003 4010 1066 4065 per,
1083 3992 1161 4064 quod
1178 3992 1336 4048 sacerdotii
1352 3993 1408 4046 mei
1423 3992 1581 4047 occasione
1592 3993 1777 4049 redditurum
1792 4010 1836 4065 sc,

108 4084 147 4141 Et
168 4088 270 4156 potem
295 4099 425 4157 unquam
445 4086 496 4140 aut
517 4085 589 4140 tanti
612 4100 671 4141 non
693 4084 866 4140 meminisse
892 4084 946 4140 tra·
1003 4099 1070 4155 quae
1091 4081 1263 4152 abstulerat,
1280 4097 1338 4136 non
1353 4081 1496 4152 putebat:
1519 4081 1838 4145 sedveliementioreoi

107 4235 166 4292 seii
188 4235 323 4290 camdem
343 4235 520 4291 sententiam
540 4235 626 4307 piane
646 4234 815 4292 atterentes.
831 4234 946 4306 Siquis
1000 4234 1053 4306 jus
1069 4232 1105 4288 ab
1120 4248 1155 4288 eo
1173 4231 1282 4287 ibidem
1306 4230 1338 4285 iit
1358 4233 1477 4287 mentio.
1504 4232 1578 4303 lljus
1600 4232 1688 4288 etiam
1706 4232 1838 4289 meminit

108 4311 208 4363 autem
222 4304 298 4362 alios
313 4311 448 4364 veterum
463 4309 537 4361 ritus
554 4308 805 4363 circamanentes
820 4310 886 4361 avet
902 4322 947 4361 co·
1003 4305 1168 4377 Gregorius
1183 4303 1367 4357 Turonensis
1383 4304 1432 4357 lib.
1445 4320 1454 4356 1
1465 4302 1502 4358 dc
1515 4304 1616 4359 Gloria
1627 4303 1758 4375 Martyr.
1770 4319 1835 4374 cap.

109 4393 271 4452 gnoscere,
295 4378 381 4433 adeat
403 4379 467 4434 tos.
491 4378 642 4433 Laurentii
665 4378 878 4449 Polymutbiiim
893 4377 945 4433 lib.
1004 4377 1048 4446 l'l,
1067 4377 1144 4431 sieut
1159 4378 1187 4429 ct
1203 4373 1350 4445 Ugbcllus
1366 4377 1444 4427 tomo
1460 4373 1498 4426 lV
1513 4373 1578 4428 ital.
1595 4388 1700 4440 sacrae,
1711 4388 1778 4445 pag.
1790 4374 1835 4430 31.

107 4466 153 4520 111,
171 4449 296 4520 synopsi
310 4449 337 4520 9,
355 4450 432 4504 sieut
447 4453 476 4504 et
490 4453 628 4505 auctores
643 4450 680 4505 ab
696 4449 799 4505 eodem
821 4449 881 4503 illie
905 4450 945 4503 ci·
1004 4447 1108 4518 Neque
1133 4445 1235 4512 oitlcit,
1258 4443 1337 4515 quod
1361 4443 1417 4497 linc
1441 4444 1469 4496 in
1492 4444 1629 4497 Oratione
1658 4442 1837 4511 Ambrosius

108 4523 201 4577 tates.
486 4512 491 4523 '
961 4496 989 4560 Ῑ)
1004 4523 1130 4574 testatur
1144 4532 1246 4571 curam
1261 4530 1361 4595 rerum
1377 4515 1580 4594 temporalium
1596 4530 1612 4567 a
1627 4512 1717 4596 tratre
1732 4514 1836 4587 Satyro

146 4591 204 4662 (30)
225 4591 300 4647 Mes.
317 4591 439 4664 aliquot,
459 4614 470 4639 α
489 4607 539 4647 ore
554 4592 608 4647 reli
633 4592 718 4646 abam
731 4607 738 4662 3
756 4615 768 4641 1
784 4591 946 4646 111111111-
1004 4593 1175 4658 susceptam
1190 4601 1278 4653 esse3
1295 4585 1437 4665 quidquid
1449 4600 1526 4665 enim
1537 4585 1573 4638 ud
1584 4583 1729 4640 Ecclesiae
1744 4586 1837 4642 decus

108 4678 169 4735 quc
186 4663 268 4732 edit.,
286 4683 299 4713 a
316 4678 367 4719 ore
383 4663 562 4735 relegebam,
581 4685 592 4711 1
611 4608 707 4719 qiom.
733 4679 770 4717 ex
795 4662 878 4735 Virg.
896 4679 945 4717 su·
1003 4662 1139 4744 pertinet,
1166 4659 1201 4714 ab
1224 4657 1385 4736 episcopali
1408 4655 1505 4736 olilcio
1528 4671 1588 4709 non
1609 4671 1679 4712 esse
1708 4657 1837 4714 alienum

107 4749 164 4805 pra
186 4734 284 4803 citato,
311 4733 457 4805 legebam.
481 4734 558 4789 lnlra
582 4749 653 4788 vcro
675 4733 726 4788 ubi
748 4749 852 4788 omnes
875 4734 944 4788 edit.
1005 4733 1128 4803 ipsemet
1144 4730 1297 4799 profitetur
1312 4728 1362 4781 lib.
1380 4743 1399 4779 ii
1416 4724 1550 4780 officior.
1568 4742 1632 4798 cap.
1648 4726 1693 4782 31.

109 4820 146 4861 ae
161 4805 249 4877 pauci
263 4820 350 4874 mss,
376 4827 387 4852 a
405 4809 500 4860 morte
515 4804 685 4870 redolebat;
704 4826 715 4853 1
742 4804 848 4874 reliqui
870 4820 944 4859 mss.
1040 4802 1106 4870 (33)
1122 4801 1187 4854 Non
1202 4797 1289 4870 pauci
1304 4813 1390 4866 mss,
1410 4818 1421 4843 n
1439 4796 1525 4866 Vere,
1542 4802 1572 4852 ut
1588 4814 1654 4853 cum
1669 4800 1804 4872 gradum,
1824 4824 1834 4851 i

107 4892 219 5004 magno
235 4892 358 4932 numeru
373 4876 544 4947 praelerunt,
562 4898 573 4924 ι
591 4880 683 4930 morte
700 4875 879 4929 redolcbem.
898 4898 909 4922 i
1004 4877 1059 4930 etr.

148 4951 159 5018 1

108 5021 190 5077 bam.
209 5043 219 5067 n
1004 5014 1143 5086 Sequenti
1158 5017 1255 5066 autem
1271 5026 1362 5065 versu
1387 5011 1469 5064 multi
1492 5012 1560 5066 coil.
1583 5013 1681 5081 simul,
1701 5037 1712 5062 1
1729 5031 1786 5069 iion
1801 5017 1837 5069 aii

148 5091 205 5162 (33)
230 5090 369 5145 Nonnulli
398 5106 490 5161 mss,
522 5092 726 5160 «percuteret
753 5090 945 5161 aspectum.»
1004 5081 1837 5165 sanctamgratiami·igorsolituspimnitebat;imelius

110 5161 199 5218 Haud
214 5161 291 5216 malo
307 5176 410 5216 sensu.
1004 5163 1101 5213 temen
1115 5155 1174 5222 ulii,
1191 5169 1225 5207 ac
1241 5168 1344 5207 omnes
1359 5153 1427 5234 edit.
1444 5156 1475 5206 ut
1489 5170 1518 5207 iii
1534 5157 1622 5211 textu.

148 5230 205 5305 (33)
230 5232 340 5288 Omnes
362 5233 443 5302 edit„
472 5255 482 5279 ii
499 5231 528 5285 in
548 5231 676 5302 publicis
693 5231 847 5297 eeclesioe;
865 5252 877 5279 1
894 5231 947 5284 Pu·
1040 5228 1096 5296 (35)
1114 5226 1193 5307 blas.
1219 5225 1329 5294 aliquot
1354 5228 1507 5294 omittunt,
1535 5248 1545 5274 a
1568 5225 1705 5282 1111101111)
1727 5227 1837 5282 oblitus

107 5304 165 5428 rib
182 5302 643 5430 quffiuaqhigacfffiecsiigspegpciffi
663 5317 947 5429 ιιγ1111(1)1·1ωοε1181111)Γο111110
1005 5296 1280 5439 81)(ς30111ῑ11ῳοι1ῃρῗιῗιοιί
1289 5311 1380 5422 Ι11111110
1396 5311 1543 5422 S«elsssillli'tos
1565 5368 1701 5438 excipere
1725 5383 1837 5424 serme-

110 5391 792 5528 ί«ὶ11111ῃ1111111ο11(1101111111ο1111111111111111.
814 5460 848 5499 ac
872 5389 947 5499 111εοῖ
1006 5456 1071 5496 nes.
1090 5463 1101 5489 i
1255 5510 1262 5526 ἱ
1375 5408 1396 5521 '⁶

110 5515 304 5590 quibusdam,
325 5516 375 5571 alii
399 5532 473 5571 mss.
500 5516 734 5587 frequentissimi
757 5515 869 5587 legunt,
888 5539 899 5562 u
918 5519 950 5568 ut
1042 5509 1099 5583 (3Ἱ)
1123 5510 1191 5593 idco
1216 5509 1364 5592 eiticaces,
1390 5509 1418 5592 id
1442 5514 1497 5577 cst,
1524 5509 1559 5592 agl
1582 5507 1730 5591 agendum
1749 5524 1839 5593 ¹aeres

110 5603 171 5645 nou
187 5602 304 5644 verear.
323 5609 334 5637 ι
351 5586 435 5654 Quod
450 5591 547 5643 autem
562 5587 750 5668 premittitur
762 5586 799 5641 da
826 5584 949 5642 lubricis
1006 5586 1095 5655 atque
1109 5582 1235 5651 habiles,
1252 5580 1458 5636 innocentibus
1474 5595 1509 5635 ec
1524 5579 1710 5650 simplicibus
1726 5582 1774 5637 hie
1788 5598 1840 5654 op·
1872 5586 1885 5599 ‘

110 5658 262 5741 acclesiae,
279 5658 317 5715 de
332 5659 551 5742 constructione
566 5657 790 5739 intelligendum
809 5661 856 5711 est
870 5655 951 5738 illius
1007 5657 1167 5736 ponuntur,
1192 5653 1259 5780 quia
1283 5668 1351 5707 cum
1368 5650 1435 5732 ¹illis
1459 5651 1527 5732 plue
1538 5652 1618 5734 'insit
1641 5653 1797 5738 sanguinis
1813 5655 1842 5738 et

110 5728 259 5801 basilicis,
275 5745 366 5805 quem
387 5745 433 5786 vir
457 5734 580 5785 sanctus
602 5728 760 5785 Mediolani
772 5730 949 5797 construxit,
1008 5726 1127 5794 caloris,
1145 5721 1203 5780 iaci
1216 5739 1262 5779 ius
1279 5721 1433 5805 attactibus
1448 5721 1616 5797 cupiditatis
1627 5729 1676 5783 aut
1690 5724 1750 5784 odii
1765 5726 1843 5788 abri-

104 5800 293 5883 Δ1111113111
307 5815 379 5874 esse
392 5800 430 5859 ad
442 5800 600 5889 epistolam
613 5800 649 5861 33
662 5799 880 5876 adnotavimus,
896 5813 950 5861 eu·
1008 5797 1139 5881 piantur,
1156 5809 1245 5876 quain
1259 5794 1318 5853 atii.

285 5887 291 5895 ’
328 5898 457 5973 Piraei.
477 5898 555 5970 xvt.
1694 5887 1741 5959 bb

181 4949 206 5019 1)
234 4948 308 5004 Mss.
333 4962 391 5002 nou
416 4948 512 5018 pauci,
540 4969 550 4994 a
577 4947 606 5000 in
631 4948 696 5018 ipsu
720 4950 813 5001 morte
836 4945 948 5001 redole
1039 4943 1095 5012 (3-1)
1116 4941 1216 4996 Codex
1240 4940 1309 4994 Tur.
1336 4939 1438 5004 solus,
1464 4938 1629 4995 ‹iuilcctum
1652 4946 1834 4999 mutatum.»
1939 4938 1942 4943 ’
