3900 6128
104 224 168 294 245
618 227 747 293 LIBER
767 228 824 292 DE
845 229 1000 295 VIDUIS.
1025 246 1064 278 ·-··
1086 224 1339 294 ADMONITIO.
1791 223 1854 296 246

104 444 231 487 mnsam
245 430 302 487 hac
323 430 459 501 historia,
473 431 580 486 transit
604 430 641 486 ad
656 431 771 485 Annam
796 429 1000 501 prophetidem
1016 430 1091 501 (cap.
1114 429 1152 498 t),
1180 445 1269 501 aqua
1284 429 1390 485 deindo
1413 429 1450 485 ad
1466 445 1530 485 eam
1555 430 1674 486 viduam
1690 419 1780 504 cujus
1797 430 1854 486 im·

105 521 200 575 missa
215 522 246 575 in
263 521 506 593 gazophylacium
522 521 580 575 duo
598 522 708 574 minuta
725 520 822 574 Lucas
838 521 989 588 memorat,
1007 519 1132 589 gradum
1147 517 1216 572 tacit
1230 520 1305 588 (cap.
1322 519 1359 585 5).
1379 520 1494 588 Postea,
1512 519 1650 575 decursis
1661 519 1778 591 ¹aliquot
1796 520 1856 574 Ve-

106 611 180 667 teris
197 610 380 665 Testamenti
395 609 551 680 exemptis,
568 608 707 664 nimirum
731 608 836 663 Noemi
850 607 926 678 (cup.
949 607 988 676 6),
1013 607 1141 663 luditbae
1166 608 1241 677 (cap.
1258 605 1286 675 7)
1299 607 1386 678 alque
1412 607 1536 662 lteborae
1561 609 1635 679 (cap.
1666 608 1704 677 8),
1722 608 1857 679 ipsarum

106 698 252 753 historias
269 703 297 754 et
306 699 457 754 moraliter
471 702 499 753 et
515 699 650 769 mystice,
667 699 761 752 Anam
776 700 874 752 tamen
890 695 1014 768 mpstiee
1036 699 1157 765 tantum,
1173 694 1323 751 edisserit.
1349 693 1439 750 Libro
1457 695 1582 767 denique
1606 699 1673 766 post
1688 698 1857 767 expositam

107 788 143 842 de
158 804 253 843 soem
269 789 348 843 Petri
364 787 561 843 narrationem
577 789 653 857 (cap.
669 786 696 855 9,
714 802 793 840 num.
809 785 854 855 59)
871 785 907 839 ad
930 784 1101 840 umbilicum
1117 785 1269 855 perducto,
1296 784 1401 838 viduas
1417 784 1453 837 ad
1477 785 1728 854 perseverandum
1750 786 1781 839 in
1796 785 1857 841 vita

108 877 215 932 caelibe
232 877 322 949 cujus
338 879 536 947 sanctitatem,
553 891 685 945 munera,
698 875 893 946 propriasque
908 874 1032 928 virtutes
1048 872 1088 927 ibi
1109 873 1251 928 describit
1267 876 1342 943 (cap.
1361 871 1394 925 lO
1408 875 1437 926 et
1460 874 1547 942 seq.),
1565 877 1672 943 quanta
1696 873 1858 929 verborum

109 964 185 1021 valet
201 964 347 1035 efficacia,
365 965 522 1035 compellit.

146 1053 241 1108 l'orro
250 1054 320 1108 dum
331 1069 438 1108 socrus
449 1052 529 1108 beati
539 1052 616 1106 Patri
629 1051 807 1106 mentionem
826 1049 905 1120 tacit,
918 1053 1108 1106 memoratam
1119 1049 1235 1104 viduum
1248 1050 1324 1120 (cap.
1340 1049 1367 1119 9,
1380 1065 1459 1105 num.
1472 1049 1506 1103 57
1518 1052 1545 1103 et
1557 1049 1645 1120 seq.),
1664 1049 1752 1121 cujus
1761 1055 1859 1108 tamen

109 1143 203 1213 parcit
218 1143 342 1211 nomini,
352 1142 520 1214 alloquitur.
535 1142 624 1196 Docet
635 1141 733 1212 itaque
744 1155 848 1196 omnes
861 1139 927 1193 illas
939 1154 1047 1195 causas
1057 1139 1166 1211 quibus
1177 1139 1297 1194 ineundi
1306 1140 1374 1194 novi
1387 1138 1520 1210 conjugii
1530 1139 1649 1210 tegebat
1666 1140 1858 1214 voluntatem;

107 1230 190 1285 leves
202 1247 274 1286 esse
283 1234 371 1303 atque
380 1231 541 1298 sublestae,
554 1247 620 1285 eum
633 1245 738 1300 reapse
749 1229 797 1283 hie
808 1227 905 1284 solum
916 1228 1074 1298 voluptatis
1085 1243 1119 1281 aa
1130 1227 1320 1282 saecularium
1331 1228 1511 1297 voluptatum
1528 1243 1659 1282 amorem
1672 1233 1859 1299 sequeretur.

109 1317 277 1391 Conjugale
292 1319 442 1373 vinculum
458 1319 566 1374 latetur
580 1319 656 1388 (cap.
668 1317 701 1372 ld
713 1319 741 1371 et
758 1319 835 1388 seq.)
850 1316 1004 1370 bonumac
1019 1319 1154 1371 sanctum
1175 1332 1255 1386 esse,
1272 1316 1496 1387 Ecclesiamque
1515 1332 1582 1370 oum
1594 1333 1666 1388 agro
1677 1317 1767 1372 fertili
1782 1319 1860 1389 (cap.

109 1407 149 1474 lt,
167 1424 251 1462 num.
269 1407 325 1476 87),
343 1407 392 1479 qui
408 1407 535 1462 diversae
545 1406 776 1477 pulchritudiuis
792 1407 881 1459 tiores
898 1405 927 1458 in
941 1404 1121 1476 virginibus,
1132 1405 1230 1459 viduis
1247 1408 1274 1459 ei
1290 1405 1460 1477 conjugatis
1475 1405 1580 1477 gignit,
1593 1410 1752 1476 comparat.
1762 1405 1861 1461 Cune-

108 1496 259 1567 tasigitur
277 1497 516 1550 tiorumexoruat
535 1495 691 1564 vocabulo,
714 1495 768 1549 sed
789 1493 933 1549 Ecclesiae
949 1509 1048 1549 aream
1072 1493 1218 1549 frumento
1235 1494 1331 1566 magis
1356 1493 1506 1548 abundare
1522 1510 1610 1565 quam
1632 1494 1712 1564 titiis,
1730 1495 1787 1550 hoc
1802 1499 1860 1566 est,

110 1584 340 1657 conjugatarum
350 1601 472 1639 numero
481 1585 616 1657 virginee
625 1583 784 1655 plurimum
795 1582 930 1653 superari
940 1583 1054 1638 astruit.
1068 1582 1200 1653 Denique
1210 1582 1260 1637 ubi
1271 1582 1433 1654 virginitati
1451 1582 1597 1637 adversus
1614 1582 1789 1655 conjugium
1802 1583 1862 1655 pri·

109 1689 171 1728 mas
180 1673 355 1741 vindicavit,
369 1673 555 1745 ostenditque
567 1673 642 1744 (cap.
653 1670 697 1742 ll,
709 1687 790 1727 num.
800 1671 845 1741 ot)
854 1671 936 1725 solos
948 1670 1224 1743 idolatrasuuquam
1235 1670 1399 1740 exstitisse,
1411 1670 1462 1742 qui
1473 1686 1577 1740 poenas
1588 1670 1755 1744 irrogarent
1765 1672 1859 1727 vidui·

108 1763 168 1832 tati,
184 1778 223 1817 ex
240 1761 298 1817 boc
316 1763 434 1818 deducit
453 1761 632 1817 Christianis
652 1760 791 1816 omnibus
811 1760 930 1815 leminis
947 1759 1070 1813 maritali
1082 1760 1262 1814 necessitate
1277 1759 1423 1814 absolutis
1438 1775 1454 1812 a
1470 1763 1528 1813 tam
1544 1759 1688 1832 religioso
1704 1761 1860 1831 proposito

109 1868 167 1906 non
179 1851 398 1906 recedendum:
415 1852 565 1907 discussis
581 1854 732 1922 postrema
747 1866 813 1922 quae
826 1849 923 1904 viduae
938 1848 1142 1919 nupturientes
1157 1848 1298 1902 adbibere
1310 1848 1416 1916 solent,
1432 1847 1554 1903 larvatis
1567 1849 1863 1919 rationibus,‘acriter

111 1945 196 2012 urget
206 1940 316 1996 inlibri
325 1941 405 1995 ealce
415 1943 491 2011 (cap.
505 1941 549 2010 t5,
561 1956 641 1995 num.
652 1940 698 2011 86)
711 1956 718 2010 ;
734 1943 762 1994 at
773 1939 847 1994 salis
859 1942 1013 2009 patetoum
1030 1954 1088 1992 non
1104 1937 1140 1992 ob
1155 1937 1235 1992 aliud
1251 1941 1308 1991 tam
1325 1937 1468 1992 concitata
1485 1937 1671 2007 peroratione
1687 1954 1784 2008 usum,
1803 1938 1863 1994 nisi

110 2033 137 2083 ut
146 2029 321 2100 perculsam
331 2028 460 2100 hujusce
471 2029 604 2084 mulieris
617 2031 744 2084 mentem
765 2028 924 2082 aconsilio
952 2027 1032 2099 quod
1047 2027 1186 2099 agitabat,
1207 2026 1324 2083 lucilius
1348 2026 1521 2082 deterreret.
1534 2027 1613 2082 Nihil
1632 2027 1691 2082 diei
1711 2028 1865 2099 potuitaut

111 2119 286 2191 prudentius
297 2121 347 2172 ant
355 2134 423 2173 eum
434 2134 506 2172 sana
518 2117 651 2172 doctrina
663 2117 761 2189 magis
772 2131 950 2187 consonum,
971 2131 1038 2171 cum
1054 2130 1150 2186 neque
1162 2115 1312 2169 secundas
1331 2114 1533 2169 condemnarit
1544 2115 1673 2186 nuptias,
1685 2131 1781 2188 neque
1791 2115 1862 2171 otti-

112 2206 154 2261 eio
166 2222 225 2262 suo
237 2205 375 2274 deluerit,
387 2221 445 2278 quo
456 2205 629 2260 viduitatem
640 2203 699 2259 illis
707 2204 865 2273 anteferre,
877 2203 1052 2276 animasque
1071 2203 1264 2259 sollicitudini
1279 2219 1343 2258 suae
1353 2203 1481 2258 creditas
1500 2203 1537 2258 ad
1557 2203 1733 2274 perfectiora
1744 2220 1865 2276 semper

114 2294 266 2365 impellere
282 2294 448 2349 tenebatur.
1802 2342 1805 2347 a

142 2384 292 2440 (laetarum
309 2382 383 2437 illud
400 2398 469 2438 esse
484 2383 577 2438 voluit
592 2383 678 2438 istius
693 2382 762 2437 libri
778 2381 941 2447 exordium,
959 2381 1038 2454 quod
1055 2397 1171 2436 omnam
1188 2381 1223 2436 de
1240 2381 1336 2452 ipsius
1351 2384 1471 2435 auctore
1487 2380 1700 2436 dubitationem
1714 2383 1860 2453 amoveat,

114 2473 168 2529 nisi
183 2472 231 2527 cui
247 2472 343 2527 libros
359 2472 403 2527 De
429 2471 606 2543 Virpiaibus
632 2471 793 2527 Ambrosio
819 2471 905 2527 etiam
934 2469 1118 2542 abjudicaret
1132 2469 1267 2540 libuerit;
1297 2470 1375 2541 quod
1391 2469 1532 2541 quamsit
1560 2469 1724 2525 absurdum
1744 2470 1864 2543 ignorat

115 2577 208 2616 nemo.
225 2559 439 2615 Verumtamen
453 2559 684 2624 Centuriatores,
701 2558 810 2630 injecta
825 2559 917 2631 hujus
932 2558 1068 2630 ejusdem
1083 2559 1151 2613 libri
1167 2559 1324 2628 mentione,
1342 2575 1401 2612 aon
1415 2558 1480 2613 siae
1499 2557 1617 2614 fastidio
1632 2559 1782 2615 scribunt:
1792 2560 1864 2615 Am·

116 2649 244 2717 brasias,
262 2650 292 2703 si
307 2654 404 2704 tamen
419 2649 575 2704 Ambrosii
589 2653 645 2713 est,
659 2649 808 2721 permulta
824 2664 927 2703 crassa
944 2648 1033 2703 babet
1049 2648 1087 2702 dc
1102 2647 1279 2703 invocandis
1293 2648 1407 2703 sanctis
1422 2648 1549 2703 mortuis
1566 2649 1691 2718 (centur.
1703 2647 1731 2713 t,
1748 2663 1813 2719 cap.
1824 2648 1864 2710 ll.

116 2737 174 2802 Quo
185 2736 406 2809 quidemdubio
422 2737 493 2808 quid
509 2737 661 2808 ineptius?
677 2736 708 2792 Si
722 2739 820 2800 tomen
845 2737 889 2791 eis
906 2751 964 2791 non
988 2735 1119 2792 suttlciat
1141 2736 1220 2807 quod
1242 2735 1303 2807 jam
1320 2736 1460 2806 diximus,
1482 2736 1687 2808 voluerintque
1711 2736 1865 2792 haedere

115 2827 147 2881 ab
161 2826 324 2881 Ambrosio
339 2826 440 2881 doceri
455 2827 610 2897 expressis
627 2825 738 2895 verbis,
754 2825 861 2880 adeant
875 2823 1012 2896 eiusdem
1039 2824 1290 2879 commentarium
1304 2823 1334 2878 ia
1350 2824 1546 2897 Evangelium
1560 2824 1726 2880 secuudum
1742 2825 1864 2896 leucam,

117 2919 141 2970 et
154 2915 214 2971 illic
231 2914 516 2971 Commentationem
532 2915 607 2970 haue
623 2916 660 2970 ab
676 2930 711 2970 eo
740 2929 794 2986 pro
809 2929 864 2970 sua
882 2916 986 2985 quater
1000 2917 1032 2969 ut
1061 2913 1214 2969 minimum
1240 2913 1366 2983 citatam,
1391 2913 1592 2985 lectoremque
1608 2913 1644 2969 ad
1661 2913 1741 2969 illam
1755 2913 1866 2970 remis-

119 3020 181 3063 sum
195 3005 359 3060 invenient.
376 3005 435 3060 Sed
451 3007 482 3059 ut
498 3004 593 3076 magis
609 3021 643 3058 ac
658 3003 755 3076 magis
771 3003 873 3076 quanti
890 3001 1027 3058 iacienda
1043 3001 1083 3057 sit
1096 3001 1245 3073 ejusmodi
1271 3017 1431 3059 censorum
1445 3003 1616 3074 auotoritas,
1640 3003 1739 3075 quivis
1754 3002 1865 3058 intelli-

122 3097 178 3164 gat,
194 3092 341 3147 addemus
358 3092 530 3164 Hieronymi
544 3092 745 3148 testimonium
761 3107 799 3147 ex
815 3091 901 3162 epist.
914 3092 949 3145 50
965 3091 1002 3145 ad
1020 3091 1254 3146 pammachium:
1282 3091 1386 3163 depat,
1402 3093 1506 3164 inquit,
1528 3092 1627 3163 sancti
1650 3091 1806 3147 Ambrosii
1820 3091 1866 3147 De

128 3181 229 3236 l'idnis
243 3180 355 3236 librum
370 3181 503 3254 (Apolop.
522 3182 590 3236 adv.
606 3181 728 3252 davia).
745 3181 821 3246 Quid
837 3181 928 3253 igitur
941 3180 972 3234 in
989 3195 1078 3234 eausa
1103 3179 1158 3235 tuit
1173 3194 1226 3234 cur
1239 3179 1297 3234 ista
1316 3179 1541 3235 dissimularent
1561 3179 1866 3252 Magdeburgenses‘?

121 3270 262 3325 Nimirum
278 3273 310 3324 ut
338 3285 404 3341 qum
421 3285 512 3341 super
540 3274 710 3325 sanctorum
741 3269 927 3324 invocatione
956 3268 1045 3324 tradit
1059 3269 1128 3340 pius
1157 3268 1261 3324 doctor
1289 3269 1366 3339 (cap.
1383 3268 1409 3338 9,
1426 3284 1506 3324 num.
1537 3267 1698 3340 55),paulo
1720 3268 1865 3325 audacius

121 3375 218 3417 crassa
249 3359 391 3414 dicerent.
408 3358 467 3414 Sed
497 3358 796 3430 nitrilpromoveruat
824 3357 976 3430 ingeniosi
990 3358 1057 3427 viri,
1086 3373 1173 3414 nemo
1190 3357 1299 3430 quippe
1328 3356 1541 3430 nonintelligit
1557 3357 1636 3428 quod
1664 3357 1706 3412 illi
1723 3372 1863 3412 erassum

121 3448 255 3516 vocitant,
273 3446 471 3502 orthodoxum
487 3447 646 3502 Ambrosio
662 3447 761 3502 visum
777 3446 893 3517 tuiss03
909 3462 965 3502 nec
980 3447 1060 3502 enim
1080 3463 1147 3503 eum
1164 3446 1272 3502 cudere
1288 3445 1421 3502 voluisse
1437 3461 1546 3502 novum
1570 3446 1689 3518 dogma,
1705 3445 1760 3500 sed
1784 3445 1866 3500 veri·

121 3536 336 3592 tatieatbolicae
365 3536 566 3592 testimonium
581 3536 760 3592 reddidisse.
779 3535 864 3591 Enim
892 3550 965 3591 vero
986 3552 1136 3607 nunquam
1165 3551 1200 3591 aa
1228 3551 1294 3607 quoe
1328 3535 1377 3590 isti
1391 3537 1547 3606 propterea
1575 3538 1687 3590 tantum
1702 3533 1865 3606 exagitant,

124 3626 182 3695 quia
199 3642 267 3680 cum
286 3625 428 3680 Romnum
458 3625 603 3681 Ecclesiae
619 3625 736 3697 placitis
750 3629 851 3696 aperto
881 3623 1002 3693 faciunt,
1019 3624 1271 3696 prudentissimus
1300 3624 1411 3696 praeut
1427 3640 1465 3680 ex
1488 3627 1636 3697 suggestu
1652 3623 1760 3695 populo
1790 3639 1862 3696 pro·

125 3715 280 3784 posuisset,
297 3715 324 3768 si
339 3714 410 3785 quid
425 3718 474 3770 aut
488 3715 656 3770 abhorrens
670 3730 687 3768 a
702 3715 820 3785 pictate,
837 3717 886 3768 aut
900 3728 1019 3785 quoquo
1037 3713 1124 3768 modo
1141 3712 1337 3768 intlrmiorum
1351 3711 1510 3768 offensioni
1538 3712 1700 3768 obnoxium
1715 3712 1816 3767 inesse
1831 3712 1863 3769 in

126 3801 170 3856 bac
184 3803 319 3858 doctrina
336 3803 550 3858 existimasset.
568 3803 634 3859 Non
650 3807 696 3859 est
711 3807 808 3858 autem
823 3818 877 3857 cur
892 3801 1050 3857 atleramus
1065 3802 1095 3856 in
1116 3802 1244 3857 medium
1261 3801 1341 3874 quod
1355 3801 1478 3874 scripsit
1494 3802 1678 3867 Porkinsius,
1695 3801 1805 3857 libram
1821 3801 1867 3856 De

133 3889 228 3946 viduis
239 3908 378 3964 popnere
393 3909 457 3946 cam
474 3892 693 3948 Commentario
707 3893 738 3947 in
755 3908 817 3964 cap.
834 3909 842 3945 r
858 3892 957 3964 Epist.
974 3891 1012 3946 ad
1026 3891 1192 3956 itomanam·
1213 3889 1451 3962 quandoquidem
1469 3891 1593 3947 Rivetus
1610 3889 1700 3960 (Crit.
1717 3890 1866 3961 sac.)ipae

131 3977 187 4051 ejus
202 3983 294 4034 sectae
309 3983 398 4051 atque
409 3979 523 4034 ordinis
538 3982 682 4036 rationem
698 3981 771 4035 adeo
787 3979 911 4048 futilem,
928 3978 1007 4033 nulla
1022 3995 1148 4051 prorsus
1162 3979 1400 4035 consideratione
1416 3979 1537 4051 dignam
1552 3995 1621 4036 esse
1634 3979 1791 4052 judicavit.

157 4068 197 4122 Ex
213 4069 251 4123 iis
266 4068 406 4124 omnibus
421 4084 487 4141 quae
504 4069 648 4125 hactenus
663 4085 680 4124 a
696 4069 783 4125 nobis
798 4068 963 4124 examinata
978 4071 1057 4138 sunt,
1075 4068 1240 4140 intelligere
1256 4072 1302 4122 est
1316 4067 1395 4122 hunc
1411 4068 1518 4123 librum
1534 4069 1735 4139 sermonibus,
1751 4068 1782 4123 in
1797 4067 1865 4139 qui-

131 4155 177 4211 bus
193 4157 311 4212 viduam
327 4158 407 4212 illum
421 4159 458 4213 ad
473 4159 604 4213 secunda
619 4158 787 4230 nuptiarum
803 4161 870 4213 vota
898 4157 1077 4229 aspirantem
1092 4156 1248 4228 compellat
1277 4159 1399 4211 sanctas
1415 4157 1528 4229 doctor,
1557 4157 1755 4230 compositum
1770 4170 1863 4211 esso:

131 4260 207 4315 quern
221 4245 328 4302 litteris
343 4247 480 4302 deindea
496 4263 529 4303 se
545 4248 780 4303 commendatum
796 4263 855 4302 non
871 4246 961 4302 multo
976 4248 1045 4316 post
1058 4245 1154 4301 editos
1170 4245 1264 4300 libros
1279 4243 1323 4300 De
1347 4243 1532 4319 Virginibus,
1554 4246 1610 4302 boc
1621 4248 1744 4317 estpost
1754 4259 1864 4301 annum

130 4332 180 4405 dii,
195 4334 225 4390 in
239 4334 336 4390 lucem
350 4336 495 4391 amissum
509 4336 626 4392 abunde
641 4335 678 4391 ab
695 4336 761 4407 ipso
778 4336 877 4406 operis
894 4334 1016 4391 exordio
1032 4333 1202 4389 declaravit.
