3900 6128
105 214 186 282 1163

810 215 860 283 ‘S.
885 218 1106 285 amenesii.

1756 219 1831 287 liat

142 415 186 472 11.
208 414 401 473 stabulariam
416 418 473 490 (51)
487 419 668 491 hancprimo
683 417 779 477 tuisse
800 406 981 476 asseruisti
1031 421 1075 475 15.
1096 419 1198 491 Aperit
1219 420 1317 492 itaque
1341 419 1482 491 humum,
1507 418 1622 477 decutit
1643 418 1799 491 pulverem
1825 439 1832 480 ε

109 507 151 562 616
168 508 313 577 cognitam
323 508 492 563 Constantio
505 511 628 579 seniori,
641 509 691 581 qui
700 512 803 579 postea
814 526 940 583 regnum

108 597 231 665 adeptus
248 598 292 650 cst
321 597 400 650 Bona
416 599 586 668 stabularia,
610 615 677 670 quia
703 602 760 652 tani
783 599 941 671 diligenter

107 700 244 755 praesepe
260 685 376 740 Domini
391 688 556 758 requisivit.
575 688 655 742 Bona
678 688 849 758 stabularia,
874 705 940 760 quai

110 774 305 828 stabularium
320 791 378 829 non
393 776 542 847 ignoravit
556 777 647 846 illum,
664 777 715 848 qui
741 778 862 831 vulnera
887 794 940 832 cu-

109 863 186 917 ravit
201 878 216 916 a
231 864 395 919 latronibus
412 866 554 921 vulnerati
570 867 652 937 (1.66.
669 884 697 934 x,
714 866 769 934 aii.
787 865 940 921 11666616-

108 950 233 1020 baleria,
250 969 317 1024 quie
333 955 433 1009 maluit
451 957 591 1012 aestimari
610 954 825 1029 6161666153),
845 959 941 1023 1210

109 1043 140 1094 61
155 1040 304 1096 Christum
316 1043 505 1100 lucrifaceret
520 1046 662 1121 (Philipp.
675 1067 715 1120 iu,
728 1049 766 1120 8).
783 1051 851 1105 1666
863 1049 943 1103 illam

109 1127 247 1184 Christus
262 1131 297 1186 de
314 1135 446 1189 stercore
461 1135 616 1193 levavitad
628 1153 763 1210 163666,
777 1140 942 1194 66666666

110 1221 189 1291 6666
204 1222 347 1292 scriptum
363 1228 430 1277 cst:
451 1247 461 1269 ι
479 1223 552 1289 Quia
568 1228 693 1281 suscitat
714 1227 750 1282 de
775 1231 852 1283 terra
876 1229 942 1284 ino-

110 1325 187 1379 pem,
204 1313 232 1364 et
243 1310 278 1364 de
288 1314 419 1366 stercore
431 1312 684 1384 erigitpaupcrein
695 1316 789 1386 (Psal.
803 1317 916 1387 6161).
929 1341 940 1365 a

146 1398 190 1452 13.
208 1398 295 1453 Venit
308 1415 379 1471 crgo
398 1401 519 1471 llolcna,
537 1404 625 1474 coepit
641 1407 775 1461 revisere
791 1408 855 1462 loca
875 1421 943 1462 san·

997 509 1053 564 tria
1068 509 1196 580 patibula
1207 509 1331 565 contusa
1340 511 1458 580 reperit,
1475 526 1543 581 quae
1552 510 1640 566 ruina
1652 513 1832 582 contexerat,

997 598 1134 653 inimicus
1157 599 1364 654 absconderat.
1393 598 1451 654 Sed
1479 615 1538 654 non
1558 600 1655 669 potuit
1671 599 1833 657 oblitterari

996 687 1105 743 Christi
1115 688 1291 758 triumphus.
1302 681 1417 744 lneeito
1427 688 1520 744 haeret
1533 704 1540 743 z
1554 689 1662 758 liceret,
1674 693 1708 743 ut
1717 690 1835 760 mulien

998 777 1051 833 scil
1067 781 1177 831 certam
1192 778 1362 848 indaginem
1377 777 1509 847 Spiritus
1522 781 1647 833 sanctus
1664 778 1835 847 inspiratae

998 867 1077 937 quod
1102 867 1159 922 duo
1184 867 1316 923 latrones
1340 883 1406 923 eum
1424 867 1548 922 Domino
1564 867 1707 922 crucifixi
1722 867 1835 923 tuerint.

997 955 1109 1021 Quaerit
1124 971 1197 1028 ergo
1212 955 1340 1011 medinm
1354 956 1478 1028 lignum.
1501 956 1559 1012 Sed
1585 958 1710 1027 poterat
1731 957 1838 1013 1161161

998 1044 1129 1117 patibula
1145 1045 1221 1101 inter
1234 1061 1268 1100 se
1283 1045 1370 1100 ruina
1380 1045 1584 1115 contunderet,
1602 1060 1698 1101 cesus
1713 1044 1835 1103 inverte·

998 1134 1127 1204 161156).
1144 1134 1232 1189 Redit
1247 1134 1282 1188 ad
1299 1133 1451 1206 Evangelii
1462 1134 1631 1203 lectionem,
1649 1134 1838 1207 invenitquie

999 1222 1029 1278 in
1046 1223 1142 1277 medio
1159 1223 1287 1293 patibulo
1303 1224 1444 1293 praelatus
1461 1224 1563 1279 titulus
1585 1228 1651 1279 crat
1677 1239 1684 1278 z
1713 1246 1724 1270 ι
1748 1225 1837 1280 iesus

998 1312 1181 1381 NazarenuS,
1200 1313 1264 1367 ilex
1279 1312 1449 1368 ludaeorum
1464 1313 1559 1383 (6666.
1576 1330 1638 1383 xiii,
1659 1312 1717 1383 19).
1736 1336 1747 1361 ι
1767 1313 1837 1369 Hinc

1000 1402 1125 1457 collecta
1140 1404 1187 1456 est
1200 1402 1297 1457 series
1313 1402 1456 1471 veritatis,
1473 1403 1556 1457 titulo
1574 1417 1650 1457 crux
1676 1402 1771 1473 patuit
1791 1419 1837 1458 ea-

112 1491 166 1557 616,
185 1487 290 1543 1616611
306 1489 332 1543 61
347 1488 474 1560 Spiritus
490 1491 943 1567 611136666166161666116166
999 1490 1116 1546 lutaris.
1138 1491 1202 1546 Hoc
1224 1491 1369 1561 estquod
1393 1491 1560 1560 petentibus
1586 1491 1707 1547 ludaeis
1729 1490 1837 1548 Pilatus

112 1576 700 1650 666666116666136166,61611;«11666
721 1584 805 1639 locus
823 1600 943 1657 pugnae,
999 1580 1175 1651 respondit:
1196 1603 1207 1627 ι
1231 1578 1315 1645 Quod
1338 1580 1458 1651 scripsi,
1483 1580 1577 1645 1211
1607 1580 1725 1651 scripsi
1747 1580 1834 1650 (ibid.

111 1665 161 1721 ubi
177 1667 223 1721 est
237 1666 382 1721 victoria?
406 1668 512 1733 Quaero
538 1670 679 1726 vexillum
703 1673 819 1740 salutis,
845 1678 872 1727 et
886 1690 945 1728 non
999 1666 1056 1739 11),
1077 1694 1087 1718 ι
1104 1669 1134 1724 16
1151 1674 1206 1740 661,
1223 1685 1282 1725 666
1298 1685 1333 1725 66
1349 1670 1470 1740 scripsi,
1487 1685 1554 1741 quie
1569 1669 1662 1724 vebis
1677 1669 1834 1739 placerent,

112 1754 243 1810 invenio.
261 1754 335 1827 Ego,
352 1755 455 1827 inquit,
472 1757 632 1829 16163616,
648 1764 677 1815 61
692 1777 768 1816 crux
786 1761 901 1816 Domini
915 1762 945 1816 in
962 1759 1056 1848 Bsed
1072 1775 1138 1829 quai
1154 1763 1227 1814 tatas
1244 1760 1341 1814 161616
1357 1761 1553 1830 cognosceret
1570 1773 1577 1814 :
1592 1773 1656 1814 non
1673 1757 1839 1813 vobisscri·

111 1843 253 1912 pulvere?
278 1858 334 1914 ego
356 1844 386 1897 iii
407 1846 508 1900 aureis
533 1847 601 1917 (51),
625 1854 653 1903 ot
677 1849 707 1902 in
723 1850 818 1904 ruinis
834 1850 946 1906 Christi
999 1847 1057 1918 psi,
1074 1847 1129 1902 sed
1145 1848 1329 1919 posteritati3
1345 1848 1556 1919 propemodum
1572 1847 1707 1905 dicens:
1732 1846 1840 1903 Habeat

10 2007 13 2011 ,
111 1929 597 2006 111666666111166616616161,
623 1941 650 1991 ct
676 1939 945 2009 latctpalmuvitce
1001 1936 1839 2010 116166666οά16361,666661666611661611666366·

112 2020 251 2073 aeternae?
264 2018 415 2084 Quomodo
430 2038 476 2077 me
492 2024 672 2095 redemptam
687 2027 826 2098 arbitror,
853 2029 880 2082 si
895 2044 946 2083 ro·
1001 2030 1065 2081 sent
1078 2026 1146 2095 (51).

112 2107 240 2178 demptio
255 2108 320 2178 ipsa
335 2125 394 2165 non
411 2112 560 2168 cernitur?
1036 2114 1071 2170 46
1091 2115 1205 2171 1616611
1232 2131 1305 2188 6136
1327 2115 1453 2185 1116166,
1480 2116 1595 2187 Regem
1618 2113 1769 2184 adoravit,
1785 2131 1839 2171 riou

146 2195 190 2251 11.
212 2196 303 2253 Vidco
319 2199 389 2270 quid
404 2202 515 2273 egeris,
540 2202 665 2272 diabole,
694 2209 723 2260 ut
746 2206 865 2278 gladius
887 2222 945 2279 qno
1000 2205 1113 2277 113666
1129 2205 1244 2276 611666;
1260 2205 1328 2276 6616
1344 2204 1392 2259 hic
1407 2204 1527 2278 gentilis
1543 2207 1590 2259 est
1606 2219 1705 2272 error,
1722 2207 1753 2260 et
1767 2205 1841 2261 vani·

112 2288 282 2356 peremptus
297 2302 341 2355 es,
360 2288 572 2346 obstrueretur.
596 2292 654 2348 Sed
674 2294 757 2349 lsaac
772 2296 945 2352 obstructos
1000 2296 1047 2349 tas
1063 2293 1235 2364 impiorum3
1252 2294 1307 2348 sed
1321 2294 1455 2349 adoravit
1470 2293 1563 2362 illum,
1580 2293 1635 2365 qui
1649 2293 1792 2364 pependit
1813 2294 1840 2350 ia

112 2375 149 2430 ab
164 2374 340 2448 alienigenis
354 2381 459 2447 puteos
471 2381 650 2452 erudavcrit,
668 2399 723 2438 nec
737 2385 828 2440 lutere
840 2401 945 2456 aquam
1001 2382 1093 2456 ligno,
1111 2383 1241 2453 scriptus
1257 2382 1287 2436 in
1303 2383 1403 2453 111616;
1428 2382 1510 2437 11166
1534 2382 1669 2454 166666,
1695 2382 1749 2454 661
1766 2383 1838 2439 sicut

112 2478 223 2532 possus
247 2468 293 2519 est
318 2467 375 2535 155)
400 2467 486 2537 (Gen.
511 2487 593 2540 xxvi,
620 2472 674 2543 18).
700 2473 831 2529 Tollatur
855 2475 946 2547 igitur
1003 2472 1175 2527 scarabaeus
1193 2471 1340 2541 clamavit,
1356 2474 1387 2526 ut
1402 2470 1652 2542 persecutoribus
1669 2471 1738 2527 suis
1764 2471 1841 2526 Pater

112 2553 207 2624 ruina,
224 2558 255 2609 ut
270 2555 328 2610 vita
339 2561 477 2628 appareat
487 2574 493 2613 :
505 2565 657 2630 promatur
664 2562 794 2634 gladius,
812 2579 871 2634 quo
884 2563 947 2618 vcri
1003 2562 1060 2631 158)
1075 2564 1195 2632 peecata
1211 2561 1334 2616 donaret
1348 2561 1428 2630 (Luc.
1445 2577 1528 2630 xxm,
1550 2560 1608 2627 61).
1627 2560 1727 2616 Avida
1742 2560 1840 2616 mulier

112 2642 204 2698 Getice
220 2648 307 2714 caput
322 2649 368 2715 ast
382 2651 562 2718 amputatum
576 2648 603 2719 (I
616 2650 689 2723 llcq.
707 2669 777 2721 xvii,
795 2651 841 2721 51)
859 2670 865 2706 t
882 2668 948 2722 ape·
1004 2650 1164 2705 festinabat
1176 2654 1297 2722 tangere
1306 2650 1468 2706 remedium
1479 2649 1727 2717 immortalitatis,
1738 2652 1841 2704 metue·

112 2732 206 2788 riatur
222 2734 341 2805 humus,
359 2738 389 2790 ut
404 2738 486 2793 salus
502 2737 614 2810 1613661
634 2739 692 2808 (166
715 2757 782 2810 xcv,
809 2741 846 2810 8),
872 2742 947 2807 Quid
1003 2740 1054 2795 bat
1070 2740 1186 2794 calcare
1203 2743 1419 2794 sacramentnm
1445 2738 1562 2793 salutis.
1586 2738 1672 2794 Laeto
1696 2738 1797 2807 aeide,
1816 2746 1841 2794 et

114 2822 213 2894 631611,
232 2823 356 2894 diabole,
374 2830 404 2880 61
420 2827 619 2882 absconderes
635 2829 758 2900 liguum,
776 2831 835 2885 nisi
851 2833 881 2884 ut
894 2832 946 2885 itc·
1003 2828 1160 2900 trepidanti
1178 2826 1317 2900 vestigio,
1338 2827 1409 2898 quid
1432 2827 1553 2896 iaceret,
1579 2827 1750 2883 nesciebat.
1774 2828 1839 2884 Per·

114 2927 180 2965 rum
195 2912 381 2968 vincereris?
397 2914 473 2969 Vicit
489 2919 515 2970 tc
532 2916 632 2984 llaria,
649 2933 715 2989 666
731 2920 832 2991 genuit
847 2919 947 2974 trium·
1003 2917 1097 2972 tendit
1120 2921 1217 2972 tamen
1240 2917 1276 2970 ad
1300 2916 1397 2971 cubile
1414 2917 1558 2983 veritatis,
1575 2915 1696 2988 113666
1711 2917 1837 2988 refulsit,

113 3000 277 3073 phatorem,
294 3019 360 3074 quai
376 3005 651 3061 sineimminutionc
668 3007 846 3078 virginitatis
859 3009 948 3063 edidit
1005 3010 1033 3060 ct
1048 3007 1143 3078 316116
1156 3006 1269 3061 616611.
1288 3004 1322 3059 Et
1337 3004 1480 3076 quiajam
1507 3005 1651 3060 1661666
1673 3005 1838 3062 visitaverat

115 3104 192 3161 enm,
209 3092 258 3163 qui
273 3093 434 3148 crueitlxus
450 3094 582 3150 vinceret
596 3099 633 3165 te,
647 3098 676 3150 et
691 3100 826 3152 mortuus
842 3097 947 3170 subju·
1004 3094 1143 3150 Chi-istus
1167 3095 1197 3149 in
1219 3094 1322 3149 116116.
1347 3094 1475 3164 Spiritus
1500 3095 1529 3148 iii
1556 3095 1673 3150 Helena
1686 3095 1837 3151 visitavit:

114 3186 208 3253 garet.
226 3181 362 3236 Vinceris
378 3185 407 3238 ot
425 3183 522 3252 hodie,
549 3189 579 3238 ut
602 3185 709 3239 mulier
731 3189 798 3265 tuas
823 3143 991 3242 insidiase
1004 3184 1104 3239 docuit
1119 3199 1183 3239 cain
1200 3184 1276 3254 6666
1294 3183 1398 3238 661161
1421 3183 1588 3255 ignorabat,
1613 3185 1642 3239 si
1668 3184 1793 3240 deduxit
1812 3186 1836 3241 16

114 3271 324 3342 deprehendat.
341 3272 491 3344 lllaqiiasi
508 3274 782 3330 66661611661666
808 3276 947 3346 gestavit,
1005 3274 1083 3329 viam
1099 3290 1187 3344 qnam
1203 3272 1431 3328 mortalisscire
1447 3275 1647 3344 nonpotcrat.

116 3376 171 3432 636
188 3376 306 3415 616666
321 3360 388 3432 ejus
403 3361 590 3435 investigabo
607 3379 612 3417 :
631 3363 680 3416 illa
700 3368 874 3436 generatum
894 3365 949 3420 do·
1040 3363 1085 3418 11.
1102 3361 1246 3428 Quaesivit
1262 3362 1376 3428 clavos,
1392 3361 1500 3432 quihus
1517 3362 1686 3418 crucifixus
1694 3366 1743 3418 est
1751 3362 1837 3418 11661-

117 3450 186 3519 cuit,
213 3464 270 3523 ego
295 3451 505 3506 resuscitatum
528 3467 534 3506 :
561 3451 609 3506 illa
631 3451 701 3506 iecit
726 3455 757 3508 nt
778 3453 858 3508 Deus
874 3453 950 3508 inter
1006 3468 1074 3523 nus,
1086 3456 1115 3507 et
1125 3451 1295 3507 1616611116
1306 3467 1363 3505 666
1373 3451 1565 3505 61616116666
1574 3451 1835 3523 liei·iprrecepit,da

117 3539 253 3596 homines
277 3540 438 3609 videretur,
463 3557 519 3614 ego
541 3542 577 3595 od
601 3544 771 3597 nostrorum
788 3543 949 3598 icmedium

115 3631 303 3698 pcccatorum
317 3630 449 3685 divinum
464 3630 501 3685 de
517 3631 612 3685 ruinis
624 3631 746 3686 elevabo
761 3631 913 3687 vexillum.

152 3776 209 3845 (51)
219 3775 414 3831 Stabulariam
425 3774 604 3829 Ambrosius
616 3774 758 3829 Helenam
774 3774 854 3843 dicit,
872 3774 950 3845 quod

117 3863 155 3901 ex
170 3849 251 3916 patre
265 3847 316 3916 661
353 3847 449 3901 ublico
470 3845 634 3901 6116166116
660 3845 794 3915 hospites
819 3845 951 3916 excipie-

117 3917 177 3982 bat,
194 3864 456 3972 661661611616161.
483 3917 586 3987 Neque
610 3919 708 3970 tamen
730 3932 835 3971 sumus
856 3917 951 3971 nescii

118 3987 478 4043 salomoniacarum
499 3987 634 4041 scribere
656 3992 779 4041 matrem
803 3987 951 4042 Constan-

118 4058 172 4113 tini
188 4057 277 4112 filiani
291 4059 379 4113 unius
395 4057 540 4131 61636116
556 4058 716 4111 Britanniae
739 4060 858 4112 nemine
880 4060 951 4113 Coel

118 4129 282 4197 exstitisse,
299 4129 387 4200 idque
403 4130 438 4183 ab
454 4128 582 4199 antiquis
597 4128 696 4199 gentis
713 4128 866 4183 historicis
882 4146 952 4185 esse

118 4201 276 4271 proditum.
302 4201 391 4272 Atqui
415 4215 606 4254 66666666
632 4199 952 4256 1166666166161616

118 4274 282 4342 scriptores
299 4272 440 4326 Helenam
455 4271 618 4326 Constantii
633 4271 827 4325 concubinam
843 4272 950 4340 dicant,

117 4349 146 4399 ct
160 4343 384 4398 Constantinum
400 4359 437 4397 ex
452 4342 616 4412 imparibus
631 4342 740 4411 nuptiis
756 4345 855 4397 natum
870 4359 952 4398 assc-

117 4419 193 4481 rant,
219 4415 295 4469 hanc
319 4431 336 4468 6
358 4414 485 4469 11616616
501 4416 759 4468 commemoratam
783 4414 950 4484 opinionem

1006 3542 1098 3597 altero
1114 3540 1248 3595 diadema
1264 3539 1407 3594 intexuit:
1421 3554 1511 3594 unum
1534 3539 1571 3595 ad
1596 3541 1753 3610 decorem,
1773 3541 1835 3598 elte-

1008 3647 1071 3685 rum
1083 3630 1119 3684 ad
1131 3629 1318 3684 devotionem
1329 3627 1624 3699 161111(59).1’1611616
1641 3635 1688 3685 661
1700 3630 1799 3700 Maiis,
1812 3634 1835 3685 iit

1007 3773 1149 3840 berctam,
1166 3771 1214 3826 alii
1230 3771 1358 3843 deniquo
1374 3773 1530 3842 utrumqne
1546 3771 1727 3828 miraculum
1737 3773 1832 3828 indicia

1007 3844 1103 3899 inisse
1118 3843 1244 3910 tradunt,
1262 3842 1600 3913 quoctrihusciueibus
1634 3860 1682 3898 uae
1695 3844 1832 3900 Dominica

1008 3919 1099 3978 esset,
1116 3915 1352 3985 dignosceretur.
1369 3915 1504 3968 Attamen
1518 3914 1591 3968 illud
1613 3859 1773 3971 ι1661611616
1792 3931 1831 3970 ne

1008 4002 1154 4057 quaquam
1179 3988 1225 4039 cst
1247 3985 1392 4053 insolens,
1420 3989 1449 4039 nt
1467 3984 1602 4040 camdem
1622 4002 1689 4041 rein
1705 3986 1831 4042 memoria

1006 4057 1176 4128 prodentes,
1193 4056 1242 4110 alii
1266 4055 1322 4110 6116
1347 4055 1415 4126 ejus
1437 4055 1577 4126 adjuncta
1600 4059 1830 4123 commemorent,

1007 4132 1056 4183 ant
1070 4128 1301 4198 prieteimittoiit.
1318 4128 1465 4182 (11616166
1488 4131 1529 4182 161
1551 4128 1736 4198 scriptorum
1760 4130 1831 4184 testi·

1007 4200 1114 4253 moniis
1129 4199 1259 4253 inventio
1276 4198 1437 4253 salutiferae
1454 4199 1553 4253 crucis
1568 4200 1734 4270 asseritur,
1751 4200 1831 4255 61111

1007 4272 1077 4364 quid
1100 4286 1166 4325 uam
1182 4270 1287 4325 liabent
1303 4269 1435 4324 liistorioe
1450 4269 1547 4341 magis
1564 4271 1830 4341 compertuml'idc

1006 4287 1256 4413 11111116611166,
1273 4341 1350 4410 opist-
1364 4341 1402 4394 ad
1417 4341 1634 4410 Constantium,
1652 4345 1682 4396 et
1693 4341 1831 4398 catechesi

1006 4429 1051 4480 iv3
1066 4413 1231 4479 Paulinum,
1244 4413 1330 4482 epist.
1343 4413 1381 4466 acl
1389 4411 1508 4477 Sever,
1526 4429 1614 4467 nov-'c
1627 4412 1759 4481 6611.81;
1774 4413 1829 4468 Sev.

117 4503 171 4556 pro
186 4486 284 4540 fabula
301 4486 467 4541 habendam
483 4484 627 4567 credibile¹
639 4484 795 4566 66111166,
813 4486 839 4538 61
859 4485 949 4567 lubet,
967 4484 1172 4567 3861611166,
1188 4484 1240 4537 lib.
1257 4500 1277 4536 ιι
1294 4483 1373 4537 Hist.
1389 4498 1453 4552 cap.
1470 4482 1520 4546 -l8;
1539 4484 1692 4564 llulliium,
1711 4484 1762 4540 lib.
1774 4501 1801 4539 ιι.
1809 4499 1829 4536 r.

117 4559 263 4614 Chronica
279 4557 400 4611 Eusebii
416 4560 444 4610 ct
458 4556 645 4624 Cassiodori3
669 4555 821 4609 Historias
840 4555 948 4610 Orosii.
1006 4555 1065 4610 'lot
1080 4556 1113 4619 8;
1130 4554 1293 4620 Socratem,
1311 4554 1332 4620 l,
1350 4571 1369 4607 ι.
1386 4569 1411 4607 c.
1429 4552 1472 4619 17,
1493 4556 1520 4607 61
1537 4555 1627 4609 alios.
1653 4555 1758 4626 Neque
1772 4570 1828 4610 veie

118 4629 168 4684 lib.
185 4646 236 4696 vii,
252 4645 316 4699 cap.
334 4628 385 4698 163
403 4626 534 4752 Eutropii
550 4626 601 4681 lib.
617 4645 651 4691 x;
668 4626 775 4681 Zosimi
787 4626 836 4681 lib.
849 4642 886 4694 ιι;
904 4627 952 4680 Ni·

120 4701 241 4769 cephori
256 4701 307 4754 lili.
323 4717 373 4767 vn,
392 4715 454 4768 cap.
473 4699 484 4752 1
515 4715 522 4760 ;
540 4703 569 4753 61
583 4699 659 4752 16161
675 4697 867 4766 recentiores,
886 4698 950 4753 llo-

119 4770 176 4824 rini
191 4772 241 4825 lib.
260 4789 280 4825 ιι
296 4771 474 4826 Deliberat.
492 4769 611 4825 Eccles.
629 4785 691 4837 cap.
710 4768 736 4822 6.

154 4843 211 4910 (53)
241 4842 315 4914 [teg.
341 4843 444 4911 codex,
474 4863 484 4890 ι
513 4857 579 4913 quie
603 4841 699 4896 omnia
724 4839 894 4910 aestimavit,
922 4846 952 4895 ut

119 4914 294 4968 stercora.»

154 4984 210 5053 (51)
230 4983 340 5038 Omnes
354 4984 434 5047 edit..
455 5006 465 5031 ι
484 4998 539 5056 636
557 4984 585 5036 16
600 4982 692 5047 66116;
713 5004 723 5029 ι
740 4998 847 5037 66666
864 4998 949 5048 iuss,

120 5078 131 5102 «ι
149 5055 250 5128 63616
266 5053 375 5109 aureis.
396 5078 406 5102 ι
423 5054 481 5109 Sed
501 5053 737 5110 subaudiendum
762 5057 807 5108 est
827 5052 950 5125 palatiis

117 5129 163 5181 vol
180 5126 374 5181 ornamentis.

152 5200 209 5269 (55)
228 5198 312 5253 Colb.
330 5198 406 5265 coil,
426 5219 437 5247 ι
454 5197 512 5252 Sed
527 5197 592 5253 lioec
608 5199 815 5253 obstructos..
837 5196 949 5252 66616-

116 5271 177 5325 1616
193 5286 298 5342 66666
314 5286 404 5339 passa
420 5273 475 5323 ost.
491 5293 502 5316 ι

151 5344 206 5412 (56)
226 5346 336 5398 116666
359 5342 439 5410 citit,
468 5364 477 5386 ι·
505 5356 595 5394 casus
617 5344 741 5394 mutaret
767 5344 795 5393 ct
819 5340 950 5394 inverte-

114 5419 170 5468 ret.
191 5438 201 5463 u
217 5414 327 5469 Omnes
343 5429 428 5480 mss,
448 5434 460 5462 ι
478 5427 567 5466 66666
585 5412 755 5465 inverteret.
775 5435 785 5458 ι

149 5485 206 5554 (iil)
226 5485 307 5549 Quod
325 5501 341 5537 6
355 5487 456 5538 sancto
472 5482 606 5536 l‘racsule
622 5482 671 5535 hic
686 5484 864 5536 memoratur
889 5482 948 5536 llo-

114 5557 185 5611 mini
200 5572 319 5611 crucem
334 5572 350 5608 a
366 5556 511 5610 latronum
528 5553 667 5622 patibulis
677 5553 758 5605 titulo
771 5568 825 5604 suo
835 5552 948 5606 ‹lisere-

110 5630 170 5682 tain
187 5644 267 5698 esse,
285 5627 313 5681 id
329 5628 446 5698 quidem
462 5627 578 5680 videtui·
593 5625 764 5692 discrepare
776 5623 812 5675 ab
824 5624 947 5678 alierum

1006 4626 1205 4696 objiciendum
1222 4624 1343 4679 Eusebii
1354 4624 1498 4694 Pamphili
1510 4625 1681 4693 silentium3
1698 4642 1830 4698 eompre-

1005 4700 1139 4768 16166616
1154 4696 1231 4767 6666
1249 4711 1315 4765 quai
1331 4696 1380 4750 ille
1396 4696 1416 4748 l.
1433 4712 1463 4747 ιιι
1476 4695 1519 4749 [lc
1543 4694 1608 4750 Vite
1626 4697 1779 4752 Constant.
1792 4712 1829 4748 va·

1007 4769 1059 4823 riis
1084 4767 1159 4822 locis
1183 4766 1270 4821 tradit
1293 4767 1329 4820 de
1346 4766 1474 4835 sepulcri
1499 4766 1649 4821 lleminici
1663 4768 1826 4834 inventione,

1006 4854 1174 4909 supponere
1202 4838 1338 4892 videntur
1366 4837 1466 4891 crucis
1501 4837 1721 4907 inventionem,
1755 4853 1827 4893 urina

1005 4911 1129 4965 omissio
1145 4912 1187 4964 tot
1202 4909 1325 4964 aliorum
1341 4909 1502 4962 assertioni
1519 4908 1605 4963 cedat
1619 4925 1748 4964 necesse
1766 4912 1812 4963 661

1040 4983 1096 5051 (58)
1116 4982 1211 5036 Pater
1224 4981 1326 5036 aberat
1339 4995 1356 5034 a
1371 4981 1486 5034 cunctis
1500 4980 1570 5034 edit.
1589 4995 1625 5034 ac
1640 4980 1732 5035 multo
1745 4979 1824 5051 pluri·

1003 5053 1061 5108 bns
1077 5070 1163 5119 666,
1181 5068 1268 5122 quam
1284 5067 1387 5105 vocem
1403 5067 1441 5105 cx
1459 5050 1532 5120 lieg.
1551 5051 1617 5105 666.
1646 5052 1824 5106 restituimus.

1004 5125 1133 5179 Advorte
1148 5128 1245 5179 antem
1262 5123 1397 5176 hocloco
1413 5138 1512 5176 verani
1525 5120 1672 5178 Ecclesiae
1688 5122 1823 5176 catholica

1004 5196 1167 5250 doctrinam
1192 5194 1227 5248 dc
1252 5197 1363 5248 sanctae
1388 5193 1487 5247 crucis
1508 5196 1559 5246 aut
1584 5191 1821 5266 imaginumcnltn

1003 5267 1181 5333 exhibendo,
1199 5266 1249 5336 qui
1268 5265 1404 5319 videlicet
1419 5280 1477 5317 ιιοιι
1496 5265 1711 5320 terminaturin
1726 5261 1822 5334 ipsosi·

1002 5354 1073 5410 gno,
1090 5339 1143 5392 sed
1160 5337 1195 5391 ad
1212 5336 1410 5407 significatum
1427 5338 1527 5390 niente
1554 5335 1693 5390 16161161.
1717 5334 1750 5389 Et
1768 5333 1821 5388 liine

1002 5410 1106 5464 videas
1129 5424 1216 5480 quam
1241 5409 1317 5460 bona
1342 5406 1399 5460 lide
1423 5406 1569 5476 scriptum
1587 5408 1676 5462 tuerit
1690 5422 1706 5460 a
1721 5403 1819 5483 166366·

1002 5480 1207 5549 burgensibus
1223 5479 1313 5531 inulta
1330 5478 1556 5531 commemorari
1572 5479 1610 5532 ali
1618 5481 1736 5533 auctorc
1745 5477 1818 5544 11666

1001 5552 1149 5606 Orationis
1163 5574 1173 5597 ι
1187 5549 1403 5618 superstitiosa,
1422 5546 1819 5604 veheuientercontumeliosa

1002 5624 1033 5678 iii
1049 5625 1184 5677 nicrituui
1199 5621 1320 5687 Christi,
1339 5624 1367 5674 et
1382 5636 1448 5673 rum
1473 5619 1531 5674 side
1556 5620 1753 5693 pugnantia.-
1774 5613 1819 5670 Sed

112 5700 292 5771 scriptorum
307 5699 481 5767 sententiis3
498 5697 548 5751 6111
563 5697 670 5769 quippe
684 5698 830 5749 mortuum
846 5696 882 5748 ad
898 5696 944 5749 vi·
1002 5695 1069 5750 istis
1088 5693 1256 5749 hominibus
1271 5708 1305 5746 ea
1321 5692 1417 5746 omniu
1444 5707 1511 5744 rum
1536 5692 1596 5748 tide
1617 5693 1748 5766 pugnant
1767 5701 1818 5761 que

110 5772 170 5829 tam
186 5771 366 5842 revocatum,
383 5769 431 5826 alii
446 5768 576 5829 nobilem
590 5767 730 5828 seminani
751 5780 768 5821 a
791 5767 885 5822 morte
907 5766 942 5823 li·
998 5766 1116 5825 1116166
1130 5764 1285 5839 perfidiam
1300 5763 1483 5837 impugnant.
