3900 6128
106 290 165 377 oet

835 307 868 373 S.
893 306 1115 374 AMBROSII.

112 511 229 569 Etenim
243 525 310 566 cum
324 509 422 566 auditu
437 510 637 580 praeveniunt,
656 525 757 565 aurem
776 510 943 579 obstruunt,
956 509 983 579 Ᾰ
1001 509 1083 579 prius
1100 508 1303 579 inspicientur,
1315 513 1346 563 ut
1358 511 1468 578 nubant
1483 511 1696 581 probatiores?
1719 512 1830 585 Ergoel

111 604 241 658 animum
257 603 421 671 occupant3
437 615 473 654 ne
488 599 623 670 probatio
638 599 834 668 desideretur,
851 603 882 652 ut
897 614 944 653 ru-

110 707 176 750 mor
190 705 244 763 pro
259 690 394 746 convicto
410 692 544 743 tencatur
558 689 690 743 crimine.

145 781 173 838 tl.
189 778 354 849 Nosigitur
364 779 569 833 accusatorem
579 777 745 849 exegimus,
758 779 944 831 etauctorena

111 872 201 930 totius
217 885 318 925 scenae
334 867 493 922 Maximum
504 866 724 938 perurgendum
745 865 879 920 arbitrari
892 881 945 921 su·

109 977 187 1020 mus.
205 960 313 1014 Verum
329 956 377 1011 ille
392 957 621 1024 accusationem,
638 971 726 1027 quam
737 954 834 1009 studio
851 954 944 1008 infor·

110 1051 251 1117 mereret,
271 1047 364 1102 verbo
394 1044 548 1115 detulerat,
577 1043 709 1099 descruit
737 1043 944 1113 professione;

110 1143 246 1197 ettamen
261 1135 368 1192 effectu
383 1134 518 1206 urgebat,
540 1136 601 1188 arte
626 1132 862 1204 exsequebatur:
891 1131 944 1186 sed

111 1227 245 1302 fugiebat
260 1224 389 1294 nomine,
404 1223 483 1295 quod
499 1221 646 1277 diffideret
661 1221 836 1292 probationi.
854 1219 944 1274 Deni-

109 1314 289 1392 quesparsis
297 1312 476 1380 rumoribus,
490 1310 544 1367 sed
555 1310 640 1365 etium
649 1310 785 1380 epistolis
797 1309 945 1379 composi·

110 1407 148 1463 tis
160 1408 189 1462 et
199 1400 512 1473 destinatis,quaesivit
522 1400 663 1454 acerbare
673 1399 814 1452 invidiam
826 1397 944 1452 delatio·

108 1496 172 1553 nis:
195 1494 249 1549 sed
265 1505 480 1564 nequamquam
497 1488 623 1559 opprimi
636 1489 729 1558 potuit
745 1488 900 1559 integritas
916 1489 945 1542 et

109 1581 328 1652 circumveniri.
344 1578 419 1634 Nam
434 1578 461 1632 si
477 1577 632 1632 habuisset
646 1576 847 1646 probationes,
864 1591 943 1630 nun·

109 1687 197 1746 quam
211 1667 425 1741 inspectionem
439 1670 488 1720 tua
504 1666 649 1719 sententia
664 1665 870 1736 flagitdvisset.

1001 615 1067 668 quae
1078 600 1295 659 velundoesuul.
1304 601 1386 669 prius
1398 600 1595 670 subjiciendae
1604 606 1675 655 sunt
1687 602 1828 672 hujusmo·

1001 688 1030 740 di
1054 689 1268 757 attrectationi;
1292 704 1350 742 uon
1374 690 1451 743 enim
1473 691 1640 759 visitantur,
1659 691 1713 744 sed
1728 696 1824 748 attrec-

1000 779 1115 831 tantur:
1142 783 1170 830 et
1185 778 1296 831 tertius
1313 779 1474 832 secundum
1490 783 1566 833 luam
1582 781 1759 835 seutentiam
1772 782 1821 839 ine·

1000 865 1108 935 picitur
1122 882 1182 920 uon
1202 866 1333 936 probata,
1351 883 1437 937 quam
1454 873 1637 922 consecrata.

1036 954 1062 1008 8.
1078 952 1163 1020 Quid,
1181 955 1258 1024 quod
1288 956 1375 1008 etiam
1400 957 1457 1025 ipsi
1486 957 1626 1010 archiatri
1655 959 1753 1013 dicunt
1772 976 1817 1016 nou

1001 1042 1074 1095 satis
1096 1042 1208 1113 liquido
1221 1043 1430 1113 comprehendi
1451 1045 1646 1117 inspectionis
1665 1047 1749 1101 fidem
1763 1048 1817 1119 tili),

1000 1135 1028 1185 et
1044 1131 1119 1200 ipsis
1137 1131 1290 1185 medicinae
1306 1134 1432 1187 vetustis
1448 1134 1619 1188 doctoribus
1637 1137 1666 1189 id
1682 1139 1816 1195 sententie

1001 1219 1817 1295 fuissetNosquoqueusuhoccognorimussaepcinter

1000 1309 1176 1363 obstetrices
1206 1310 1338 1364 obortam
1362 1312 1550 1381 varietatem,
1582 1318 1610 1367 el
1638 1316 1815 1384 quaestioueu

1000 1399 1171 1467 excitatam,
1196 1402 1227 1452 ul
1241 1399 1308 1468 plus
1323 1399 1484 1454 dubitatum
1506 1402 1545 1455 sit
1559 1403 1595 1456 de
1610 1419 1646 1456 ea
1661 1419 1727 1473 quae
1742 1405 1815 1475 inspl-

1000 1486 1133 1541 ciendam
1150 1503 1183 1541 se
1200 1488 1368 1558 praebuerit,
1386 1490 1524 1558 quamde
1540 1506 1573 1544 cn
1589 1507 1657 1562 quae
1673 1509 1731 1547 non
1747 1493 1816 1549 trient

999 1575 1142 1645 inspecte.
1169 1575 1319 1647 Siquidem
1349 1581 1377 1631 et
1407 1580 1540 1647 proximo
1576 1581 1603 1633 id
1635 1583 1814 1651 comperturos

1000 1665 1153 1734 exemplo:
1176 1682 1241 1718 natu
1256 1666 1391 1737 quaedam
1407 1668 1585 1723 conditionis
1608 1670 1729 1724 servilis
1745 1672 1814 1726 ,attint

144 1763 171 1816 5.
188 1759 263 1826 Quid
275 1757 365 1829 igitur
379 1756 437 1810 sibi
452 1754 532 1823 velit,
548 1756 576 1808 ct
591 1769 650 1824 quo
665 1757 779 1823 spectet
793 1753 871 1823 quod
892 1752 944 1807 ob·
999 1755 1131 1823 inspecta
1143 1755 1200 1824 (57)
1211 1759 1239 1808 et
1253 1755 1386 1817 refutata,
1399 1763 1502 1825 postea
1523 1758 1683 1812 Mediolani
1700 1776 1754 1814 uon
1765 1775 1813 1815 moa

110 1848 259 1907 stetricem
274 1843 471 1900 adhibendam
487 1842 660 1910 credideris,
686 1857 744 1896 non
760 1857 882 1912 possum
898 1841 945 1895 ad·
960 1888 985 1950 B
1000 1842 1116 1912 quidem
1130 1842 1231 1913 jussu,
1249 1844 1300 1896 sed
1325 1843 1350 1897 N
1356 1845 1440 1897 tremi
1465 1860 1501 1898 ex
1528 1847 1647 1899 tribuno
1672 1853 1701 1901 et
1720 1849 1812 1903 ssopan-0

109 1930 943 2005 venerelteueergoliberumeritaccusareomnibus,
1000 1931 1110 1985 domiui
1140 1931 1186 1984 rel
1210 1935 1324 2001 patroni
1354 1934 1399 1986 sui
1430 1933 1578 1988 voluntate
1604 1937 1722 1990 visitata
1748 1942 1811 1991 esta
1840 1992 1842 1997 ,

111 2030 140 2084 el
162 2041 228 2082 cum
248 2022 422 2094 probatione
443 2019 620 2089 destiterint,
646 2020 755 2090 patebit
777 2023 807 2073 ut
829 2021 945 2091 genita·
999 2020 1179 2089 peritissima
1195 2027 1223 2073 et
1243 2021 1379 2091 locupleti
1396 2022 1502 2076 feuriuu
1515 2024 1809 2095 hujusrnodiar·tis;ct
1838 2002 1842 2053 ⁴

108 2108 944 2181 llumsecrctorumpelentinspectionem,etadtliccntur
998 2109 1240 2163 cumsimulista
1264 2116 1467 2180 suppeterent.
1499 2119 1530 2167 ιιι
1560 2130 1656 2185 neque
1676 2119 1808 2185 paupertas

110 2218 231 2274 semper
246 2215 341 2256 sacrae
357 2198 490 2270 virgines
501 2196 538 2251 ad
549 2196 865 2268 hujusmodiludibriu,
876 2213 943 2268 quae
999 2197 1170 2251 obstetricis
1183 2204 1352 2268 suspectam
1368 2200 1477 2255 faceret
1493 2203 1590 2272 fitlcnr,
1613 2219 1709 2274 neque
1724 2203 1807 2257 indari
1839 2238 1842 2245 ·

110 2295 138 2350 el
152 2290 221 2347 visu
236 2293 265 2345 et
279 2288 390 2356 auditu,
409 2285 526 2341 horrori
540 2289 569 2340 et
582 2285 687 2355 pudori
703 2287 790 2341 sunl?
812 2286 943 2357 Denique
998 2285 1076 2354 litas,
1093 2290 1190 2340 taruen
1205 2289 1301 2342 atlhuc
1317 2293 1412 2343 manet
1427 2292 1563 2360 quaestio.

110 2397 170 2438 non
178 2374 729 2435 minimnetiamintuislitteristentataa
737 2375 943 2446 expressionis
1034 2377 1060 2430 9.
1077 2375 1150 2439 outa
1167 2376 1277 2446 proluit
1293 2377 1382 2448 igilur
1398 2394 1459 2431 earn
1477 2381 1594 2448 inspici,
1608 2396 1674 2435 rum
1685 2382 1802 2435 damuatio

110 2467 289 2527 verecundia
307 2469 363 2521 est.
389 2463 460 2530 Quae
475 2478 547 2536 ergo
565 2463 630 2518 sine
652 2465 758 2518 datiano
774 2464 895 2534 pudoris
915 2464 944 2518 in
998 2464 1137 2519 mancat?
1165 2464 1238 2519 Nam
1256 2466 1427 2536 utquisque
1443 2468 1577 2534 voluerit,
1595 2473 1645 2523 aut
1669 2471 1801 2539 imperitae

109 2558 216 2615 alienis
230 2555 353 2612 auribus
368 2567 509 2609 resonare
525 2568 583 2608 nou
600 2557 721 2624 queunt,
731 2569 765 2607 ea
780 2558 906 2624 possunt
914 2553 945 2610 iu
999 2554 1153 2620 medicam,
1171 2558 1220 2606 aut
1235 2555 1413 2623 redemptam
1435 2561 1565 2621 asser-eu
1593 2559 1630 2610 ita
1646 2560 1711 2612 sinc
1724 2557 1801 2612 affectu

110 2648 227 2722 virgine
243 2646 307 2701 siue
322 2643 389 2716 ejus
406 2643 509 2698 tentari
525 2640 726 2698 verecundia?
997 2642 1375 2712 ulloinJ'ur-ininspectlonis
1387 2649 1441 2697 est.
1455 2645 1528 2708 Quid
1545 2648 1651 2700 deindo
1662 2649 1730 2701 liet?
1744 2646 1801 2710 Quo·

145 2737 173 2793 li.
189 2733 331 2793 Invenisti
346 2730 399 2788 tibi
420 2731 478 2787 vile
502 2731 690 2802 mancipium,
707 2747 863 2801 procacem
879 2747 944 2786 ver·
997 2733 1173 2801 tiesrunque
1186 2734 1349 2797 erncrserit,
1369 2733 1418 2803 qui
1441 2750 1497 2787 uon
1518 2735 1628 2802 eredat,
1645 2736 1728 2789 toties
1740 2736 1801 2804 virgo

112 2826 222 2895 aulam,
239 2840 292 2880 cur
306 2838 365 2878 nou
379 2819 510 2877 abutaris
535 2818 705 2891 pudibundo
723 2818 896 2890 ministerio,
916 2822 945 2875 el
996 2821 1202 2874 attrectabitur
1219 2821 1296 2888 r58pl
1313 2821 1384 2874 Nam
1406 2823 1432 2875 si
1452 2840 1580 2894 unquam
1602 2841 1635 2878 se
1655 2823 1802 2878 visitanter

114 2931 246 2990 exponas
272 2913 340 2986 ejus
371 2910 565 2979 modestiam3
591 2926 657 2963 curu
680 2909 845 2978 praesertim
872 2905 944 2962 nihil
997 2910 1141 2977 abnuerit,
1160 2910 1324 2963 secumdum
1338 2913 1537 2965 assertionem
1555 2917 1634 2966 tuam
1652 2914 1688 2966 de
1707 2912 1801 2966 crimine

114 3005 247 3064 sanctiue
256 3003 286 3059 iu
296 3000 413 3073 virgine
422 3001 470 3068 sil,
480 3013 566 3071 quam
574 2997 774 3053 verecundia?
788 2997 854 3052 Non
866 2998 945 3052 enim
998 2999 1195 3053 confitebitur.
1213 2998 1248 3052 m
1263 2999 1379 3053 facilius
1396 3003 1441 3053 est
1460 3005 1491 3054 ut
1515 3003 1632 3069 refutet,
1655 3002 1729 3072 quod
1749 3015 1803 3053 aua·

109 3111 196 3153 sacra
218 3094 305 3166 virgo
331 3093 363 3146 ut
386 3103 511 3159 corpore
538 3087 738 3142 tautummodo
768 3087 881 3160 integra
905 3088 945 3141 sit
997 3103 1084 3159 quum
1115 3088 1233 3155 fecerit,
1264 3104 1350 3158 quam
1380 3090 1457 3159 quod
1488 3089 1601 3144 feccrit,
1633 3089 1802 3144 variabuntur

111 3185 264 3260 quaeritur,
289 3183 317 3237 et
340 3194 399 3236 uon
424 3180 455 3234 ut
474 3177 504 3232 in
526 3175 664 3231 omnibus
686 3175 753 3247 ejus
777 3175 942 3231 inoffensus
997 3177 1088 3248 igilur
1102 3176 1290 3245 obstetrices,
1313 3193 1349 3231 ne
1378 3183 1526 3248 susceptae
1555 3180 1655 3248 alique
1684 3181 1802 3249 repetatur

111 3277 226 3332 maneat
240 3269 346 3344 pudor.
362 3269 455 3340 Virgo
472 3267 588 3321 Domini
607 3265 673 3320 suis
693 3270 739 3320 cst
754 3266 822 3320 nixa
839 3265 943 3320 fulcris
960 3246 1110 3337 Cgratao.
1130 3265 1191 3319 Erit
1208 3268 1306 3336 itaque
1327 3266 1401 3320 inlor
1422 3268 1533 3336 plureS,
1547 3285 1713 3340 quanquam
1724 3281 1802 3339 paura·

110 3364 205 3420 adsui
221 3359 436 3434 probationem,
452 3370 508 3411 nec
522 3353 627 3409 alienis
639 3353 758 3409 dotibus
774 3343 854 3426 eget,
864 3358 897 3409 ut
910 3370 943 3410 se
996 3371 1060 3409 rum
1071 3356 1156 3408 etiam
1168 3355 1196 3409 in
1208 3356 1324 3426 maguis
1335 3356 1458 3410 urbibus
1476 3356 1523 3410 hic
1541 3375 1614 3411 usus
1627 3355 1801 3412 medendisit:

111 3453 258 3526 virginem
272 3444 690 3522 probetzetnecnbditorum
702 3443 944 3514 occultorumque
996 3445 1060 3513 erit,
1077 3446 1206 3514 iuquam,
1238 3445 1284 3498 vel
1314 3445 1465 3516 rnalcvola,
1496 3447 1543 3500 arel
1571 3449 1716 3516 imperita,
1739 3456 1801 3516 quau

110 3541 266 3615 inspectio,
284 3537 338 3594 sed
353 3535 440 3592 obvia
455 3532 594 3590 omnibus
609 3533 753 3587 modestia
769 3533 945 3602 astipulatur
995 3534 1119 3604 pudoris
1148 3532 1278 3587 claustra
1293 3538 1478 3604 praelereant,
1509 3540 1537 3590 el
1567 3553 1621 3606 por
1652 3536 1802 3606 imper-illan

110 3629 281 3704 integritati.
309 3627 376 3683 Non
404 3623 501 3696 placet
528 3622 599 3693 Deo,
628 3637 716 3693 quam
739 3638 798 3676 non
821 3636 944 3676 suorum
996 3623 1111 3693 integro
1129 3627 1226 3676 uolam
1248 3623 1350 3694 affigat
1369 3624 1483 3693 pudori.
1504 3624 1595 3679 t'ides
1620 3626 1651 3678 iu
1674 3625 1748 3696 quod
1765 3636 1802 3693 pc·

109 3721 241 3795 gravitas
263 3731 378 3774 morum
401 3713 525 3784 probat:
556 3727 615 3767 non
639 3712 780 3782 probetur
807 3711 941 3781 Domino,
995 3713 1122 3766 riculurn
1151 3712 1275 3766 inducas
1309 3713 1484 3784 virginalem
1511 3714 1728 3784 professionem
1753 3711 1802 3765 duu

112 3808 282 3882 quaeunius
310 3803 480 3861 obstetricis
515 3801 627 3872 indiget
653 3802 833 3869 testimonio,
864 3798 943 3871 quod
997 3801 1187 3856 obstetricem
1204 3802 1399 3855 adlubcndaur
1417 3802 1566 3871 putas3ut
1581 3803 1643 3873 ,jam
1660 3821 1717 3858 nou
1731 3801 1803 3856 solun

109 3897 284 3969 plerumque
299 3893 441 3966 quaeritur
458 3891 562 3962 pretio.
586 3890 625 3943 [dn
648 3905 720 3962 ergo
741 3890 793 3944 abt
810 3889 943 3959 locuples
996 3892 1185 3954 verecundiae
1203 3909 1265 3946 suae
1282 3891 1447 3963 dispendio,
1465 3893 1518 3946 sed
1546 3894 1635 3947 etiam
1660 3887 1801 3948 obstetricis

111 3986 229 4042 videtur
242 3985 279 4039 ad
295 3983 393 4050 fldem,
410 3995 477 4052 quaa
494 3981 523 4034 et
540 3978 644 4033 redimi
663 3982 692 4031 et
709 3978 767 4032 falli
780 3983 895 4049 potest:
913 3982 944 4033 ut
997 3989 1108 4042 incer-10
1125 3983 1325 4056 periclitetur„

111 4076 235 4132 excuset
250 4086 340 4141 ream,
358 4074 386 4125 et
401 4071 512 4125 crimen
527 4069 619 4140 tegat,
635 4072 685 4121 aut
700 4067 823 4138 nesciet,
839 4071 866 4121 el
882 4083 942 4123 non
1033 4076 1076 4130 l0.
1093 4075 1118 4129 N
1123 4090 1178 4129 unc
1191 4072 1414 4127 consideremus
1425 4072 1503 4141 quod
1515 4071 1687 4126 obstetricis
1698 4067 1800 4124 offtciuu

110 4164 207 4238 possit
221 4162 363 4236 flagitium
379 4156 625 4230 deprehendere?
997 4165 1045 4221 sit.
1064 4164 1204 4235 Legimus
1221 4162 1307 4215 etiam
1330 4161 1357 4214 iu
1389 4160 1485 4214 Veteri
1508 4160 1697 4214 Testamenta
1724 4158 1800 4211 ohsle·

151 4244 223 4309 767
239 4252 266 4306 Ἰ.
283 4249 387 4322 Neque
402 4262 473 4302 veto
485 4245 556 4300 illud
574 4245 687 4316 Justttm
709 4245 846 4316 arbitror,
864 4247 943 4319 quod
996 4256 1097 4321 triceS,
1109 4248 1799 4320 sednoninspectriees,deniqueadpnrturicntca

113 4343 174 4400 tuis
203 4336 452 4412 comprehendisti
482 4335 598 4406 litteris,
623 4336 692 4407 quia
721 4336 780 4390 nisi
808 4336 942 4407 inspecta
996 4341 1248 4415 ingrediebantur,
1261 4356 1318 4394 non
1330 4339 1365 4392 ad
1377 4340 1572 4411 virgines3ut
1583 4343 1684 4409 partus
1695 4335 1801 4402 suscipt-

109 4433 209 4500 fuerit,
227 4429 382 4502 integritas
407 4425 597 4498 periclitetur,
619 4427 648 4481 el
672 4425 784 4480 incerto
814 4426 861 4480 sut
890 4427 942 4482 llu-
995 4437 1069 4499 rent,
1082 4448 1140 4485 non
1157 4432 1187 4483 ut
1198 4429 1341 4499 pudorem
1359 4430 1570 4482 examinarent.
1585 4427 1669 4482 Unde
1680 4431 1707 4481 et
1722 4426 1798 4499 obsta·

110 4514 943 4593 cluet.Ergoomnesquaelnspectaenonsunt,pcriculum
995 4523 1085 4575 trices
1100 4521 1153 4589 (59)
1169 4519 1265 4586 dictae,
1286 4533 1321 4572 eo
1350 4517 1429 4588 quod
1459 4518 1607 4571 obsistant
1637 4516 1744 4571 dolori:
1765 4505 1797 4562 etl

108 4610 264 4669 subierunt
287 4605 435 4681 pelleris?
465 4602 544 4678 Ergo
575 4608 603 4659 el
625 4620 691 4676 qum
712 4605 1073 4678 nupturaesuut,t)0e1·10
1090 4608 1217 4680 pignori,
1235 4623 1271 4662 ue
1282 4607 1387 4660 laxatis
1398 4606 1473 4661 uteri
1484 4607 1665 4677 genitalibus
1675 4599 1797 4663 claustrie,

995 4752 1186 4821 municipium
1208 4750 1283 4804 hatra]
1312 4749 1451 4819 ignobile,
1481 4749 1571 4819 cujus
1601 4749 1638 4802 ab
1667 4746 1752 4801 llltila.
1776 4742 1796 4792 ut

141 4752 198 4822 (eet
226 4752 257 4809 Si
273 4750 360 4823 cujus
390 4747 557 4805 interfuerit
605 4748 669 4803 lura
698 4748 734 4803 de
764 4748 819 4802 hac
851 4766 883 4804 re
912 4753 941 4805 ot

995 4826 1106 4891 volunt,
1120 4823 1184 4876 solo
1199 4822 1303 4891 aequam
1317 4821 1409 4874 ruinae
1423 4822 1557 4890 aposellam
1570 4821 1666 4874 adhuc
1678 4819 1796 4877 visuntur,

109 4820 302 4894 explicatiorn
316 4822 443 4888 discere,
461 4820 572 4876 illumn
614 4819 790 4886 archiatros,
808 4820 865 4873 hoc
884 4825 941 4891 est,

109 4894 259 4968 principes
275 4896 304 4949 in
320 4891 457 4949 medendi
471 4894 533 4946 erle
548 4891 734 4946 remittimus.
754 4892 871 4945 luteriut
887 4893 942 4946 ob-

109 4965 296 5021 servabimus
312 4981 370 5019 nou
386 4964 482 5018 solum
499 4979 515 5017 e
532 4962 669 5016 Patribus
690 4963 830 5016 Ambros.
852 4979 941 5034 quern

109 5035 221 5092 incerta
238 5037 277 5090 sit
290 5035 386 5105 turpis
402 5034 450 5088 illa
474 5033 653 5104 integritatis
682 5034 856 5103 exploratio,
887 5035 941 5089 do-

111 5109 212 5163 cuisse
223 5122 229 5175 3
242 5107 294 5161 sed
307 5105 576 5177 etiamCyprianutn
589 5105 674 5174 epist.
690 5107 727 5159 ad
739 5105 939 5176 l’ornpouium,

113 5179 162 5234 ubi
173 5179 316 5250 legimus:
337 5200 349 5225 a
365 5175 437 5231 Cum
453 5181 600 5231 almanus
616 5176 809 5232 obstetricum
825 5181 852 5230 et
868 5193 940 5232 oeu-

111 5251 159 5306 lus
175 5266 256 5320 soepe
272 5249 418 5303 fallantur.
437 5269 449 5298 a
466 5247 527 5302 lino
548 5264 618 5303 vero
640 5248 838 5317 periculosam
855 5249 941 5302 etiam

111 5338 181 5378 essc
197 5322 384 5393 Augustinus
400 5321 474 5374 satis
491 5318 610 5385 indicat,
627 5337 693 5373 eum
709 5321 758 5373 lih.
776 5320 837 5374 ille
849 5320 882 5373 Cr
890 5321 940 5374 rit.

111 5393 168 5450 Dei
196 5408 259 5464 cap.
275 5393 319 5463 te,
337 5392 375 5447 ita
390 5391 536 5462 loquitur:
556 5413 567 5437 a
583 5389 732 5445 Obstetrix
752 5391 880 5463 virginis
895 5407 943 5444 cu·

107 5436 228 5537 jusdam
244 5463 440 5537 integritatem
457 5474 545 5516 manu
573 5461 653 5515 velat
681 5462 852 5532 explorans,
877 5463 941 5517 sive

110 5536 327 5606 malevolentia,
345 5537 409 5591 siva
426 5532 553 5602 inscitia,
572 5532 636 5587 sive
652 5547 735 5602 casu,
752 5533 821 5588 dum
845 5534 942 5604 inspi-

111 5606 160 5678 cit,
198 5607 313 5664 erdidlt.
334 5628 359 5679 ιιι
571 5675 575 5684 Ι

146 5625 292 5749 (bifflss.
310 5678 431 5752 aliquot,
463 5697 474 5725 ι
510 5673 637 5730 sattim»
664 5677 742 5732 aut«
773 5672 877 5731 saltem
893 5675 940 5732 in·

111 5754 224 5850 epacta.
242 5770 254 5800 ι
271 5748 338 5811 Non
353 5748 427 5808 satie
438 5748 534 5822 rect03
551 5746 680 5806 Altinum
695 5747 773 5806 enlm
784 5746 838 5804 fuit
852 5744 942 5807 ttatte

996 4900 1025 4950 ul
1041 4896 1128 4949 trahit
1145 4895 1254 4948 Lcattd.
1273 4893 1411 4946 :tibertus
1428 4894 1454 4943 iu
1472 4892 1610 4945 tinctio
1638 4891 1794 4958 'lamisione

995 4965 1270 5021 lter-uuiaetcmubi
1289 4979 1393 5016 ornnes
1411 4964 1480 5016 edit.
1502 4964 1653 5025 exhibent,
1676 4982 1686 5010 a
1707 4956 1796 5030 Nireult

996 5038 1143 5091 cxlrilmui
1155 5036 1303 5100 eluctarii,
1318 5058 1329 5081 i·
1344 5050 1446 5088 onmes
1463 5051 1549 5101 mss,
1561 5034 1671 5104 legunt,
1686 5027 1795 5084 «ainau

995 5110 1165 5163 extribuno
1195 5112 1222 5160 ct
1248 5107 1371 5172 trolano,
1391 5128 1401 5152 ι
1420 5106 1594 5158 duriuscule
1619 5105 1738 5174 qaudam,
1758 5091 1797 5173 scit

995 5187 1091 5233 larueu
1107 5195 1165 5231 auu
1176 5194 1300 5247 prorsus
1314 5179 1487 5246 incongrue.
1502 5177 1600 5243 Huius
1610 5192 1696 5246 porro
1707 5166 1797 5227 Nireult

996 5251 1137 5305 l'uuliuus
1154 5250 1284 5301 meminit
1299 5251 1327 5301 in
1351 5249 1499 5301 brittuosii
1529 5248 1604 5311 tito,
1635 5251 1663 5302 et
1690 5240 1797 5319 eurudete

995 5339 1063 5377 csse
1080 5325 1210 5375 autumat
1225 5319 1404 5372 Godeitidus
1419 5335 1453 5371 ac
1470 5320 1632 5373 Niteuliuut
1649 5319 1798 5383 ittuiucupa

995 5393 1103 5447 mentio
1120 5394 1150 5445 lit
1167 5393 1194 5443 iu
1212 5391 1277 5461 lege
1296 5390 1339 5458 ll,
1356 5391 1424 5443 artui
1440 5390 1503 5458 di'l,
1524 5390 1593 5445 «Ne
1606 5395 1734 5445 sanctum
1747 5387 1799 5454 bap

995 5466 1254 5520 tismataaotur.»
1299 5484 1303 5490 ¹

1031 5537 1087 5605 tort)
1103 5534 1222 5588 alnrcrb.
1240 5535 1268 5586 et
1284 5547 1357 5586 mss.
1374 5532 1517 5604 nonnulli,
1535 5535 1623 5606 virgo
1647 5525 1805 5590 obtreclnbi·

995 5611 1052 5663 tur.
1073 5629 1083 5654 ι
1103 5606 1169 5659 Νοιι
1185 5619 1391 5674 pravoseusu.
1811 5646 1815 5655 ,
1840 5644 1842 5649 .

1031 5678 1087 5750 (59)
1104 5677 1232 5733 Vossius
1247 5677 1279 5732 in
1303 5675 1440 5748 Etymol,
1460 5679 1620 5750 postquam
1644 5675 1721 5733 hano
1740 5668 1813 5728 rocio

995 5748 1074 5818 attus
1091 5749 1237 5827 originem
1252 5747 1435 5825 memorant,
1451 5747 1533 5815 atta
1558 5748 1635 5815 urat
1656 5747 1717 5815 riti
1729 5741 1814 5827 matt
