3900 6128
166 304 205 368 71
895 299 928 363 S.
952 298 1174 364 AMBROSII.
1855 298 1896 362 72

169 507 237 562 Non
252 506 299 559 est
312 501 377 558 haec
392 499 556 573 probabilis
570 500 744 572 liberalitas,
755 499 781 556 si
795 498 921 573 adjuves
936 515 1004 556 eum
1018 478 1048 541 Α
1061 498 1290 572 aliquodjustus
1301 498 1489 555 excrucietur
1498 498 1578 566 (nam
1589 499 1645 556 etsi
1655 498 1793 555 omnibus
1802 499 1893 555 debe·

170 595 220 667 qui
231 593 376 648 adversus
388 590 506 645 viduam
518 590 684 662 etpupillos
700 590 785 662 gravi
796 587 1004 660 decernitjur-
1060 591 1109 644 tur
1127 589 1341 659 misericordia,
1362 591 1458 644 tamen
1467 589 1549 660 justo
1569 588 1707 659 amplius)
1725 591 1751 643 si
1762 590 1896 659 tempore

170 680 425 755 gio,autvialiqua
432 680 643 750 possessiones
651 680 1005 750 corumeripereconatur
1060 678 1229 734 afflictionis
1246 695 1309 734 suae
1325 678 1397 732 nihil
1413 694 1430 732 a
1444 681 1472 732 te
1488 679 1640 748 impetret:
1656 678 1681 732 si
1693 681 1826 748 tempore
1841 692 1896 748 pe-

205 771 267 824 145.
285 770 351 825 Non
365 769 506 839 probatur
524 767 657 840 largitas,
675 769 703 823 si
720 768 798 839 quod
819 767 902 824 alteri
914 767 1003 839 largi·
1060 767 1214 838 ricuiiquo
1231 767 1343 838 rapitur
1353 767 1389 821 ad
1401 771 1533 835 mortem,
1546 767 1613 838 plus
1628 767 1705 838 apud
1723 770 1751 821 te
1768 767 1896 835 pecunia

168 861 227 929 tur,
244 857 328 913 alteri
344 857 412 929 quis
435 859 628 928 extorqueat:
653 857 680 911 si
704 856 815 928 injusto
836 858 958 928 quaerat,
976 859 1004 911 et
1060 856 1224 925 tuavaleat,
1236 872 1324 927 quam
1335 856 1393 910 vita
1408 856 1552 911 morituri.
1566 856 1607 911 De
1629 871 1687 928 quo
1703 856 1826 926 pulchra
1838 855 1895 911 lob

167 946 248 1020 juste
274 945 507 1017 dispensandum
529 948 610 1016 putet
625 945 701 1017 (50);
724 945 782 1000 nisi
799 945 874 1000 forte
899 947 930 999 ut
954 943 1003 999 ille
1060 944 1893 1016 dixit:Benediatioperituriinmereniat(Jobxxrxltl).

169 1035 330 1091 Zacchaeus
345 1034 426 1106 (Luc.
443 1051 505 1104 xix,
523 1035 561 1104 8),
578 1034 687 1089 reddas
708 1034 791 1104 prius
808 1032 1004 1106 quadruplum
1096 1033 1157 1089 ilo.
1179 1034 1378 1090 Personarum
1389 1033 1508 1105 quidem
1519 1034 1599 1089 Deus
1611 1038 1749 1104 acceptor
1766 1037 1893 1103 nonest,

170 1125 197 1181 oi
212 1140 300 1198 quem
312 1123 497 1178 fraudaveris
508 1139 514 1178 :
525 1127 553 1178 et
563 1123 736 1194 gentilitatis
747 1123 817 1177 vitia
827 1119 1002 1178 iideistudio
1060 1122 1129 1195 quia
1140 1123 1222 1178 novit
1237 1123 1344 1179 omnia.
1358 1123 1421 1177 Nos
1437 1126 1534 1179 autem
1548 1124 1687 1178 omnibus
1706 1123 1824 1195 quidem
1841 1122 1896 1177 de-

170 1216 199 1270 ot
213 1213 362 1268 credentis
381 1212 550 1284 operatione
565 1227 752 1284 compenses.
769 1211 1003 1267 Fundamentum
1059 1211 1166 1268 bemus
1189 1212 1425 1268 misericordiam
1442 1228 1448 1267 :
1466 1214 1519 1267 sed
1540 1213 1607 1284 quia
1632 1213 1765 1283 plerique
1790 1211 1895 1266 fraude

169 1301 261 1375 igitur
275 1301 382 1357 habeat
397 1300 559 1357 liberalitas
575 1304 634 1357 tua.
1061 1316 1125 1356 eam
1141 1304 1286 1374 quaeiunt,
1307 1304 1336 1355 et
1346 1301 1492 1373 affingunt
1504 1316 1683 1372 aerumnam:
1699 1301 1748 1365 40
1763 1301 1829 1355 ideo
1845 1299 1898 1354 ubi

206 1391 268 1446 ito.
282 1390 483 1461 ilocprimum
495 1390 647 1462 quaeritur,
662 1394 694 1446 ut
709 1405 776 1446 cum
786 1390 843 1446 fide
855 1390 1003 1461 conferas,
1062 1404 1151 1444 causa
1164 1389 1383 1461 manifestatur,
1400 1405 1529 1460 persona
1548 1389 1756 1461 cognoscitur,
1773 1393 1897 1460 tempus

172 1480 306 1536 fraudem
321 1494 381 1534 non
396 1478 490 1534 facias
511 1478 636 1549 oblatis3
653 1495 690 1535 ne
710 1479 792 1534 dicas
807 1482 834 1535 te
849 1479 916 1550 plus
932 1494 1004 1534 con·
1061 1481 1163 1550 urget,
1185 1478 1298 1549 largius
1322 1495 1355 1534 se
1380 1479 1467 1533 debat
1480 1479 1660 1550 profundere
1674 1477 1895 1533 misericordia.

172 1568 261 1639 ferre,
279 1571 307 1623 et
321 1568 419 1623 minus
441 1567 589 1623 couforas.
605 1568 681 1634 Quid
702 1569 779 1623 enim
799 1584 873 1639 opus
893 1571 939 1623 est
958 1567 1004 1621 di·
1061 1567 1128 1622 Non
1140 1569 1336 1623 enimavarus
1352 1568 1495 1623 Dominus
1511 1571 1571 1637 est,
1590 1568 1792 1638 utplurimum
1808 1582 1894 1637 quae-

172 1658 266 1714 ceret
279 1657 375 1713 Fraus
390 1657 532 1727 promissi
543 1660 607 1712 est:
626 1658 655 1712 in
667 1660 715 1712 tua
730 1658 873 1728 potestate
889 1658 936 1711 est
948 1656 1005 1710 lar·
1061 1659 1115 1711 rat.
1134 1657 1242 1712 Beatus
1256 1657 1376 1728 quidem
1390 1657 1440 1729 qui
1457 1657 1574 1711 dimittit
1585 1657 1699 1725 omnia,
1715 1659 1743 1710 et
1761 1657 1898 1726 sequitur

172 1746 230 1821 giri
245 1746 324 1819 quod
338 1736 426 1800 velis.
436 1745 530 1801 Fraus
542 1745 764 1800 fundamentum
775 1745 874 1815 solvit,
889 1747 1004 1815 etopus
1019 1780 1047 1842 B
1062 1760 1129 1800 eum
1146 1760 1152 1799 :
1174 1746 1226 1801 sed
1247 1749 1274 1800 et
1289 1746 1337 1800 ille
1348 1745 1453 1801 beatus
1470 1749 1532 1812 esi,
1550 1745 1600 1816 qui
1616 1745 1694 1817 quod
1716 1745 1803 1799 babet
1818 1744 1897 1813 (54),

172 1836 292 1892 corruit.
309 1834 459 1906 Numquid
475 1833 580 1889 Petrus
591 1839 628 1889 ita
640 1835 842 1905 indignatione
854 1832 1001 1903 eiierbuit,
1062 1848 1099 1888 ex
1114 1832 1220 1889 aiiactu
1231 1834 1310 1889 facit.
1324 1835 1457 1906 Denique
1478 1835 1536 1889 duo
1548 1850 1606 1889 aeia
1620 1834 1717 1888 viduae
1728 1834 1808 1888 illius
1824 1833 1899 1887 divi·

170 1929 203 1982 ut
215 1924 359 1980 Ananiam
373 1923 525 1995 exstingui
536 1922 689 1993 vellet,vei
707 1938 831 1978 uxorem
845 1921 1003 1994 ejusfdct.
1061 1927 1124 1980 tum
1138 1923 1312 1979 muneribus
1328 1925 1457 1994 praetulit
1471 1923 1554 1993 (Luc.
1570 1940 1631 1991 xxi,
1654 1922 1682 1992 3)
1695 1938 1702 1991 ;
1718 1922 1787 1994 quia
1805 1925 1899 1977 totum

171 2032 201 2087 v,
216 2014 233 2070 3
249 2016 278 2070 et
292 2012 385 2084 seq.)‘?
399 2011 458 2067 Sed
474 2012 609 2083 exemplo
621 2028 723 2068 eorum
735 2012 828 2068 noluit
838 2011 935 2083 perire
951 2027 1004 2066 caa-
1062 2014 1112 2068 illa
1128 2013 1205 2083 quod
1224 2012 1335 2083 babuit,
1354 2012 1476 2067 contulit
1496 2012 1562 2086 :iiii
1578 2016 1674 2067 autem
1689 2027 1727 2065 ex
1742 2011 1899 2066 abundan-

171 2108 264 2160 taros.
1062 2103 1103 2157 tia
1130 2104 1243 2172 partem
1265 2102 1404 2174 exiguam
1430 2101 1624 2156 contulerunt.
1652 2099 1783 2155 Affectus
1806 2101 1899 2172 igitur

208 2192 269 2247 ill.
286 2192 349 2247 Nec
364 2191 413 2245 illa
429 2190 560 2261 perfecta
571 2193 617 2246 est
632 2190 804 2259 liberalitas,
817 2190 843 2244 si
856 2189 1007 2261 jactantiae
1068 2190 1187 2245 divitem
1200 2189 1384 2246 collationem
1395 2192 1444 2245 aut
1454 2206 1613 2261 pauperem
1625 2189 1704 2259 facit,
1727 2192 1755 2244 ct
1773 2189 1901 2259 pretium

173 2282 264 2337 clauso
279 2279 375 2353 magis
391 2295 478 2351 quam
493 2279 707 2334 misericordia:
722 2279 860 2351 largiaris
874 2279 941 2349 (51).
958 2278 1010 2333 Af·
1067 2279 1159 2334 rebus
1175 2279 1307 2350 imponit.
1323 2278 1469 2335 Caeterum
1494 2279 1637 2335 Dominus
1653 2294 1712 2334 uon
1733 2279 1796 2333 vult
1810 2278 1901 2333 simul

172 2370 269 2426 fectus
292 2372 361 2424 tuus
376 2383 483 2423 nomen
498 2367 621 2439 imponit
641 2368 723 2439 operi
748 2370 815 2423 tuo:
833 2367 1011 2440 quomodoa
1068 2367 1178 2422 eiiundi
1193 2384 1265 2439 opes
1274 2369 1341 2439 (55),
1355 2368 1408 2423 sed
1420 2369 1588 2439 dispensari
1596 2369 1682 2439 (Dist.
1697 2367 1742 2436 85,
1758 2384 1784 2422 o.
1801 2368 1901 2422 Domi·

173 2462 202 2515 te
214 2457 424 2530 proficiscitur,
437 2457 482 2511 sic
498 2456 764 2512 aesiimatnr.Vides
776 2472 862 2528 quam
869 2455 1011 2511 moralem
1068 2473 1124 2512 nus
1135 2473 1190 2512 non
1209 2456 1280 2527 vult)
1297 2456 1375 2512 :nisi
1389 2457 1465 2512 forte
1481 2459 1511 2511 ut
1527 2456 1756 2512 Eiisaeusboves
1768 2472 1842 2511 suos
1852 2471 1899 2511 oc·

169 2546 304 2621 judicem
319 2546 443 2601 habeas.
460 2546 501 2601 Te
517 2546 656 2615 consulit,
672 2546 820 2617 quomodo
837 2561 912 2616 opus
928 2548 1010 2600 tuum
1067 2546 1154 2615 cidit,
1181 2549 1209 2600 et
1229 2545 1308 2616 pavit
1328 2561 1475 2617 pauperes
1497 2561 1534 2600 ex
1556 2561 1590 2600 eo
1615 2546 1695 2617 quod
1719 2545 1820 2600 babuit
1842 2544 1904 2613 (fil

173 2635 328 2706 suscipiat,
346 2638 473 2690 mentem
489 2636 567 2688 tuam
583 2634 665 2704 prius
682 2634 855 2706 interrogat.
873 2633 1008 2703 Nesciat,
1067 2635 1140 2706 ΗΘ).
1157 2652 1219 2703 xix,
1234 2633 1301 2704 ai);
1322 2635 1449 2689 utnulla
1472 2651 1541 2689 cura
1554 2638 1704 2689 teneretur
1719 2634 1895 2704 domestica,

173 2722 1008 2795 inquit,sinistratua,qnidfaeiatdexteratuatffattbm,
1067 2724 1121 2779 sed
1136 2723 1248 2778 relictis
1272 2723 1421 2794 omnibuS,
1438 2723 1671 2794 indisciplinam
1694 2738 1727 2777 se
1742 2722 1899 2794 propheti-

174 2811 212 2883 8).
230 2811 297 2867 Non
311 2810 347 2866 de
372 2826 497 2882 corpore
516 2811 655 2882 loquitur,
676 2812 731 2866 sed
750 2811 837 2866 etiam
851 2811 1010 2866 unanimus
1068 2828 1132 2867 cam
1147 2812 1239 2867 daret.

175 2903 255 2970 tuus,
271 2900 363 2955 irater
377 2902 446 2955 tuus
462 2898 541 2972 quod
564 2898 639 2954 facis
664 2900 798 2969 nesciat3
814 2915 850 2955 ne
876 2901 944 2954 dum
961 2900 1010 2955 hic
1104 2901 1165 2956 150.
1186 2900 1239 2956 Est
1255 2901 1342 2956 etiam
1362 2901 1412 2955 illa
1422 2901 1573 2972 probanda
1586 2901 1747 2958 liberalitas
1756 2901 1842 2971 (Dist.
1856 2901 1902 2972 86,

174 2990 342 3045 mercedem
364 2989 476 3061 quaeris
495 2988 657 3060 iactantiae,
681 2988 741 3043 illic
763 2988 1010 3045 remunerationis
1068 3007 1094 3046 o.
1111 2990 1168 3045 Est
1175 2991 1353 3062 probanda),
1370 2994 1400 3044 ut
1415 2991 1567 3060 proximos
1577 2991 1702 3045 seminis
1717 2991 1760 3046 tui
1768 3006 1826 3046 non
1836 2990 1904 3045 des·

173 3079 304 3135 fructum
318 3078 445 3132 amittas.
462 3077 597 3132 Perfecta
608 3080 706 3132 autem
716 3081 762 3132 est
773 3077 946 3147 liberalitas,
959 3078 1050 3142 ubic
1067 3080 1172 3151 picino,
1189 3081 1216 3134 si
1231 3094 1321 3150 egere
1338 3095 1507 3152 cognoscas
1522 3079 1589 3151 (56).
1602 3079 1709 3135 Melius
1725 3082 1771 3134 est
1781 3080 1903 3134 enimut

175 3167 294 3224 silentio
310 3166 378 3239 quis
395 3166 468 3238 tegit
478 3181 554 3237 opus
567 3182 664 3236 suum,
676 3169 704 3221 et
714 3166 944 3222 necessitatibus
954 3167 1012 3222 sin·
1068 3155 1306 3239 ipse'subvenias
1317 3168 1386 3234 tuis,
1403 3168 1512 3239 quibus
1523 3169 1619 3238 pudor
1628 3171 1674 3222 est
1687 3168 1723 3222 ab
1740 3167 1807 3222 aliis
1818 3184 1902 3223 sum-

174 3256 313 3330 gulorum
335 3256 450 3311 occulte
466 3255 619 3311 subvenit:
639 3271 727 3327 quem
741 3255 840 3310 laudat
853 3272 888 3312 οε
903 3271 1012 3327 paupe·
1067 3259 1149 3329 ptum
1165 3257 1338 3328 deposcere,
1354 3259 1404 3310 aut
1419 3256 1507 3311 alicui
1515 3256 1665 3326 postulare
1676 3256 1845 3311 subsidium
1854 3272 1904 3312 ae-

174 3347 228 3416 ris,
246 3349 275 3400 et
289 3361 348 3400 non
368 3345 446 3400 labia
466 3360 530 3400 sua.
1069 3347 1218 3402 cessitati:
1238 3362 1297 3400 non
1315 3349 1412 3399 tamen
1431 3348 1462 3400 ut
1477 3345 1519 3399 illi
1529 3345 1652 3401 ditiores
1664 3362 1698 3401 eo
1717 3345 1899 3412 derivabat,

212 3435 273 3490 148.
290 3434 401 3489 Deinde
417 3433 548 3503 perfecta
564 3432 727 3489 liberalitas
747 3434 804 3504 (53)
820 3434 905 3505 (Dist.
921 3430 966 3504 86,
984 3450 1010 3488 c.
1068 3436 1147 3509 quod
1163 3439 1193 3489 tu
1207 3439 1292 3506 potes
1308 3434 1444 3489 conferre
1458 3434 1598 3505 inopibus
1609 3451 1616 3502 ;
1629 3451 1719 3490 causa
1732 3436 1901 3506 enimprae-

174 3523 243 3580 Non
257 3520 362 3594 satis&
377 3522 522 3578 Perfecta
539 3522 720 3593 liberalitas)
735 3523 803 3593 lide,
816 3538 916 3583 causa.
934 3523 1010 3594 loco,
1069 3528 1136 3594 stat,
1152 3541 1211 3580 non
1229 3524 1333 3595 gratia.
1352 3524 1456 3594 Neque
1475 3524 1552 3578 onim
1568 3526 1723 3594 propterea
1735 3529 1764 3578 te
1774 3523 1901 3578 Domino

175 3617 307 3685 tempore
322 3611 561 3668 commendatur:
578 3616 609 3666 ut
634 3613 761 3683 primum
784 3613 917 3683 opereris
933 3612 1012 3667 circa
1069 3614 1184 3682 dicasti,
1208 3616 1239 3667 ut
1263 3616 1330 3668 tuos
1354 3613 1461 3666 divites
1486 3612 1579 3666 iacias
1596 3629 1602 3667 :
1619 3612 1720 3667 sedat
1742 3613 1833 3666 vitam
1848 3612 1902 3667 tibi

176 3702 357 3759 domesticos
368 3700 583 3756 fideiGrandis
594 3701 679 3771 culpa
690 3702 728 3771 si,
741 3702 854 3756 sciente
864 3703 901 3766 te,
915 3700 1011 3755 fidelis
1067 3706 1238 3773 perpetuam
1254 3700 1351 3755 fructu
1367 3701 1436 3755 boni
1462 3700 1561 3771 operis
1579 3702 1736 3772 acquiras,
1753 3704 1781 3755 et
1804 3702 1901 3771 pretio

177 3794 280 3865 egeat:
298 3791 324 3845 si
339 3791 420 3846 scias
436 3805 503 3846 eum
518 3789 584 3845 sine
595 3792 715 3860 sumptu
724 3805 804 3860 esse,
817 3790 925 3844 famem
936 3789 1011 3844 tole·
1068 3791 1267 3846 miserationis
1279 3792 1400 3860 peccata
1415 3790 1544 3844 redimas
1556 3792 1614 3844 tua.
1627 3789 1734 3844 Putant
1743 3805 1777 3844 se
1794 3805 1900 3860 parum

176 3894 243 3937 rare
258 3879 325 3951 (53),
346 3894 508 3934 aerumnam
529 3878 653 3948 perpeti,
674 3879 725 3949 qui
739 3879 907 3949 praesertim
921 3893 1011 3950 egere
1067 3881 1208 3952 poscere?
1219 3879 1348 3933 Pretium
1358 3883 1441 3933 tuum
1453 3881 1603 3949 quaerunt,
1616 3879 1685 3933 vitoe
1696 3881 1754 3933 iuae
1771 3877 1900 3933 fructum

177 3969 351 4026 erubescat:
380 3967 407 4022 si
436 3967 466 4021 in
496 3983 616 4021 causam
641 3967 781 4021 ceciderit
808 3969 858 4022 aut
887 3966 1011 4037 captivi·
1068 3970 1197 4024 adimere
1209 3969 1399 4036 contendunt,
1416 3966 1581 4038 etsejuste
1598 3967 1696 4023 iacere
1712 3970 1815 4038 putant
1830 3967 1901 4037 (57).

177 4058 247 4116 tatis
263 4071 396 4126 suorum,
413 4058 463 4110 ant
478 4055 642 4127 calumniae,
659 4059 687 4111 et
702 4071 761 4110 non
776 4055 902 4127 adjuves
915 4072 923 4124 ς
935 4056 963 4110 si
973 4056 1014 4110 sit
1069 4058 1106 4113 Et
1118 4060 1239 4113 accusat
1254 4056 1333 4129 quod
1348 4072 1416 4111 eum
1435 4056 1555 4111 divitem
1571 4071 1629 4111 non
1647 4056 1773 4126 feceris,
1792 4071 1859 4110 cum
1874 4059 1903 4111 te

178 4147 210 4202 in
225 4161 355 4215 carcere,
372 4147 401 4200 et
414 4144 522 4216 peanis,
539 4147 567 4199 et
578 4144 733 4218 suppliciis
748 4149 869 4216 propior
883 4144 1013 4199 debitum
1069 4147 1118 4201 ille
1133 4147 1204 4202 velit
1219 4150 1338 4202 aeternae
1353 4145 1422 4200 vitae
1437 4144 1574 4200 fraudare
1590 4145 1737 4201 mercado.

214 4286 439 4360 (coiciatur
457 4285 554 4368 Ome,
571 4302 639 4368 pag.
660 4286 723 4358 356,
740 4287 791 4342 lin.
809 4287 861 4343 td:
885 4309 896 4336 r
914 4286 950 4342 Et
964 4287 1015 4358 qui
1071 4292 1129 4343 ant.
1147 4289 1216 4344 edit.
1232 4303 1266 4343 ac
1282 4288 1409 4343 maximo
1429 4304 1552 4365 numero
1573 4303 1647 4342 mss.
1671 4304 1704 4343 ca
1720 4291 1817 4342 tamen
1842 4303 1903 4342 non

178 4360 246 4416 aliis
260 4362 377 4429 nocent,
394 4362 426 4413 ut
449 4358 478 4413 in
502 4358 577 4412 alios
600 4358 741 4413 liberales
768 4359 837 4429 sint,
863 4359 893 4413 in
913 4358 1015 4413 eadem
1072 4361 1169 4415 solum
1193 4360 1224 4414 in
1240 4360 1308 4415 edit.
1332 4361 1415 4414 liom.
1441 4361 1497 4415 scd
1522 4360 1608 4414 etiam
1629 4360 1659 4413 in
1680 4375 1753 4414 mss.
1777 4361 1905 4430 quatuor

179 4436 249 4488 sunt
265 4430 420 4502 injustitia,
444 4451 455 4477 a
478 4434 534 4484 etc.
1072 4431 1204 4487 invenire
1221 4435 1277 4485 est.
1294 4430 1512 4484 iutraveroulii
1527 4430 1595 4499 edit,
1608 4446 1722 4499 omncs,
1741 4430 1905 4484 Consilium

215 4503 272 4573 (51)
288 4502 372 4569 lbid.‚
389 4517 457 4572 pag.
475 4498 537 4570 357,
554 4499 605 4554 lin.
617 4499 650 4581 3:
679 4521 690 4550 a
709 4500 816 4556 Videre
840 4501 927 4554 etiam
943 4501 1012 4555 lieet
1029 4475 1056 4537 D
1069 4499 1373 4576 praemisimussmss.
1387 4501 1599 4556 ferendunum
1614 4501 1726 4572 legunt,
1741 4500 1904 4555 Consilium

178 4575 339 4646 plerosque
354 4589 413 4627 non
428 4575 487 4626 tam
503 4573 606 4626 natura
622 4571 772 4642 liberales,
788 4587 876 4642 quom
891 4571 1016 4645 quadam
1069 4573 1277 4647 prompsimus.
1312 4572 1413 4626 Obiter
1439 4576 1536 4626 autem
1565 4571 1764 4626 animadverte
1794 4576 1903 4642 quanta

179 4645 275 4718 gioria
290 4645 406 4710 ductos,
426 4664 436 4691 ιι
458 4645 514 4697 otc.
825 4650 829 4655 ’
1072 4644 1223 4699 Ambrosii
1238 4643 1392 4713 prudentia
1408 4642 1456 4697 hic
1470 4644 1650 4712 innotescat,
1668 4658 1734 4714 quae
1749 4644 1788 4696 iia
1803 4643 1904 4713 pietati

216 4714 373 4784 (odilina,
400 4715 503 4768 iimti:
534 4715 692 4770 «Tertium
718 4717 763 4768 ost
781 4729 834 4784 pro
858 4714 966 4769 ositum
985 4718 1017 4769 ut
1073 4717 1152 4804 quod
1169 4730 1255 4769 suum
1272 4717 1327 4781 est,
1339 4713 1472 4782 ascribit,
1484 4717 1515 4767 ut
1531 4714 1604 4767 nihil
1620 4714 1751 4768 detrabat
1766 4713 1903 4784 justitiae.

179 4786 211 4842 in
225 4784 398 4839 iiberalitate
414 4784 557 4856 delectus,
577 4809 588 4836 ι
605 4789 661 4841 etc.
679 4786 750 4839 Item
759 4786 810 4840 lin.
820 4731 873 4840 33:
888 4808 898 4832 r
916 4785 974 4841 Sed
986 4786 1016 4840 in
1073 4787 1189 4842 Etenim
1204 4785 1321 4856 pietatis
1336 4789 1381 4838 cst
1396 4789 1540 4857 cognatos
1556 4784 1721 4856 affinesque
1744 4785 1774 4838 in
1790 4784 1905 4838 beneti-

182 4855 355 4912 collocando
370 4855 526 4925 beneficio,
541 4880 552 4907 ιι
571 4862 626 4912 etc.
1073 4858 1167 4912 centia
1178 4856 1348 4911 collocanda
1363 4872 1422 4910 non
1433 4856 1594 4926 praeterire,
1611 4856 1665 4910 sed
1682 4871 1733 4910 eos
1743 4855 1907 4925 primorum

218 4927 264 4997 (53
291 4925 365 4980 Μεε.
382 4926 495 4995 aliquot
509 4931 537 4981 et
550 4933 608 4983 vet.
626 4928 707 4998 edit,
724 4927 800 4982 fame
810 4925 960 4983 laborare.
1072 4943 1233 4999 pauperum
1250 4927 1359 4982 habere
1375 4926 1441 4982 loco
1454 4927 1594 4998 :justitiae
1611 4941 1692 4995 vero,
1708 4942 1767 4981 non
1783 4925 1851 4981 illos
1867 4942 1906 4981 ex

217 4998 262 5067 (aa
289 4997 365 5051 Edit.
383 4995 493 5050 ultimae
509 4997 604 5053 Paris.
617 5014 683 5052 cum
698 5014 756 5053 uno
768 5003 817 5052 aut
827 4999 918 5054 altero
928 5014 1014 5066 mss,
1072 5016 1107 5054 eo
1119 5000 1198 5070 quod
1213 4999 1280 5052 aliis
1299 4997 1623 5068 debeturpnuperibuS‚
1637 4997 1739 5052 ditare.
1753 4996 1817 5051 Nec
1833 5012 1906 5052 vero

183 5067 343 5143 quidquod
357 5066 584 5123 debet:melius
606 5069 672 5124 aliae
693 5086 727 5124 ac
749 5070 802 5124 reli
826 5070 949 5140 uicod.‚
967 5069 1017 5143 qui
1072 5070 1300 5126 existimandum
1323 5073 1369 5124 est
1400 5069 1456 5124 hoc
1483 5068 1573 5122 veluti
1596 5068 1718 5138 majoris
1747 5067 1905 5138 cujusdam

183 5140 258 5215 quod
272 5138 371 5219 babet,
389 5138 505 5208 supple,
521 5139 552 5220 in
566 5146 728 5212 potestate:
745 5144 776 5195 ut
797 5087 890 5196 niara
909 5158 968 5211 xiv,
987 5140 1014 5211 8,
1071 5141 1264 5213 perfectionis
1289 5156 1358 5196 esse
1382 5140 1554 5205 consilium,
1570 5138 1681 5210 alioqui
1706 5139 1783 5193 enim
1808 5140 1906 5195 neuti-

183 5211 258 5286 quod
274 5208 378 5265 liabmt
392 5209 455 5264 baec
469 5209 553 5265 fecit.
1072 5229 1160 5286 quam
1174 5212 1341 5280 adderetur,
1362 5219 1391 5266 et
1411 5217 1530 5266 accusat
1542 5210 1691 5284 quodcum
1706 5210 1830 5265 divitem
1849 5227 1907 5267 non

220 5281 277 5353 (55)
292 5280 353 5336 Cic.
369 5280 410 5334 lib
427 5298 436 5334 1
457 5296 525 5353 pag.
543 5282 596 5337 356
610 5281 661 5337 lin.
677 5282 731 5338 49:
757 5283 839 5336 Alter·
854 5289 915 5340 erat
930 5284 1015 5339 locus
1072 5285 1194 5353 feceris,
1208 5300 1271 5338 cum
1281 5289 1309 5338 te
1320 5282 1372 5336 ifle
1383 5283 1454 5337 relit
1464 5291 1586 5337 aeternae
1600 5282 1667 5336 rita³
1678 5281 1821 5337 fraudare
1830 5298 1907 5336 nico

182 5353 339 5421 cautionis,
359 5374 369 5398 ι
388 5354 443 5406 otc.
470 5352 541 5406 liam
563 5369 631 5425 pag.
648 5354 700 5408 358
715 5353 766 5407 lin.
783 5354 817 5408 o:
837 5376 848 5404 ιι
866 5355 924 5410 Sed
940 5370 1016 5427 quo-
1073 5355 1155 5411 code.
1182 5355 1345 5410 l'acessant
1359 5353 1450 5426 igilur
1471 5354 1567 5423 inepta
1582 5369 1619 5408 ou
1640 5353 1750 5408 iditatis
1767 5353 1905 5408 humanm

182 5427 263 5485 niam
279 5424 372 5506 copiae
387 5438 488 5494 parvae
503 5428 582 5494 sunt,
602 5447 613 5472 ι
630 5427 685 5479 eto.
1071 5427 1251 5500 tegumenta.
1279 5423 1423 5480 Ecclesiae
1443 5440 1595 5498 nunquam
1617 5369 1673 5480 fuit
1694 5423 1751 5480 boc
1765 5424 1906 5506 proposi-

218 5495 275 5569 (56)
299 5495 385 5565 lbid.,
407 5510 475 5567 pag.
501 5494 564 5564 358,
580 5495 632 5551 lin.
658 5495 712 5551 ao:
736 5493 794 5550 Sed
816 5495 843 5550 si
868 5497 1016 5555 contentio
1071 5501 1134 5554 tum
1149 5496 1197 5554 vei
1225 5495 1390 5552 sacerdotis
1418 5494 1511 5569 luxui,
1541 5495 1588 5554 vel
1613 5509 1906 5575 consanguineorum

181 5568 318 5651 quaedam
334 5569 363 5622 et
378 5566 557 5648 comparatio
571 5566 632 5637 ilat,
652 5588 664 5615 ι
681 5567 737 5623 eto.
1073 5568 1142 5646 eiua
1157 5565 1310 5629 ambitioni
1325 5565 1511 5629 satisfacere.

219 5639 276 5727 (oi)
291 5638 476 5719 litaepasta
489 5634 593 5698 facere
604 5641 720 5716 potant,
736 5637 846 5699 absunt
859 5637 964 5700 isthac
978 5639 1015 5702 ab
