3900 6128
88 239 141 333 Q!
486 240 617 307 maan
634 241 690 306 DE
712 241 853 313 LAPSU
871 240 1071 309 VIRGINIS.
1095 281 1131 291 —
1153 245 1409 314 ADMONITIO.
1765 256 1827 326 882

103 440 262 507 ,titatboc
277 458 353 515 opus
368 443 500 500 secunda
523 442 656 515 synodus
672 443 790 513 Duriae,
815 444 872 500 sub
887 444 1057 501 nominibus
1081 447 1232 504 Ambrosii
1247 452 1334 522 atque
1361 451 1544 526 Hieronymi,
1560 456 1589 511 et
1612 472 1717 514 revera
1747 458 1827 516 inter

85 536 221 603 iusque
235 547 328 603 opera
343 533 416 588 illud
429 533 584 604 reperitur,
602 532 745 587 Erasmus
757 534 787 588 in
802 535 867 589 suis
883 535 1053 590 eorumdem
1070 537 1189 593 Patrum
1210 540 1389 597 editionibus
1405 559 1531 599 censura
1547 547 1674 603 maxime
1700 548 1823 606 diversa

85 622 173 693 *μιιιιι
187 619 293 677 allicit.
310 622 383 678 Cum
398 623 477 679 enirn
491 623 521 677 iu
537 622 765 693 llioronymiana
779 623 906 678 editione
921 624 1143 694 pronuntiasset
1163 628 1273 699 stylum
1288 630 1383 701 palam
1397 646 1523 704 arguare
1539 650 1600 692 non
1623 652 1692 692 esse
1711 638 1822 695 Hiero-

85 709 161 781 qni,
178 715 307 782 gustum
323 727 393 766 vcro
409 711 555 784 phraseos
569 711 711 769 accedere
726 712 764 766 ad
779 712 939 784 Augustini
953 714 1135 784 orationem;
1152 720 1254 772 contra
1269 718 1299 773 in
1321 719 1640 779 Ambrosianaasserit
1654 726 1734 795 (cum
1749 729 1820 783 Per·

85 798 175 855 nasio
192 802 223 854 et
238 800 436 872 Hospiniano)
451 800 694 872 declamationem
711 817 787 870 esse,
802 800 897 873 qualis
913 806 959 857 est
973 801 1025 857 illa
1039 803 1072 858 S.
1088 803 1265 878 Hieronymi
1280 806 1428 863 demetra
1445 815 1474 863 et
1494 808 1556 865 lilia
1578 814 1824 873 reconciliandis.

85 885 166 955 inm
182 888 410 945 similitudinem
425 889 453 944 si
469 889 644 945 elocutionis
660 889 814 962 intelligat,
831 888 904 943 nihil
919 893 1044 963 utroque
1059 892 1110 946 illo
1122 891 1237 964 judicio
1252 896 1350 964 potest
1365 912 1434 951 esse
1463 897 1692 969 discrepantius.
1710 905 1747 955 At
1762 902 1825 958 ior-

85 977 166 1033 utre
181 993 252 1033 eam
266 978 296 1032 in
311 977 368 1033 hoc
383 979 449 1034 solo
463 979 589 1049 positam
605 979 707 1047 voluit,
724 979 803 1051 quod
818 979 921 1034 ambas
937 979 1011 1035 istas
1027 983 1289 1038 commentationes
1305 984 1535 1041 declamationes
1545 988 1657 1057 putavit
1674 1005 1753 1059 esse,
1766 991 1822 1046 hoc

85 1066 153 1147 ut,
143 1083 179 1122 ιιι
195 1066 267 1123 licto
281 1071 456 1140 argumento
471 1068 539 1137 styli
555 1067 713 1123 exercendi
729 1068 823 1141 gratia
838 1068 977 1138 scriptas.
994 1067 1105 1140 ltaque,
1123 1069 1302 1126 nihilmotus
1322 1071 1377 1127 hac
1392 1073 1593 1144 similitudine,
1606 1075 1755 1131 Marianus
1773 1079 1826 1132 Vi·

85 1156 134 1211 ια·
148 1155 243 1227 hunc,
260 1156 365 1228 daqua
379 1157 506 1230 agimuS,
521 1157 553 1212 in
568 1157 706 1212 editionis
721 1172 785 1212 suae
801 1156 1040 1228 Hieronymianae
1065 1157 1170 1229 rejecit
1185 1160 1396 1229 Appendicem
1413 1162 1632 1234 Verumtamen,
1653 1164 1771 1220 Erasini
1790 1166 1826 1224 da

85 1244 169 1317 pins
185 1260 258 1300 cum
273 1245 401 1301 dictione
415 1246 574 1318 Augustini
590 1245 730 1301 affinitate
743 1245 890 1316 judicium
916 1245 1130 1315 perstrinxisse
1147 1250 1313 1319 contentus,
1340 1265 1393 1304 cur
1407 1251 1540 1306 eamdem
1555 1252 1736 1325 Hieronymo
1752 1271 1820 1312 ora·

85 1331 182 1398 lidorii
197 1333 439 1406 abjudicandam,
455 1351 581 1406 prorsus
597 1335 709 1390 reticet.
727 1334 845 1406 Atqua'
838 1351 867 1388 ιιι
882 1336 1019 1405 promptu
1034 1338 1096 1390 arat
1115 1351 1153 1390 ex
1168 1336 1305 1408 ejusdem
1331 1340 1429 1410 operis
1446 1340 1571 1396 lectione
1586 1344 1731 1398 rationem
1746 1344 1826 1400 illius

85 1420 242 1503 *eruere
257 1424 337 1479 omni
352 1425 526 1494 exceptione
541 1424 694 1496 majorem.
711 1424 824 1478 Auctor
838 1422 987 1494 siquidem
1004 1423 1178 1494 episcopum
1195 1441 1264 1481 esse
1279 1442 1313 1482 se
1327 1429 1440 1498 passim
1455 1429 1574 1501 indicat,
1590 1431 1669 1503 quod
1685 1432 1828 1505 Hierony·

85 1524 124 1581 ῳ
136 1526 200 1566 non
216 1526 385 1583 congruere
401 1513 518 1584 ignorat
533 1527 630 1567 nemo.

111 1596 257 1666 Οιιιιιιιιιιι
271 1604 369 1654 autem
392 1616 452 1656 non
467 1604 546 1656 tanta
561 1601 695 1656 videatur
709 1600 914 1673 repugnantia,
941 1600 967 1655 si
983 1600 1143 1657 Ambrosio
1170 1602 1248 1658 idem
1268 1606 1409 1660 tractatus
1433 1606 1618 1673 attribuatur,
1641 1624 1700 1663 non
1717 1609 1825 1665 desunt

85 1689 174 1745 hen
202 1689 256 1760 qui
271 1688 408 1744 eumdem
437 1689 667 1762 elegitimorum
681 1689 775 1743 sancti
803 1687 934 1743 doctoris
951 1688 1063 1744 ictuum
1088 1692 1223 1764 catalogo
1245 1696 1386 1748 censeant
1407 1695 1606 1750 eximendum.
1632 1697 1708 1752 ιιοιι.
1726 1696 1824 1754 Cocus

93 1774 216 1847 imur.
232 1778 351 1850 script,
366 1781 435 1849 etc.)
449 1783 605 1850 propterea
620 1782 710 1851 negat
725 1778 957 1832 Ambrosianum
972 1791 1053 1849 asse,
1076 1780 1155 1850 quod
1169 1782 1271 1836 auctor
1295 1782 1407 1837 scribat
1427 1782 1515 1837 istam
1536 1784 1673 1853 puellam,
1691 1787 1717 1839 si
1732 1787 1827 1860 virgi-

94 1865 167 1927 ffltc
180 1867 298 1941 integra
314 1871 439 1923 mortem
453 1867 629 1939 oppetisset,
647 1867 774 1923 iuturam
795 1867 890 1923 luisse
906 1882 959 1932 pro
981 1870 1135 1938 parantum
1149 1870 1279 1940 peccatis
1304 1871 1431 1925 hostiam
1453 1872 1483 1926 vi
1488 1887 1560 1938 vam,
1586 1873 1708 1930 Domino
1720 1877 1825 1948 propi-

96 1956 229 2037 cariem
245 1958 322 2028 (cap.
338 1958 366 2012 l.
383 1973 463 2013 num.
477 1958 531 2027 15).
549 1957 606 2014 Sed
622 1956 693 2030 quid
708 1957 789 2011 aliud
802 1956 913 2028 legitur
923 1955 975 2010 lib.
991 1973 1000 2009 1
1016 1956 1053 2011 de
1074 1955 1200 2028 Virqin,
1213 1957 1450 2014 ubiAmbrosius
1465 1962 1604 2031 parentes
1620 1962 1769 2036 virginum
1782 1964 1828 2019 sic

96 2042 258 2117 &quitum
279 2045 317 2101 Ut
331 2045 446 2103 hahere
453 2047 580 2118 possitis
591 2062 712 2119 quarum
722 2045 843 2100 meritis
853 2050 953 2099 vestra
963 2043 1072 2099 delicta
1080 2045 1268 2101 redimantur
1271 2089 1324 2103 .....
1338 2049 1423 2121 virgo
1432 2051 1540 2104 aratris
1549 2050 1657 2106 hostia.
1671 2051 1826 2125 crp'usquo·

98 2133 194 2190 tilliano
207 2135 360 2191 sacrificio
379 2137 425 2191 vis
440 2136 543 2191 divina
565 2135 702 2208 placatur
715 2136 791 2206 (cap.
807 2134 834 2198 ι,
858 2150 937 2188 nuru.
955 2132 1010 2204 88).
1027 2133 1126 2204 ltaque
1143 2135 1267 2189 Rivetus
1292 2135 1374 2206 (Crit.
1400 2137 1465 2192 Suc.
1482 2138 1533 2193 lib.
1550 2154 1590 2208 ιιι,
1616 2154 1680 2209 cap.
1698 2139 1753 2211 16),
1772 2140 1826 2196 hac

99 2221 194 2277 sodalis
209 2224 256 2279 sui
278 2225 393 2280 ratione
409 2224 641 2297 insuperhabita,
668 2223 740 2278 nihil
755 2223 902 2277 adversus
926 2221 1153 2277 Ambrosinuam
1169 2222 1306 2295 ejusdem
1330 2225 1430 2295 operis
1444 2226 1668 2296 inscriptionem
1691 2230 1821 2299 opponit,

99 2324 171 2383 quun
198 2313 277 2384 quod
291 2312 438 2385 objiciunt
461 2313 759 2369 nonnulliauctorum
781 2310 1001 2366 Catholicorum
1016 2309 1164 2381 (Bellarm.
1191 2314 1219 2366 ct
1236 2313 1413 2383 possevin),
1440 2314 1578 2369 videlicet
1593 2331 1657 2387 cap.
1673 2316 1700 2387 8,
1727 2333 1755 2370 ιι.
1772 2317 1817 2372 lo

102 2401 256 2456 minutim
267 2401 372 2456 haberi
381 2417 507 2472 prorsus
516 2401 711 2456 Novatianam
715 2397 948 2470 ,quamduobus
959 2398 1044 2454 libris
1062 2400 1099 2455 de
1110 2399 1294 2455 Paenitentia
1304 2401 1456 2473 impugnat
1473 2403 1652 2459 Ambrosius
1663 2404 1754 2475 (num.
1768 2406 1825 2475 87)

102 2485 228 2544 ιιι-ιιι
203 2505 230 2544 sr
243 2493 349 2545 auctor
362 2490 489 2562 hujusce
505 2490 678 2561 scriptionis
693 2489 751 2543 ista
775 2487 886 2543 haeresi
901 2487 1029 2543 inlectus
1045 2490 1221 2560 essetque
1236 2488 1348 2544 ratione
1368 2489 1482 2560 lapsam
1497 2491 1534 2544 ιιι
1555 2492 1756 2562 paenitentiam
1770 2510 1827 2564 pu·

102 2562 187 2631 Hiram
202 2577 239 2631 ita
256 2579 450 2648 stimulasset,
468 2582 499 2633 ut
521 2578 610 2633 simul
625 2579 753 2632 aeternas
777 2591 881 2648 paenas
896 2591 963 2647 quae
988 2576 1095 2632 sceleri
1112 2592 1167 2632 suo
1192 2577 1385 2648 debebantur,
1402 2578 1531 2634 evitandi
1556 2595 1610 2650 spa
1627 2581 1827 2638 sublevarat?

104 2662 165 2720 Adde
178 2666 223 2720 bis
238 2667 389 2739 quondam
404 2666 552 2723 Ecclesiae
566 2683 678 2722 morem
693 2666 799 2734 luisse,
816 2668 847 2720 ut
862 2664 1005 2719 atrocium
1030 2665 1224 2737 quorumdam
1241 2666 1396 2721 criminum
1419 2667 1480 2722 reis
1497 2682 1534 2722 ne
1549 2668 1579 2722 in
1595 2671 1690 2724 morte
1707 2669 1827 2741 quidem

106 2753 168 2809 nain
180 2759 207 2809 et
221 2756 413 2811 reconciliato
428 2756 649 2825 concederetur,
667 2754 851 2827 proindeque
867 2755 1026 2808 Auctorem
1041 2753 1118 2809 inter
1133 2754 1237 2809 eadem
1253 2754 1375 2809 crimina
1391 2758 1419 2810 et
1448 2754 1506 2810 hoc
1520 2754 1669 2812 Susanna
1682 2757 1828 2831 flagitium

109 2839 192 2898 mne
206 2845 272 2900 sina
287 2845 347 2900 ulla
362 2846 474 2901 erroris
499 2848 568 2902 nota
590 2845 735 2916 potuisse.
760 2841 945 2915 Quapropter
966 2856 1033 2913 quaa
1048 2842 1215 2898 locutiones
1240 2843 1301 2897 illic
1317 2845 1477 2899 occurrunt
1505 2843 1593 2915 paulo
1609 2844 1758 2916 duriores,
1775 2861 1827 2902 aas

109 2940 146 2985 Ιιι
156 2933 209 2989 elio
223 2934 353 2990 consilio
368 2934 515 2990 adhibitas
530 2937 677 3006 putamus,
690 2948 778 3006 quam
794 2935 825 2988 ut
846 2930 991 3003 majorem
1007 2931 1160 2987 commissi
1180 2931 1317 3002 propudii
1341 2931 1497 2987 horrorem
1512 2932 1702 3004 incutientes,
1728 2934 1827 2990 acrius

105 3017 129 3075 ιι
138 3023 311 3092 μοιιιιιιιιιιίιι
326 3040 416 3094 opera
432 3026 547 3079 sontem
561 3023 734 3092 excitarent,
755 3021 967 3093 efficerentque
982 3035 1019 3075 ne
1042 3020 1089 3075 vel
1105 3020 1224 3090 propria
1240 3020 1361 3076 mollitie
1384 3020 1433 3075 vel
1448 3020 1636 3077 remissioris
1659 3021 1828 3095 cujuspiam

106 3103 207 3166 fictoris
222 3112 408 3185 indulgentia
424 3112 598 3184 quandoque
614 3111 651 3166 ab
666 3110 836 3165 austeritate
852 3109 944 3164 semel
961 3112 1099 3179 suscepta
1115 3110 1315 3164 revocaretur.

105 3194 182 3269 ¹llum
195 3217 266 3256 cum
282 3202 321 3255 ita
335 3202 405 3271 sint,
423 3201 495 3255 nihil
506 3200 570 3274 y'am
584 3203 686 3255 contra
701 3199 893 3254 Ambrosium
908 3214 1040 3270 pugnare
1055 3201 1153 3268 potest
1168 3201 1291 3268 excepto
1308 3197 1394 3269 stylo.
1412 3197 1494 3252 Licet
1510 3198 1589 3254 enim
1605 3197 1734 3269 hujusce
1750 3214 1823 3271 ope-

88 3282 128 3367 -ᾡ
135 3287 263 3345 elocutio
275 3289 456 3362 quibusdam
471 3305 529 3345 non
545 3288 667 3343 multum
681 3287 816 3342 videatur
830 3284 932 3342 diliana
947 3286 984 3340 ad
1006 3286 1223 3352 Ambrosiana;
1248 3286 1399 3341 latendum
1413 3289 1510 3341 tamon
1525 3288 1572 3341 cst
1586 3290 1722 3341 sanctum
1737 3302 1817 3357 prae-

183 3379 276 3434 etiam
293 3379 343 3433 ubi
360 3378 520 3434 oratIouem
534 3377 654 3432 adhibet
669 3376 794 3431 maxime
810 3375 995 3446 concitatam,
1009 3375 1107 3430 minus
1123 3374 1226 3430 densis
1242 3390 1276 3429 ac
1291 3374 1455 3430 brevibus
1448 3373 1553 3428 incisis
1569 3374 1619 3428 uti.
1633 3372 1717 3440 Quod
1733 3374 1821 3430 etiam

85 3370 302 3557 zpotest'
294 3483 325 3522 ιιι
341 3467 396 3522 bac
406 3465 502 3537 opella
516 3465 660 3538 quasdam
676 3464 838 3520 sententias
853 3466 939 3534 utque
964 3463 1098 3534 exempla
1119 3463 1243 3534 reperiri
1257 3463 1416 3518 Ambrosio
1438 3462 1513 3517 satis
1530 3462 1720 3532 familiaria,¹
1713 3478 1744 3517 ιιι
1760 3463 1817 3517 hoc

208 3560 394 3612 momentum
408 3555 549 3628 aliquod
541 3570 642 3610 inesse
666 3570 725 3610 non
740 3553 915 3621 inficiamur,
939 3550 994 3608 sad
1010 3551 1082 3606 illud
1107 3551 1183 3606 baud
1200 3553 1355 3622 propterea
1376 3550 1522 3620 Achillaei,
1540 3554 1572 3606 ut
1594 3554 1702 3606 vocant
1705 3567 1823 3624 ,argu-

85 3645 163 3723 μ
177 3645 249 3702 loco
264 3644 434 3700 habendum
448 3647 503 3714 est,
520 3659 588 3698 curn
602 3643 740 3698 diversos
758 3642 918 3697 auctor-'es
911 3658 941 3695 ιιι
955 3639 1104 3696 similibus
1128 3640 1287 3695 convenire
1302 3655 1361 3695 non
1386 3640 1424 3695 sit
1439 3639 1584 3694 insolens.
1602 3640 1692 3710 Atqui
1708 3642 1739 3695 ut
1755 3655 1819 3694 ma-

167 3737 324 3791 eonstarat
338 3737 489 3789 auctorem
503 3732 595 3805 hujus
612 3732 710 3803 operis
725 3747 784 3787 non
798 3746 867 3786 esse
884 3729 1085 3798 Ambrosium,
1110 3729 1202 3784 nihilo
1217 3729 1303 3784 etiarn
1319 3729 1417 3783 minus
1440 3728 1469 3782 id
1484 3731 1597 3783 certum
1614 3731 1706 3797 esset,
1722 3728 1820 3784 eidem

85 3718 278 4015 {patrem
293 3823 406 3878 doctori
420 3825 523 3878 nostro
541 3824 625 3878 catate
639 3821 757 3876 minime
773 3820 943 3875 interiorem
959 3818 1196 3887 attribuendum3
1213 3818 1453 3890 quandoquidem
1469 3818 1632 3872 etiamtum
1648 3818 1698 3890 qui
1711 3817 1823 3875 cultum

134 3914 143 3927 '
178 3913 369 3981 exhiberent,
383 3910 485 3983 plures
500 3910 606 3981 luisse,
623 3927 677 3967 nec
693 3925 805 3981 paucos
820 3909 906 3964 etiam
921 3907 970 3981 qui
980 3922 1067 3962 sacro
1079 3906 1233 3962 Pasehutis
1243 3906 1319 3961 lesio
1332 3905 1527 3976 initiarentur,
1544 3921 1579 3959 ac
1593 3905 1711 3961 tandem
1723 3921 1827 3962 eorum

144 4003 218 4059 bus
234 4002 313 4057 inter
325 4003 453 4057 aeternas
468 4015 572 4072 poenas
588 4003 674 4071 atque
689 3998 816 4071 gloriam
830 3998 925 4051 status
935 3995 1056 4068 quidam
1069 3995 1185 4052 medius
1200 3995 1415 4065 admittebatur,
1432 3994 1710 4067 erroremviguisse
1727 3995 1819 4051 muni·

85 4014 342 4179 &esterp
358 4090 385 4159 8,
402 4106 481 4145 num
500 4090 555 4160 85).

87 4156 367 4257 designaremus
382 4178 515 4234 Nicetam
532 4178 688 4233 Daciarum
702 4177 885 4248 episcopum,
902 4175 1053 4231 Gennadio
1069 4175 1110 4247 (in
1124 4173 1213 4229 Catal
1217 4175 1227 4243 )
1242 4176 1327 4243 teste,
1345 4173 1465 4228 dedisse
1482 4170 1519 4226 ad
1542 4171 1654 4243 lapsam
1672 4172 1823 4245 virginem

160 4287 221 4339 nm,
238 4267 376 4325 omnibus
390 4266 561 4323 labantibus
577 4266 795 4322 emendationis
808 4264 1001 4334 incentivam,
1018 4267 1105 4336 atque
1121 4263 1194 4319 adeo
1210 4278 1270 4319 uon
1293 4263 1401 4319 deesse
1415 4263 1498 4317 viros
1512 4260 1655 4331 eruditos,
1676 4261 1727 4333 qui
1741 4261 1821 4316 hunc

85 4354 173 4443 μιν
186 4357 301 4414 librum
316 4358 344 4412 ei
357 4361 497 4428 tanquam
512 4372 582 4412 vero
597 4355 716 4411 domino
733 4355 949 4411 restituendum
964 4354 1105 4410 scribant.
1125 4357 1161 4407 At
1176 4352 1255 4408 enirn
1269 4351 1338 4423 quid
1364 4353 1442 4406 vetat
1457 4349 1617 4405 Ambrosio
1631 4365 1749 4422 quoque
1764 4365 1822 4405 oc·

85 4446 241 4518 finem,
258 4446 337 4502 undo
362 4446 400 4500 ad
414 4444 598 4500 tractandum
621 4444 698 4499 idem
714 4447 920 4517 argumentum
942 4442 1141 4512 induceretur,
1159 4442 1267 4496 nasci?
1292 4439 1376 4496 Carta
1392 4439 1494 4494 Basilii
1520 4442 1616 4493 exstat
1630 4437 1756 4508 epistola
1778 4436 1826 4507 (ad

85 4534 161 4613 ling.
176 4535 435 4607 laps.)ey'usdem
448 4534 579 4590 materiae
594 4536 681 4606 atque
697 4533 888 4606 epigraphes
906 4533 942 4587 Et
955 4531 1032 4604 apud
1047 4531 1260 4587 Ambrosium
1253 4546 1352 4601 ipsum
1368 4528 1394 4583 si
1411 4528 1497 4600 virgo
1512 4526 1621 4580 Indicia
1639 4525 1705 4580 inlsi
1722 4525 1824 4581 crimi-

85 4626 126 4685 Ἰ
137 4625 235 4699 potuit
246 4624 396 4693 accusari,
413 4623 506 4693 potuit
520 4626 548 4676 et
563 4621 620 4676 alia
634 4621 697 4676 veri
713 4622 810 4692 (epist
827 4621 863 4675 ad
878 4620 1057 4693 Syagrium).
1073 4620 1218 4686 Quocirca
1231 4617 1337 4672 rationi
1354 4616 1449 4688 magis
1468 4630 1633 4670 consonum
1648 4614 1721 4669 nihil
1737 4615 1823 4671 vidc-

85 4716 236 4799 mquam
249 4716 284 4769 nt
298 4713 414 4769 huncce
429 4714 584 4766 tractatum
598 4711 770 4766 auctoritate
785 4710 845 4765 edit
864 4726 898 4765 ac
915 4725 988 4764 mss.
1018 4709 1159 4775 omnium,
1176 4707 1204 4761 si
1231 4704 1426 4760 recentiorem
1441 4718 1531 4757 unum
1561 4701 1705 4772 excipias,
1722 4717 1739 4756 a
1768 4718 1827 4774 quo

85 4818 233 4879 'peram
247 4802 389 4858 tribuitur
403 4800 508 4856 loanni
519 4800 743 4871 Chrysostomo,
760 4799 836 4854 inter
849 4797 1063 4853 Ambrosianus
1078 4796 1152 4850 alios
1163 4809 1230 4866 quaa
1245 4793 1282 4847 ad
1297 4791 1499 4864 virginitatem
1514 4793 1660 4861 spectant,
1672 4806 1828 4847 commcn-

85 4882 427 4963 buumtineremus.
445 4889 481 4944 Et
496 4889 616 4962 quidem
631 4888 731 4943 nullus
747 4888 875 4960 estqurn
890 4887 1015 4943 fateatur
1030 4900 1097 4942 cum
1112 4886 1140 4938 et
1155 4880 1312 4937 Ambrosio
1330 4879 1454 4952 dignum
1468 4893 1548 4949 esse
1567 4881 1594 4934 ct
1610 4878 1828 4950 multiplicus

85 4980 149 5039 hb
162 4980 312 5038 Faeclesiae
328 4978 486 5050 disciplina
500 4979 659 5035 refertum:
687 4977 742 5033 sed
757 4978 836 5049 quod
850 4976 986 5032 eumdem
999 4989 1053 5047 pro
1067 4970 1193 5044 epistola
1217 4969 1315 5025 cuncti
1330 4969 1392 5024 lere
1418 4968 1556 5039 habeant,
1573 4968 1624 5040 qui
1652 4969 1688 5024 de
1705 4969 1755 5024 illo
1772 4969 1828 5024 ali-

85 5070 147 5151 pl
159 5068 346 5140 tradidere,'
339 5085 369 5123 ιιι
384 5083 420 5123 ιο
438 5068 605 5123 certissime
621 5070 750 5123 erratum
764 5070 818 5121 est.
844 5065 918 5120 Nam
935 5081 951 5121 e
975 5062 1117 5120 concione
1133 5062 1231 5132 ipsum
1254 5062 1393 5115 constare
1409 5058 1456 5114 val
1480 5057 1545 5114 sola
1560 5058 1598 5113 ad
1620 5062 1828 5129 corruptorem

85 5146 256 5237 ¹*rophe
271 5159 395 5232 planum
410 5157 481 5214 iacit
494 5157 571 5231 (cap.
588 5157 615 5229 9,
632 5171 712 5212 uum.
729 5155 774 5226 88,
792 5162 821 5211 et
837 5154 924 5229 seq).
