3900 6128
182 268 243 343 444
807 338 810 344 ,
904 266 938 331 a.
961 256 1183 332 4444444444.
1845 245 1920 324 444·

184 475 282 532 studio
298 472 459 543 charitatis,
475 469 694 544 pulchritudine
709 467 828 524 decoris
849 470 878 522 44
891 463 1059 539 gratioe3ti,
1104 465 1182 537 piem
1198 463 1324 520 minoris
1340 461 1629 532 444444444444444444·
1648 461 1731 535 Syna
1825 460 1908 517 sarri

184 564 264 636 quod
288 562 368 617 nulla
380 561 443 633 jam
462 562 493 617 in
515 560 625 616 ablutis
646 558 751 613 delicta
771 557 928 612 sorderent
946 557 1014 626 (44),
1107 531 1919 678 5ssssljde‘gffimeggssgif“fssgssaffflffgfssngelgnmae·

183 651 253 706 dicit
266 651 303 705 ad
317 650 500 718 E⁰⁰¹⁰⁸i³m3
518 648 601 704 ‘³⁰⁰⁰
618 663 665 702 ¹¹¹⁰
676 652 705 701 ιη
719 645 901 744 ΜΨΜῙΨ
919 646 949 700 ’.Β
965 659 1017 699 0οΓ
1108 679 1248 746 44444444,
1259 692 1322 731 cuin
1333 677 1375 731 sit
1385 691 1492 747 eorpus
1501 674 1618 731 Christi
1627 692 1633 731 :
1653 691 1687 730 44
1697 675 1782 729 44444
1797 679 1905 728 44444444-

184 747 270 806 444444,
285 745 314 793 44
330 739 462 811 sigillum
481 739 511 792 in
532 737 685 792 brachium
702 741 780 789 tuum
798 733 943 803 (144446),
960 733 1016 786 hoe
1110 764 1164 821 que
1172 747 1352 820 peramans
1371 751 1550 819 compango
1565 746 1746 801 [nmmum.
1900 748 1902 753 ’

184 832 239 893 est,
252 829 359 884 deeora
371 843 414 896 es,
431 826 565 897 proxima
576 840 652 893 mea,
673 826 732 879 tota
748 823 879 877 formosa
890 837 933 890 es,
945 820 1019 874 nihil

184 917 238 973 tibi
255 916 349 971 deest.
366 915 449 971 Pone
459 931 507 970 4444
520 919 549 970 44
560 912 743 986 signaculum
752 911 784 965 in
793 926 844 966 eor
855 916 932 965 444444
944 908 1016 972 336
1108 908 1153 962 43.
1170 908 1225 962 His
1239 906 1338 962 abluto
1352 906 1438 978 plebs
1452 905 1538 963 dives
1552 906 1735 978 insignibus,
1752 904 1903 961 adChristi

183 1004 383 1078 quossdestaa
394 1002 481 1074 pleno
503 1002 614 1074 fulgeat
633 1001 818 1055 sacramento
836 998 904 1068 (43).
923 996 1017 1067 Opera
1074 997 1223 1052 contendit
1237 997 1338 1051 altaria
1354 995 1420 1067 (45),
1431 995 1534 1050 dicens
1551 1010 1557 1050 :
1573 994 1802 1050 Etiatroiboad
1813 992 1915 1055 4144444

182 1108 300 1165 qnoque
313 1091 498 1159 tualuceunt,
511 1089 707 1162 etimaginem
725 1087 778 1141 Dei
796 1086 966 1157 preelerant,
982 1085 1018 1140 ed
1074 1085 1141 1155 Dei,
1153 1085 1192 1140 441
1199 1085 1291 1140 Deum
1305 1085 1355 1156 qui
1364 1083 1693 1156 14444444444444444444
1708 1082 1902 1154 44444444(Ρ444.

183 1183 274 1254 cujus
286 1181 445 1252 imaginem
455 1179 531 1234 iacta
550 1193 594 1233 es.
611 1176 746 1232 Charitas
760 1178 810 1231 tua
825 1174 903 1230 nulla
913 1190 1019 1246 perse·
1075 1191 1145 1245 44444,
1156 1174 1184 1242 4)
1197 1189 1204 1243 ;
1216 1173 1361 1243 depositis
1376 1172 1455 1228 enini
1474 1172 1629 1227 inveterati
1651 1172 1764 1227 erroris
1778 1172 1901 1243 exuviis,

185 1270 302 1324 cutione
318 1269 475 1338 minuetur,
486 1265 673 1339 quammulta
688 1280 764 1337 aqua
778 1262 946 1332 excludere,
962 1262 1019 1317 444-
1074 1264 1214 1318 renovata
1229 1263 1261 1316 in
1276 1260 1383 1335 aquilae
1395 1260 1560 1333 juventute,
1574 1261 1695 1317 eoeleste
1705 1260 1779 1316 illud
1790 1259 1903 1316 festinet

185 1358 266 1413 mine
276 1358 388 1413 undare
403 1373 463 1412 non
477 1356 595 1427 possint
609 1354 697 1425 (ibid.
713 1353 751 1424 l).
1076 1351 1158 1406 adire
1174 1350 1353 1405 convivium.
1363 1349 1558 1421 Venitigitur,
1574 1352 1602 1405 ot
1616 1350 1721 1405 videns
1733 1364 1903 1405 sacrosanc-

216 1446 358 1502 4441444
376 1449 476 1516 repete
495 1445 564 1517 quia
587 1443 730 1513 accepisti
753 1441 940 1514 signaculum
957 1437 1019 1510 (44)
1074 1443 1135 1495 tum
1150 1439 1241 1494 altare
1254 1438 1450 1510 compositum
1460 1437 1527 1509 (46),
1539 1439 1709 1494 exclamans
1719 1438 1904 1495 ait:Parasti

184 1534 326 1605 spiritale,
344 1535 481 1605 spiritum
497 1529 870 1603 sapientieeetinlellectus,
882 1528 1019 1600 spiritum
1074 1530 1105 1584 in
1126 1533 1286 1600 conspectu
1307 1543 1372 1583 meo
1388 1543 1518 1583 mensam
1538 1527 1632 1595 (Psal.
1657 1545 1731 1599 444,
1761 1529 1801 1599 5).
1827 1526 1904 1584 llane'

186 1623 303 1678 consilii
332 1628 419 1694 atque
445 1622 572 1690 virtutis,
589 1620 725 1691 spiritum
741 1618 920 1690 cognitionis
932 1620 1019 1690 atque
1075 1617 1243 1688 loquentem
1258 1615 1371 1670 inducit
1386 1616 1478 1670 David
1501 1616 1604 1670 dicens
1623 1632 1629 1671 :
1651 1617 1797 1672 Dominus
1811 1618 1903 1689 pascit

183 1711 314 1784 pietatis,
334 1712 470 1782 spiritum
495 1710 590 1764 sancti
615 1709 729 1763 timoris
753 1708 823 1777 (144.
848 1723 889 1776 444,
905 1707 933 1763 4)
959 1722 965 1761 :
991 1708 1020 1760 et
1075 1721 1130 1770 me,
1147 1712 1176 1760 et
1197 1705 1276 1759 4441441
1296 1705 1370 1759 inihi
1390 1704 1490 1759 deerit
1506 1724 1515 1759 .·
1531 1705 1562 1760 in
1584 1705 1646 1760 loco
1661 1722 1781 1777 pascue
1800 1705 1846 1762 ihi
1861 1721 1904 1762 me

186 1815 274 1855 serva
291 1798 529 1871 quodaccepisti.
546 1797 681 1870 Signorit
696 1800 723 1850 te
740 1796 819 1850 Deus
830 1797 925 1865 Pater,
943 1810 1017 1850 con·
1032 1833 1058 1895 B
1076 1795 1240 1850 collocarit.
1271 1794 1369 1865 Super
1388 1809 1490 1866 equam
1505 1793 1684 1849 444444444ιί4
1707 1794 1846 1850 educarit
1862 1808 1905 1852 4444

185 1888 312 1943 tlrmavit
324 1890 353 1941 te
363 1886 502 1941 Christus
519 1885 662 1941 Dominus
673 1901 680 1954 3
692 1888 720 1939 et
735 1884 815 1938 dedit
829 1883 938 1955 pignus
958 1882 1021 1953 Spi·
1074 1883 1163 1953 (ibid.
1176 1884 1202 1952 4,
1213 1881 1252 1953 4).
1270 1881 1305 1936 Ε)
1320 1881 1396 1936 44444
1413 1897 1419 1936 ;
1436 1881 1513 1936 Nem
1531 1881 1590 1937 etsi
1601 1881 1746 1937 ambulem
1764 1883 1798 1936 i'n
1813 1882 1906 1940 medio

184 1977 260 2032 ritus
276 1975 306 2029 in
321 1974 463 2030 cordibus
474 1975 544 2044 tuis,
558 1974 635 2029 siout
650 1972 820 2043 hpostoliee
837 1971 962 2026 lectione
977 1971 1020 2026 di·
1077 1970 1188 2027 umbrae
1203 1970 1318 2036 mortis,
1336 1985 1393 2026 non
1412 1969 1521 2025 timebo
1535 1968 1629 2035 male,
1650 1971 1784 2044 quoniam
1800 1977 1831 2027 44
1845 1986 1905 2029 me·

185 2064 283 2120 dieisti
299 2063 343 2133 (II
359 2063 426 2118 Cor.
442 2081 462 2134 1,
480 2063 524 2133 44,
537 2063 592 2132 44).
1076 2076 1140 2114 cuni
1150 2075 1192 2115 es.
1217 2058 1305 2130 Virga
1317 2064 1365 2113 444
1376 2063 1405 2113 44
1416 2058 1538 2113 baculus
1559 2063 1633 2124 tuus,
1656 2059 1719 2130 ipse
1737 2076 1786 2115 4444
1802 2076 1922 2135 444444·Ι

494 2149 620 2205 CAPUT
640 2149 714 2203 Vlll.
1077 2148 1226 2203 14444444.
1245 2147 1369 2202 Paresti
1386 2148 1417 2200 in
1431 2154 1589 2219 conspectu
1604 2162 1669 2202 meo
1684 2163 1817 2203 iriensem
1834 2148 1906 2214 337

183 2238 360 2313 Demystieo
370 2238 518 2294 Dominiei
527 2237 635 2293 4144444
645 2238 782 2293 convivio
794 2253 800 2291 :
812 2236 888 2310 quod
898 2239 1020 2309 nequis·
1076 2237 1224 2292 adversus
1234 2251 1284 2290 444
1295 2236 1345 2308 qui
1359 2235 1505 2290 tribulant
1521 2251 1577 2290 nie.
1600 2235 1797 2308 Impinpuasti
1805 2238 1836 2292 44
1845 2236 1915 2294 oleo·

220 2364 277 2434 (44)
289 2364 374 2419 Rom.
384 2363 453 2418 edit.
463 2361 538 2430 sols,
557 2362 631 2434 qnod
642 2360 750 2416 ablutae
765 2360 1022 2432 iinllisjamdelic·
1076 2363 1204 2433 quamut
1223 2376 1312 2414 unum
1334 2361 1432 2414 exeis
1461 2363 1544 2414 coeat
1567 2363 1802 2431 sacramentum,
1825 2360 1906 2418 nulio

187 2435 228 2491 tis
249 2435 419 2490 sorderent.
443 2433 552 2488 Timuit
577 2433 653 2487 forte
676 2448 713 2487 ne
737 2432 927 2486 abuterentur
948 2434 1020 2486 hm·
1076 2433 1195 2503 negotio
1206 2429 1435 2502 respondebitur
1449 2430 1512 2484 fleri
1522 2431 1666 2501 potuisse,
1684 2433 1716 2487 ut
1732 2447 1793 2487 non
1808 2431 1908 2514 seiun-

184 2505 335 2561 brasianis
350 2505 453 2560 verbis
467 2506 637 2572 novatores,
654 2507 686 2557 ut
701 2503 805 2557 delicta
816 2518 874 2556 nou
889 2503 1020 2572 tolli3sed
1076 2506 1218 2628 gerentur
1236 2503 1266 2556 in
1288 2501 1551 2570 administratione,
1580 2517 1647 2572 qum
1667 2502 1697 2557 in
1722 2518 1760 2558 ex
1784 2504 1906 2559 ositione

185 2577 246 2648 tegi
262 2578 438 2630 astruerent.
455 2575 564 2629 Verum
576 2573 891 2629 lutilisessetistoium
906 2589 1019 2643 eaprou
1097 2572 1297 2644 isjunguntur.
1314 2574 1432 2626 44444444
1452 2573 1529 2626 enim
1544 2575 1590 2627 est
1600 2573 1698 2628 omnia
1713 2589 1749 2628 eo
1773 2589 1819 2630 eiu
1835 2572 1907 2629 ordi·

184 2647 284 2717 beti03
304 2646 346 2701 ibi
362 2645 509 2717 siquidem
523 2660 583 2699 non
597 2643 719 2699 sordent
739 2644 855 2710 delicta,
873 2645 925 2698 ubi
940 2645 1019 2699 nulle
1076 2660 1122 2710 ne,
1140 2659 1198 2716 quo
1214 2640 1394 2725 gerebantur
1407 2659 1466 2697 non
1481 2643 1529 2697 liic
1544 2642 1669 2712 reierri3
1690 2644 1838 2700 imovero
1854 2660 1920 2709 nee,

187 2720 266 2770 sunt.
1075 2730 1169 2786 pauca
1184 2717 1270 2769 etiam
1285 2714 1478 2783 pretermitti.
1499 2713 1563 2769 Hoc
1577 2714 1694 2785 quidem
1710 2714 1792 2771 iavet
1807 2730 1904 2773 eorum

222 2786 279 2856 (43)
296 2785 405 2841 Eadem
424 2786 509 2841 Rom.
529 2785 589 2839 edit
602 2785 690 2839 etiam
710 2784 758 2838 hic
774 2784 838 2839 sola
853 2788 1020 2855 postroca-
1077 2786 1217 2856 opinioni,
1235 2784 1285 2856 qui
1301 2784 1480 2839 arbitrantur
1495 2801 1562 2839 cum
1576 2786 1662 2840 Petro
1677 2786 1801 2842 Aurelio
1816 2802 1903 2859 pecu·

187 2857 290 2912 bulum
305 2861 491 2910 sacramento
505 2856 563 2909 ista
585 2855 806 2926 subjunxerat:
828 2855 865 2909 Ut
880 2857 1020 2928 44944444-
1077 2856 1179 2910 liorem
1193 2855 1250 2911 boo
1266 2855 1332 2910 loco
1352 2853 1463 2909 includi
1483 2854 1733 2911 chrismationem.
1753 2856 1812 2912 Sed
1822 2856 1901 2929 quid·

187 2926 515 2998 lumsuperbrecliinm
541 2932 629 2994 tunm,
651 2941 808 2997 quoopeiu
830 2927 1020 2981 tua....taete
1077 2926 1147 2998 quid
1172 2926 1300 2980 dixerint
1321 2926 1512 2994 heterodoxi,
1546 2942 1612 2981 cuni
1639 2926 1845 2997 probabilibus
1868 2928 1902 2983 sit

189 3014 232 3053 es.
253 2999 337 3070 Aqua
357 2997 447 3051 44444444
466 3013 522 3051 non
538 2996 651 3068 poterit
676 2998 870 3067 exstinquere
887 2997 1019 3051 44444444-
1076 2998 1254 3064 unctionem,
1286 2996 1531 3068 quemadmodum
1553 2996 1617 3052 loco
1642 2998 1729 3053 citato
1752 2997 1899 3071 proposi

188 3076 263 3133 tem,
285 3074 315 3122 44
334 3068 469 3122 44444444
486 3074 533 3122 444
537 3108 591 3122 .....
614 3068 814 3138 nonpossint.
837 3067 1018 3122 Unde?lle-
1076 3067 1434 3136 doeetSnnctihoeuvius,
1460 3068 1658 3122 tantummodo
1695 3074 1810 3138 partem
1831 3071 1899 3125 inte-

183 3145 264 3213 pete,
306 3139 361 3201 4444,
379 3142 434 3193 etc.
1099 3142 1211 3193 rentem
1225 3153 1294 3192 esse
1309 3137 1557 3204 confirmationis,
1575 3141 1684 3193 sertam
1699 3143 1807 3195 tectam
1821 3140 1898 3212 eju's-

222 3210 278 3279 (44)
316 3208 573 3264 eGontlrmatione
588 3207 645 3262 hoc
659 3207 716 3261 dici
733 3210 815 3262 444444
830 3208 950 3263 dubium
961 3211 1018 3263 est.
1034 3188 1060 3251 c
1076 3156 1142 3264 dem
1159 3209 1334 3263 sacramenti
1357 3208 1551 3289 substantiam
1578 3224 1696 3279 semper
1719 3210 1911 3267 habebimus·

186 3280 243 3337 Sed
260 3280 557 3335 cumchrismationis
569 3279 676 3334 mentio
688 3278 892 3347 hicnullatiat,
904 3279 931 3333 id
943 3279 1019 3333 mul·
1076 3280 1221 3335 Caeterum
1242 3280 1316 3333 duas
1338 3278 1565 3335 chrismationes
1588 3280 1676 3351 Greg.
1702 3280 1900 3337 Sacramenta·

184 3355 231 3406 tas
247 3352 323 3421 parit
338 3366 392 3405 neo
408 3351 534 3421 exiguas
551 3349 750 3403 difficultates.
768 3349 842 3403 Nam
858 3350 1019 3405 contende·
1077 3352 1151 3405 rium
1168 3351 1323 3404 distinctas
1338 3351 1435 3416 notet3
1452 3350 1510 3404 sed
1520 3350 1621 3405 Gallio.
1637 3351 1769 3407 Sacram.
1791 3357 1821 3409 et
1835 3353 1899 3408 hiis·

187 3420 237 3476 bat
254 3422 285 3476 P.
300 3421 476 3475 Sirmondus
500 3435 606 3475 recens
622 3420 778 3489 baptizatis
792 3435 851 3475 non
866 3420 951 3473 aliam
965 3421 1021 3490 pri·
1076 3423 1149 3490 sale,
1166 3426 1252 3493 atque
1267 3423 1335 3476 item
1356 3420 1477 3476 Missale
1496 3421 1651 3476 Gothicum
1666 3437 1732 3477 eam
1747 3440 1815 3495 quse
1830 3423 1911 3489 irony

187 3492 244 3546 mis
259 3492 379 3546 seculis
395 3491 562 3545 unctionem
578 3489 1019 3546 adhibilsminadministrundo
1075 3493 1114 3547 tis
1126 3496 1180 3556 est,
1199 3493 1292 3546 solam
1314 3493 1486 3546 memorant.
1512 3491 1688 3547 Vertiealem
1712 3510 1802 3565 quam
1816 3510 1833 3549 e
1847 3494 1913 3550 Sil.

187 3562 244 3617 hoc
260 3566 455 3631 sacramento,
472 3563 530 3616 nisi
556 3561 646 3630 illam,
671 3576 739 3685 guse
763 3561 910 3632 superiori
926 3563 1019 3631 capite
1075 3567 1174 3617 vestro
1191 3578 1265 3632 papa
1287 3562 1450 3616 institutam
1473 3562 1584 3631 volunt,
1610 3563 1639 3616 in
1654 3563 1691 3617 iis
1706 3564 1783 3620 loeis
1798 3564 1899 3637 inqui·
1911 3568 1931 3603 ·ῑ

187 3633 371 3705 designatur,
381 3632 668 3703 quasaeerdosegrc

188 3708 275 3774 caput
289 3703 392 3757 linibat
417 3719 423 3758 ι
449 3703 590 3772 episcopo
612 3707 708 3756 antem
729 3705 910 3757 reservatam
926 3703 1020 3757 solnm
1075 3705 1212 3759 Arausic.
1229 3703 1321 3773 recipi
1334 3703 1471 3774 jussain3
1488 3719 1655 3828 quanquam
1670 3709 1768 3760 tamen
1783 3707 1911 3763 4444444444·

186 3788 326 3828 manuum
343 3773 573 3842 impositionem.
585 3774 770 3828 Acerrimum
779 3788 814 3827 ea
829 3774 859 3826 in
872 3789 905 3827 re
920 3773 1021 3827 adver·
1076 3775 1108 3829 P.
1121 3775 1254 3829 Morinos
1265 3774 1400 3844 ejusdem
1412 3774 1496 3829 conci
1509 3775 1529 3828 ii
1539 3777 1665 3830 mentem
1682 3774 1780 3832 luisse
1798 3781 1830 3833 ut
1842 3792 1899 3833 eam

189 3844 302 3897 sarium
314 3848 455 3913 expertus
471 3847 517 3897 est
532 3844 609 3896 Petr.
628 3843 790 3909 Aurelium,
808 3844 857 3925 qui
874 3845 1019 3898 chrisma·
1075 3846 1244 3900 unctionem
1259 3845 1304 3899 vel
1321 3845 1461 3915 aboleret,
1478 3845 1524 3899 vel
1545 3845 1708 3901 declararet
1722 3864 1783 3902 non
1799 3864 1899 3904 neces·

188 3914 298 3968 tionem
314 3915 495 3967 asacerdote
511 3914 574 3967 lieri
590 3915 707 3968 solitam
721 3917 842 3968 verticis
857 3914 1021 3969 fuissedis·
1076 3917 1194 3971 sariam.
1210 3914 1294 3980 Quod
1315 3920 1411 3970 autem
1436 3915 1515 3969 addit
1541 3914 1696 3971 frontalem
1717 3917 1844 3974 diacono
1857 3919 1904 3975 tri·

188 3983 617 4054 putabat,ecproindcaliam,
643 3984 749 4038 frontis
764 3984 911 4053 videlieet,
930 3985 1020 4056 adjici
1075 3985 1357 4056 butamaconcilio,
1373 3987 1493 4041 minime
1522 3987 1627 4042 mirum
1647 3988 1742 4044 videri
1767 3988 1904 4061 debet,si

188 4053 331 4109 debuisse
359 4054 394 4107 ah
425 4055 576 4124 episcopo.
594 4054 722 4109 Dallseus
743 4057 852 4108 tutatur
871 4055 1019 4111 Sirinondi
1076 4074 1134 4113 non
1149 4061 1196 4113 est
1211 4057 1253 4111 illi
1264 4060 1448 4111 sacramento
1464 4058 1644 4112 essentialis.
1909 4074 1924 4125 j:

187 4128 297 4195 partes,
315 4130 343 4178 et
356 4124 407 4178 lili.
421 4140 451 4177 444
468 4125 504 4178 de
516 4123 666 4192 Goihrm,
686 4140 750 4194 cap.
766 4125 792 4193 8,
805 4125 915 4180 diserte
931 4129 1020 4198 negat
1111 4130 1167 4198 (45)
1177 4129 1232 4183 llic
1246 4127 1392 4182 indicatur
1414 4126 1625 4198 neophytorum
1642 4145 1659 4183 a
1678 4129 1855 4201 baptisterio
1871 4126 1906 4193 ad

186 4195 276 4250 ullam
292 4210 387 4266 neque
417 4195 473 4249 hoc
496 4195 572 4263 loeo,
589 4209 684 4267 neque
699 4195 750 4249 lib.
767 4211 799 4248 444
824 4195 861 4250 de
884 4196 1017 4251 Sacram.
1076 4200 1176 4269 altare,
1193 4199 1293 4266 idest,
1311 4197 1347 4252 ab
1364 4198 1463 4252 infima
1477 4198 1707 4270 Ecclesioeparte
1722 4203 1758 4256 ad
1774 4206 1918 4257 sancius*

187 4282 252 4336 cap.
269 4284 288 4336 i,
300 4266 424 4321 alterum
441 4265 574 4334 spiritus,
590 4265 626 4319 dc
642 4281 700 4337 quo
712 4265 786 4320 locis
801 4267 888 4322 modo
905 4268 952 4321 cit.
965 4269 1021 4337 pri·
1075 4271 1161 4339 rium,
1198 4284 1359 4337 recessus,
1376 4272 1407 4323 ut
1421 4269 1463 4323 ihi
1478 4273 1578 4324 saneta
1588 4276 1783 4341 pascerentur
1798 4273 1922 4329 Euche·

186 4352 266 4392 mum
282 4336 441 4391 chrismate
457 4336 493 4389 ab
509 4336 612 4389 eodem
627 4336 801 4406 presbytero
818 4339 866 4408 qui
878 4340 1019 4392 verticem
1075 4287 1348 4395 i·istia.flocautem
1358 4356 1416 4394 non
1426 4340 1514 4394 fiebat
1524 4341 1588 4396 sine
1599 4343 1647 4413 pia
1655 4344 1782 4413 quadam
1791 4360 1926 4416 pompas

186 4410 320 4475 unxerat,
339 4406 480 4461 intrante
506 4405 614 4460 iactum
637 4408 673 4460 ad
696 4407 795 4461 crucis
811 4408 905 4462 instar
921 4425 927 4462 :
944 4410 1019 4464 alte·
1075 4415 1104 4466 et
1119 4413 1204 4482 plena
1220 4411 1395 4480 majestatis.
1411 4410 1527 4482 Singuli
1547 4413 1625 4466 enirn
1640 4429 1788 4470 accensos
1804 4431 1906 4471 cereos

187 4494 253 4532 rum
269 4494 328 4549 quo
342 4492 396 4548 per
410 4492 548 4531 manuum
564 4477 703 4531 antistitis
719 4478 936 4547 impositionem
951 4495 1018 4549 sep·
1074 4498 1163 4537 manu
1174 4481 1334 4554 gerebant,
1352 4496 1477 4552 eumque
1491 4497 1545 4553 per
1553 4485 1641 4537 totam
1657 4487 1792 4540 octavam
1803 4487 1905 4542 eodem

186 4548 297 4602 tiiormi
313 4549 407 4629 gratie
423 4547 687 4618 corconsignatur.
701 4548 758 4602 Sed
773 4549 868 4618 primo
884 4542 1057 4605 hiccrratD
1076 4557 1179 4608 ornatu
1209 4553 1383 4606 accederent
1409 4553 1445 4606 ad
1468 4568 1583 4607 sacram
1608 4556 1762 4625 synaxim,
1797 4558 1827 4612 si
1843 4572 1907 4630 qus

186 4618 236 4672 ille
252 4620 396 4686 minister,
413 4619 491 4689 quod
506 4622 676 4673 unctionem
690 4634 753 4688 cap.
769 4619 924 4690 6huJusce
939 4620 1017 4690 libri,
1096 4623 1181 4678 uellm
1192 4624 1390 4695 virginitatem
1405 4624 1435 4677 in
1451 4623 1605 4679 Paschatis
1627 4627 1704 4680 festo
1719 4632 1824 4683 essent
1838 4644 1908 4699 pro-

188 4691 216 4742 et
231 4704 263 4742 ee
288 4729 294 4742 .
311 4690 324 4743 4
342 4689 392 4742 lib.
404 4706 435 4742 444
451 4690 488 4743 do
499 4690 632 4745 Sacram.
648 4690 675 4744 si
701 4690 845 4744 nilicatem
861 4707 877 4743 a
892 4692 1019 4762 presby·
1075 4641 1177 4762 Fessae,
1204 4696 1278 4764 ipsae
1310 4695 1396 4748 etiam
1421 4695 1497 4748 inter
1520 4695 1575 4750 hos
1600 4697 1775 4752 innocentes
1797 4714 1908 4780 greges

186 4761 250 4836 tero
265 4705 331 4812 44444
347 4759 431 4839 daret
448 4775 454 4814 z
477 4776 542 4814 eum
559 4776 598 4841 444
611 4706 738 4841 simpffiici
753 4760 886 4815 locorum
900 4762 1020 4830 inspec-
1075 4766 1306 4820 deducebantur.
1321 4765 1459 4819 Ultimum
1471 4766 1527 4821 hoc
1539 4766 1656 4823 liberdc
1666 4768 1765 4840 Lapsa
1779 4770 1908 4843 rirginis

187 4830 267 4881 tione
282 4829 470 4883 manifestum
484 4831 523 4884 sit
541 4831 598 4884 soli
617 4846 757 4901 episcopo
780 4831 856 4885 haue
871 4833 1018 4903 arrogari.
1074 4839 1211 4891 testatum
1224 4837 1292 4890 iacit
1305 4852 1310 4889 :
1321 4836 1356 4890 de
1372 4836 1533 4891 luminibus
1543 4840 1639 4892 autent
1653 4839 1751 4909 agitur
1767 4840 1798 4894 in
1815 4841 1910 4912 opella

187 4895 300 4951 Deinde
315 4899 393 4967 quod
415 4899 503 4953 insert
522 4901 653 4955 eamdem
668 4901 748 4955 illam
764 4903 1020 4974 consignationem
1075 4907 1119 4961 De
1143 4907 1292 4978 itlysterio
1313 4906 1458 4975 Paschae,
1487 4923 1551 4977 cap.
1575 4911 1601 4978 5,
1631 4910 1708 4979 apud
1729 4911 1790 4966 Gra
1814 4913 1911 4969 orium

186 4966 265 5047 inter
287 4967 472 5048 baptismatis
498 4972 707 5025 numerandam
729 4975 1019 5043 esseeaeiamonias,
1076 4977 1194 5031 Nazian.
1225 4980 1296 5031 orat.
1323 4978 1358 5031 40
1373 4993 1463 5048 prope
1492 4979 1596 5047 ilnem,
1622 4979 1764 5050 Cyrillum
1789 4928 1909 5041 flieros.

187 5051 255 5116 pari⁸
267 5040 353 5091 etiam
369 5053 437 5106 Juro
457 5039 535 5093 idem
555 5041 591 5096 de
614 5048 799 5097 sacramento
824 5043 1020 5099 Eucharistiae
1075 5048 1246 5102 Procatech.
1263 5052 1291 5102 et
1306 5048 1423 5102 (letech.
1450 5048 1475 5115 t,
1500 5048 1700 5119 Fortunatam,
1717 5055 1807 5123 atque
1822 5053 1909 5111 alios.

188 5105 289 5176 colligi
299 5112 403 5176 posset
419 5124 425 5161 :
470 5110 526 5162 uod
541 5126 578 5164 ne
601 5111 649 5165 ille
665 5114 784 5182 quidem
804 5130 932 5185 unquam
948 5131 1020 5169 con·
1076 5119 1140 5173 4144
1154 5118 1398 5190 adjungcmnsub
1411 5121 1579 5189 Ambrosio,
1597 5120 1658 5175 lere
1672 5122 1792 5192 quoties
1807 5140 1909 5179 sacru·

691 3631 929 3686 ientinmesacro
939 3632 1019 3688 fonte
1075 3634 1133 3689 bus
1149 3633 1274 3689 necdum
1289 3633 1420 3687 admissa
1436 3632 1539 3700 iuerat,
1557 3634 1719 3690 verisimile
1734 3638 1782 3690 est
1797 3648 1918 3693 canone.-

187 5177 316 5231 cedaret.
334 5124 522 5232 Verumdieec
534 5180 657 5235 ulterius
672 5186 812 5254 prosequi
827 5201 885 5239 non
902 5190 948 5240 est
962 5186 1020 5240 loci
1075 5191 1164 5244 menti
1180 5190 1370 5244 eucharistici
1389 5191 1566 5245 mentionem
1590 5191 1668 5256 iacit,
1696 5197 1725 5247 et
1739 5209 1816 5249 sane
1836 5195 1909 5252 lacit
1929 5238 1933 5245 .

187 5238 290 5317 hujus.
307 5245 571 5329 addemusltamen
586 5252 907 5327 Sunetiboeuvium,qui
921 5256 1019 5312 exSS.
1076 5276 1133 5314 non
1149 5261 1223 5314 inire
1247 5265 1373 5327 nentem,
1384 5261 1529 5330 psalmum
1544 5278 1614 5330 xiii,
1629 5261 1683 5317 sed
1693 5264 1824 5320 maxima
1836 5282 1911 5337 44444,

187 5316 246 5371 ΡΡ.
264 5318 468 5372 chrismationr
479 5316 613 5374 effectum
630 5325 658 5375 et
672 5325 795 5393 gratiam
813 5325 1020 5382 Confirmatio·
1075 5277 1304 5385 adhihei·i.(i'ide
1320 5347 1386 5402 quai
1402 5347 1456 5387 nos
1472 5337 1550 5386 tomo
1566 5348 1666 5403 super.
1675 5334 1712 5389 ad
1728 5335 1931 5410 4444444444-

188 5386 374 5471 444441444444.
390 5387 417 5456 3,
429 5390 483 5442 art.
500 5387 544 5456 44,
558 5391 698 5471 attribuit,
714 5409 864 5475 nunquam
879 5413 971 5478 agere
985 5399 1021 5454 de
1075 5402 1167 5456 David
1182 5403 1310 5471 priorem
1325 5419 1389 5472 cap.
1406 5403 1450 5472 14,
1467 5419 1546 5458 4444.
1562 5404 1613 5473 59,
1626 5405 1835 5463 observamus.

185 5461 375 5539 impositione
405 5473 562 5540 manuum,
582 5477 659 5540 ¹quin
682 5468 849 5544 unctionem
873 5470 1021 5537 superiori
1079 5541 1084 5552 α
1110 5473 1165 5539 (46)
1182 5473 1777 5554 Altareeoiupositnm,hocestornatunr.
1795 5477 1930 5539 Etenim·

183 5529 1019 5672 titii-tiltres.{attitulasutillimis:
1072 5558 1271 5669 44441441ῗέ
1288 5544 1572 5673 lutterulis
1588 5547 1930 5693 4444444444Ὗὲ-

184 5665 320 5769 510ng
345 5684 410 5769 seg·
427 5668 442 5733 1
468 5672 498 5735 a
519 5666 554 5751 4,
578 5671 701 5736 nimium
720 5646 872 5756 seperatus
900 5649 1017 5761 dixerit,
1075 5629 1217 5749 44444444,
1235 5655 1341 5758 ee’reis,
1357 5657 1482 5745 no'ribus
1497 5686 1624 5762 danique
1642 5636 1913 5766 exornarentffin

1075 5769 1157 5821 ruore
1171 5754 1267 5821 tuisse
1278 5760 1415 5821 44444444
1434 5758 1504 5825 suat
1521 5757 1644 5843 opatu·
1658 5759 1783 5829 uasat.
1797 5763 1851 5829 1444.
1868 5780 1911 5873 44,
