3900 6128
99 253 178 320 1341

372 453 557 512 EPISTOLA
571 456 631 515 XC.

85 543 206 600 moun
222 557 351 600 amorem
366 544 398 601 r'n
412 560 460 611 se,
479 561 620 621 suumque
643 547 775 607 vicissim
789 550 821 606 r'u
836 550 918 608 illum

391 623 609 675 commemoret.

332 722 504 780 Aunnosrus
524 727 667 783 turonio.

116 811 144 868 t.
166 811 323 884 Nunquam
344 826 378 867 es
402 812 510 869 tacitus
534 815 616 886 milri,
639 831 694 872 uec
718 832 847 890 unquam
869 821 919 876 tuo

85 915 128 958 me
151 899 363 957 transmissum
387 899 505 958 silentio
526 919 645 976 querar,
664 903 716 977 qui
732 906 825 962 sciam
840 907 921 983 qued

85 992 131 1047 uo
146 1006 207 1047 non
222 989 318 1046 desim
333 989 457 1061 pectori.
474 990 548 1047 Nam
564 1007 632 1048 oum
646 993 676 1048 id
690 995 815 1066 pendas,
840 998 920 1068 quod

85 1078 177 1152 pluris
193 1081 259 1149 est,
274 1078 325 1151 qui
339 1081 425 1150 potes
440 1078 528 1135 etiam
553 1080 583 1136 id
607 1096 728 1155 negare,
744 1084 824 1156 quod
838 1101 920 1159 sepe

85 1167 171 1231 etiam
185 1167 215 1224 iu
229 1168 339 1224 multos
354 1167 465 1240 defluit,
482 1184 542 1227 non
551 1170 611 1227 tam
620 1171 731 1228 amoris
746 1188 816 1243 usu,
831 1190 920 1247 quam

85 1256 175 1315 efficii
189 1257 406 1314 vicissitudine.

113 1345 142 1405 2.
159 1346 223 1420 Ego
244 1361 316 1403 vero
339 1348 428 1403 etiam
451 1363 488 1404 ex
512 1364 578 1406 meo
600 1349 697 1406 auimo
718 1353 798 1407 tuem
822 1352 917 1409 vicem

415 254 473 320 be
492 254 687 326 EXGESSU
708 258 890 326 FRATRIS
911 260 982 329 SUI
1002 259 1168 329 sturm.
1194 297 1229 312 -
1251 259 1506 329 antrorum.

1744 228 1856 329 raas

940 443 971 507 Α
993 466 1025 521 ut
1053 466 1153 536 aperte
1181 480 1248 520 cum
1277 464 1429 522 individuo
1456 464 1588 538 pectoris
1618 465 1675 522 moi
1702 464 1825 538 loquar,

991 553 1187 609 verecundari
1201 568 1247 609 me
1261 553 1381 610 faciunt.
1398 553 1483 611 Unde
1498 558 1565 626 peto
1578 555 1609 610 ut
1623 553 1824 626 supersedeas

991 643 1153 714 gratiarum
1174 641 1288 714 relatu;
1318 643 1390 700 mibi
1415 644 1493 699 enim
1516 643 1573 699 mei
1603 643 1633 699 in
1657 658 1713 699 vos
1734 641 1825 700 oflicii
1894 647 1897 653 '

991 746 1107 786 summa
1123 746 1238 787 merces
1253 733 1309 800 est,
1325 733 1352 786 si
1369 747 1414 787 me
1430 733 1527 788 debito
1543 747 1616 806 erga
1630 747 1685 788 vos
1707 731 1824 788 muneri

990 834 1049 875 uon
1073 819 1208 876 defuisse
1232 821 1392 877 arbitrarer
1415 821 1482 892 (33).
1498 821 1579 893 Vale,
1603 826 1632 877 et
1647 836 1702 879 uos
1719 819 1820 895 dilige,

990 908 1059 981 quia
1073 923 1130 982 ego
1146 923 1265 984 queque
1280 911 1308 964 te
1324 909 1427 982 diligo.

1271 1033 1454 1091 merois
1474 1033 1548 1091 xcl,

1110 1140 1315 1198 Garrmnrauuu
1329 1141 1439 1213 laudat,
1456 1156 1490 1197 ae
1504 1157 1538 1198 se
1552 1140 1703 1215 deprimit.

1169 1265 1339 1323 Auenosrns
1359 1265 1539 1323 Caunrnreuo
1556 1266 1649 1323 fratri.

1026 1352 1051 1409 l.
1068 1352 1207 1411 Summus
1222 1355 1341 1428 quidem
1358 1356 1499 1427 splendor
1513 1355 1544 1412 in
1559 1369 1696 1412 sermone
1707 1357 1824 1424 esttuo,

85 1434 208 1506 ntimo,
230 1437 263 1491 ut
285 1452 435 1508 nunquam
460 1453 506 1494 me
528 1438 591 1509 tibi,
618 1441 647 1494 et
669 1441 698 1495 te
722 1439 794 1496 milri
807 1442 915 1499 absen·
939 1457 965 1520 Β
990 1443 1044 1498 sed
1060 1444 1156 1518 magis
1170 1444 1200 1500 in
1216 1443 1323 1501 aflectu
1338 1445 1434 1502 elucet
1448 1445 1540 1516 mihi,
1557 1461 1625 1501 nam
1640 1445 1670 1501 in
1685 1443 1821 1516 epistolis

85 1538 139 1585 em
152 1528 270 1597 putem,
286 1526 424 1597 quoniam
441 1542 560 1600 semper
579 1529 687 1585 animis
703 1529 890 1588 adhaeremus
906 1548 913 1589 :

85 1630 231 1687 nunquam
258 1617 324 1671 tuas
353 1614 467 1671 litteras
495 1616 568 1672 mibi
596 1617 704 1674 deesse
727 1619 841 1691 opiner,
865 1624 915 1677 eut

85 1718 163 1761 neas
177 1702 231 1758 tibi
247 1720 253 1758 :
271 1719 338 1759 cum
359 1707 387 1759 te
411 1704 542 1776 quotidie
566 1720 668 1762 coram
682 1707 826 1780 alloquar,
842 1708 871 1765 iu
886 1712 915 1766 te

85 1792 206 1864 toules,
235 1792 352 1864 studia,
382 1796 469 1867 atque
497 1794 595 1851 omnia
625 1793 723 1866 oftlcin
750 1812 815 1852 mea
841 1798 915 1855 diri·

85 1897 148 2031 ‘'dl-¹
151 1923 214 2029 ‘llis
225 1973 322 2028 tecum
332 1969 457 2027 delectat
467 1972 609 2046 congredi
622 1988 630 2046 ;
646 1973 828 2032 numlittertc
844 1979 913 2050 ture,

988 1533 1096 1589 ruentis
1117 1537 1175 1589 tuae
1199 1534 1313 1607 aspicio
1335 1534 1493 1608 fulgorem,
1517 1534 1711 1591 dilectissime
1731 1533 1823 1590 freter

987 1635 1022 1678 ac
1037 1621 1221 1678 beatissime.
1246 1622 1390 1679 Dominus
1412 1627 1439 1679 te
1463 1622 1628 1693 benedicat,
1652 1628 1680 1679 ct
1704 1622 1753 1678 det
1767 1621 1821 1678 tibi

987 1726 1072 1766 suam
1087 1712 1230 1784 gratiam;
1247 1726 1315 1767 nam
1339 1716 1367 1767 et
1391 1711 1455 1782 ipse
1478 1711 1508 1766 in
1530 1710 1665 1784 epistolis
1680 1711 1740 1767 tuis
1754 1713 1823 1769 vote

985 1800 1083 1873 magis
1107 1815 1195 1872 quam
1217 1816 1283 1856 mea
1305 1800 1407 1855 merita
1433 1801 1722 1872 recognoscerem
1745 1799 1823 1856 enlm

985 1889 1089 1945 merita
1101 1904 1165 1945 mea
1179 1888 1269 1944 tantis
1284 1888 1345 1944 tuis
1360 1893 1515 1960 aequentur
1539 1888 1755 1945 sermonibus?
1769 1886 1822 1944 Di·

984 1977 1044 2053 lige
1059 1992 1125 2050 nos,
1143 1978 1244 2050 frater,
1260 1979 1328 2052 quia
1344 1994 1400 2036 nos
1415 1982 1443 2034 te
1459 1977 1612 2051 diligimus
1626 1976 1694 2050 (dt).

111 2121 170 2195 (88)
185 2121 260 2180 lise.
276 2122 397 2196 aliquot,
417 2139 501 2180 «nou
516 2123 649 2182 doluisse
664 2125 828 2184 arbitreris.
847 2152 858 2177 a
1019 2129 1076 2200 (34)
1091 2128 1158 2188 Νοιι
1171 2129 1257 2204 pauci
1273 2145 1360 2201 mss,
1378 2147 1390 2182 a
1407 2128 1477 2202 quia
1492 2130 1521 2185 et
1535 2140 1592 2203 ego
1606 2122 1635 2185 te
1651 2126 1755 2202 diligo.
1775 2151 1786 2176 ι

283 2525 343 2590 IN
358 2490 535 2593 tiseos
553 2527 624 2593 DE
640 2528 863 2595 EXGESSU
878 2530 1088 2596 FRATRIS
1108 2529 1168 2594 SA
1178 2528 1298 2594 TYRI
1315 2526 1611 2596 seuuemo,

102 2816 265 2875 Amosro
279 2825 388 2891 preter
402 2821 602 2879 Mareellinam
617 2837 762 2895 sororem,
778 2839 866 2897 quam
881 2827 1032 2896 perpetum
1046 2823 1226 2898 virginitatis
1241 2827 1343 2879 retum
1357 2823 1536 2894 professam,
1561 2821 1664 2878 Rome
1679 2823 1711 2877 ut
1725 2820 1821 2892 pluri·

85 2920 153 2964 mm
170 2908 335 2981 habitasse,
351 2910 420 2967 libri
435 2912 480 2968 De
501 2911 676 2987 Virginibus
690 2916 720 2970 et
733 2914 941 2970 ambrosianae
955 2916 992 2971 ad
1008 2929 1073 2971 eam
1088 2913 1223 2986 epistolae
1238 2914 1333 2986 palam
1350 2912 1471 2983 faciunt,
1487 2913 1543 2968 fuit
1556 2912 1644 2968 ctiam
1660 2907 1820 2985 germmim

85 2998 174 3066 uter,
192 2997 282 3071 cujus
299 3000 397 3057 obitus
413 3001 496 3058 hisce
511 3002 618 3073 opellis
634 3018 756 3058 causam
771 3003 910 3075 proebuit.
927 3003 1004 3060 Huic
1019 3019 1127 3059 nomen
1151 3003 1257 3076 Satyro
1278 3003 1403 3059 inditum
1426 3004 1551 3072 cenent,
1568 3015 1710 3074 quocum
1724 3001 1819 3057 macti

85 3086 207 3143 actoru
222 3089 393 3146 auctoritate
409 3090 570 3147 Romanum
584 3091 834 3165 Martyroloqium
849 3092 886 3147 ad
900 3109 940 3146 xv
956 3091 1020 3148 ltal.
1040 3090 1144 3148 Octob.
1162 3096 1333 3148 sanctorum
1349 3107 1473 3147 numero
1488 3090 1623 3147 inseruit.
1639 3089 1699 3147 Sed
1722 3089 1820 3161 ipsam

85 3188 200 3246 nuper
215 3175 357 3233 Urianum
373 3179 612 3252 cognominatum
636 3194 707 3236 esse
730 3195 768 3236 ex
790 3180 858 3253 eJ'us
883 3180 1041 3251 epitaphio,
1058 3181 1137 3253 quod
1153 3184 1292 3253 tanquam
1306 3181 1343 3238 ab
1359 3181 1486 3252 ipsomet
1501 3179 1661 3235 Ambrosio
1676 3178 1820 3251 scriptum

85 3262 165 3321 emt
180 3264 336 3339 Duugalus
352 3267 408 3339 (De
431 3269 512 3325 cultu
535 3269 626 3342 lmap.
652 3271 722 3325 tom.
748 3269 786 3324 lV
810 3269 891 3325 Bibl.
910 3270 973 3326 PP.
989 3273 1064 3342 part.
1081 3272 1123 3341 u),
1140 3270 1316 3343 intelligitur
1331 3286 1338 3326 ε
1355 3270 1413 3326 nisi
1429 3268 1570 3325 malueris
1583 3281 1620 3349 „p
1634 3267 1746 3324 Uranie
1760 3282 1821 3324 non

85 3355 264 3430 gnominis
279 3357 422 3414 rationem
437 3360 608 3431 attribuere,
626 3359 679 3415 sed
694 3359 816 3415 tandum
830 3359 951 3432 epitheti
966 3375 1025 3432 quo
1039 3360 1148 3432 Satyri,
1161 3359 1223 3431 jam
1240 3361 1270 3416 in
1285 3359 1394 3416 coelum
1408 3359 1531 3430 recepti,
1547 3355 1697 3413 beatitudo
1720 3354 1818 3429 signi-

85 3444 188 3503 »tun
206 3445 270 3509 Noe
284 3448 403 3520 quidem
418 3449 448 3503 in
462 3449 559 3505 medio
575 3466 637 3507 rem
652 3450 867 3522 relinquemus,
884 3449 1065 3522 epitaphium
1079 3464 1151 3505 rere
1168 3449 1366 3520 subjiciemus
1383 3447 1431 3503 bis
1446 3446 1639 3518 praemonitis.

89 3532 233 3606 &tyrus
258 3536 355 3610 itaque
378 3539 505 3610 primum
529 3538 559 3593 iu
584 3539 648 3594 foro
670 3554 778 3596 causas
801 3540 896 3595 oravit
919 3538 982 3610 (tib.
1007 3553 1027 3608 ι,
1052 3537 1199 3609 uumto),
1216 3537 1322 3593 deiude
1337 3536 1557 3608 provinciarum
1571 3532 1819 3589 administrationi

85 3622 236 3681 'nfectus
252 3624 307 3682 fuit
321 3629 413 3697 (nuru.
430 3628 486 3699 58),
503 3628 583 3700 qnod
597 3632 755 3701 utrumque
770 3642 928 3685 commune
943 3626 1045 3684 hebuit
1060 3642 1127 3682 oum
1143 3626 1314 3682 Ambrosio.
1328 3626 1387 3682 Sed
1405 3625 1495 3681 multo
1510 3624 1596 3695 plura
1620 3623 1650 3678 in
1673 3622 1733 3679 illis
1747 3622 1819 3678 emi·

85 3716 200 3773 rerunt
214 3730 301 3787 quem
316 3716 475 3789 simillima,
492 3720 521 3774 et
535 3734 631 3791 usque
646 3718 720 3774 adeo
736 3718 810 3774 alter
824 3718 949 3774 alterum
963 3716 1056 3786 vultu,
1075 3716 1211 3786 corporis
1233 3714 1345 3784 babitu,
1370 3714 1548 3784 valetudine,
1574 3712 1705 3786 iugenio,
1730 3711 1820 3767 mori·

85 3816 122 3861 ιι
138 3803 296 3865 referebat
310 3806 402 3876 (uum.
419 3806 464 3878 38,
479 3808 524 3877 39,
540 3808 597 3880 79),
613 3810 644 3863 ut
659 3808 738 3863 aliud
754 3807 878 3863 fratrum
892 3823 947 3880 par
959 3808 1019 3861 tam
1034 3804 1164 3876 perfecte
1176 3804 1234 3859 sibi
1245 3803 1437 3859 consentiens
1452 3803 1502 3858 rix
1516 3816 1646 3875 unquam
1660 3801 1817 3857 exstiterit.

85 3890 148 3949 luc
163 3893 233 3947 nata
247 3892 306 3965 illa,
322 3910 389 3967 qum
404 3896 515 3951 arctius
531 3912 619 3964 quam
633 3899 736 3952 natura
752 3895 818 3966 ipse
833 3911 886 3951 eos
902 3895 1072 3968 colligabat,
1091 3893 1191 3950 intime
1206 3896 1235 3949 et
1249 3896 1349 3948 mutue
1364 3893 1494 3949 charitas
1516 3894 1607 3960 (num.
1632 3890 1677 3961 st,
1700 3889 1766 3962 22);
1782 3905 1820 3946 ex

85 3994 123 4038 ιι
140 3979 323 4052 factumest,
341 3987 372 4038 ut
388 4001 454 4040 curn
470 3985 581 4041 invitus
596 4001 632 4041 ac
645 3985 797 4041 reluctans
814 3983 993 4040 Ambrosius
1016 3998 1093 4039 onus
1117 3981 1263 4038 subiisset
1288 3982 1470 4054 episcopale,
1494 3980 1618 4052 Satyrus
1638 3994 1755 4036 emnem
1769 3994 1821 4035 re·

85 4082 132 4127 ιω
150 4068 383 4128 domesticarum
399 4076 486 4146 etque
502 4073 706 4144 temporalium
722 4089 824 4128 curam
838 4073 869 4127 in
885 4087 918 4127 se
934 4072 1079 4145 reclperet
1093 4072 1185 4143 (num.
1201 4072 1236 4127 20
1251 4073 1337 4145 seq),
1355 4072 1411 4127 hac
1425 4071 1530 4127 sellem
1545 4070 1657 4126 laboris
1677 4085 1712 4124 ac
1732 4068 1819 4125 solli·

85 4157 215 4215 tudinis
230 4164 313 4229 parte
328 4161 448 4218 fratrem
463 4163 626 4218 levaturus.
644 4161 775 4232 Contigit
789 4165 887 4217 autem
900 4163 932 4216 ut
945 4161 1078 4232 Prosper
1091 4161 1210 4233 quidam
1234 4162 1265 4215 iu
1289 4161 1386 4232 aliqua
1405 4160 1626 4232 provinciarum
1642 4159 1751 4214 Africm
1766 4159 1819 4217 de-

85 4262 147 4309 ns
173 4247 302 4305 debitam
326 4251 468 4307 fratribus
492 4251 648 4324 pecuniam
672 4251 790 4307 solvere
815 4251 991 4307 detrectaret
1014 4251 1106 4321 tuum.
1129 4249 1187 4322 tt).
1211 4249 1254 4306 lto
1278 4251 1440 4322 proticisci,
1467 4250 1536 4305 licet
1557 4250 1646 4310 fratre
1661 4246 1819 4304 admodum

85 4336 244 4411 mgente
259 4354 293 4395 ac
308 4340 515 4413 frequentibus
531 4341 636 4396 litteris
652 4342 739 4396 etiam
754 4341 912 4396 revocante
935 4339 1027 4410 (num.
1052 4338 1109 4409 25),
1135 4338 1288 4395 coustituit
1310 4339 1444 4410 Satyrus.
1470 4338 1580 4394 Verum
1596 4337 1693 4393 soluta
1706 4336 1736 4391 in
1750 4335 1819 4408 ipso

85 4442 166 4486 mu
180 4442 256 4483 nave
270 4445 328 4501 qua
344 4430 504 4501 ferebatur,
521 4446 580 4485 non
596 4430 661 4485 sine
677 4429 779 4486 ultimo
793 4429 926 4501 periculo
950 4428 1042 4498 (uum.
1069 4428 1113 4499 t'l,
1138 4429 1183 4499 27)
1206 4428 1317 4500 appulit
1338 4428 1375 4482 ed
1391 4442 1472 4484 oram
1486 4425 1672 4482 destinatam.
1691 4425 1764 4481 Rem
1778 4438 1817 4480 ex

85 4514 162 4575 timi
178 4518 325 4574 sententia
339 4519 485 4592 transegit
501 4534 567 4575 cum
584 4519 743 4590 Prospero.
769 4518 806 4573 At
830 4518 860 4574 in
884 4518 996 4573 ltaliam
1019 4520 1107 4589 atque
1129 4517 1203 4574 adeo
1227 4517 1424 4573 Mediolanum
1441 4531 1594 4584 reversus,
1609 4514 1661 4568 rix
1676 4512 1816 4569 fraternis

85 4602 260 4679 mplexibus
275 4606 409 4662 redditus
425 4607 530 4677 fuerat,
548 4622 614 4663 cunr
630 4606 660 4663 in
674 4606 888 4680 gravissimum
911 4607 1014 4663 incidit
1035 4608 1180 4678 morbum,
1203 4607 1292 4680 enjus
1312 4607 1342 4661 ri
1366 4610 1395 4662 et
1417 4604 1569 4660 atrocitate
1588 4603 1753 4660 exstinctus
1769 4604 1817 4659 est

85 4708 164 4752 mm.
182 4693 237 4764 Π).

93 4780 254 4851 Quantum
270 4783 382 4840 doloris
398 4801 434 4841 ex
450 4785 517 4858 ejus
533 4788 626 4841 morte
643 4784 753 4857 ceperit
767 4783 958 4856 Ambrosius,
975 4785 1062 4841 facile
1077 4784 1176 4858 quivis
1187 4801 1224 4840 ex
1235 4784 1390 4857 utriusque
1400 4797 1499 4839 amore
1510 4797 1544 4837 eo
1554 4780 1735 4837 suavissima
1745 4780 1814 4838 vitm

85 4870 214 4931 teietme
230 4872 382 4946 intelligat.
399 4874 619 4945 Verumtamen,
636 4874 693 4930 boc
709 4888 782 4929 casu
807 4872 905 4946 frangi
930 4886 964 4928 se
987 4888 1171 4945 nequaquam
1194 4888 1314 4944 passus,
1340 4888 1399 4928 non
1423 4871 1509 4927 modo
1533 4871 1660 4927 exanimi
1680 4871 1816 4942 eorporis

85 4961 175 5020 culos
192 4977 281 5017 manu
296 4977 350 5018 sua
366 4963 505 5019 claudere
520 4966 612 5036 (uum.
632 4964 686 5035 le),
704 4965 791 5036 atque
807 4963 915 5018 feretro
931 4963 1072 5018 humeros
1084 4961 1235 5034 subjicere
1246 4962 1304 5017 sibi
1315 4961 1469 5033 imperarit
1479 4961 1570 5031 (num.
1587 4959 1615 5026 l)
1631 4976 1638 5017 :
1656 4960 1813 5017 sedetiam

85 5062 241 5110 >ascenso
257 5051 382 5107 ambone
396 5053 540 5124 basilicae,
558 5054 694 5110 audiente
709 5052 865 5108 innumera
879 5052 979 5124 populi
994 5051 1171 5123 frequentia,
1187 5055 1215 5105 et
1234 5054 1351 5121 petente
1374 5051 1532 5122 presentis
1556 5049 1712 5106 cadaveris
1736 5049 1813 5107 facie

85 5154 163 5197 mm.
180 5137 237 5209 78),
255 5127 321 5195 eum
338 5141 467 5197 laudarit
481 5144 579 5213 priore
595 5142 700 5197 barum
714 5141 890 5211 orationum,
902 5140 990 5214 cujus
1005 5156 1150 5197 summam
1165 5140 1214 5196 bic
1228 5141 1414 5196 exhibemus.
1433 5139 1580 5211 Principio
1594 5140 1686 5208 (uum.
1705 5137 1718 5194 t
1735 5141 1812 5212 seq.)

85 5227 184 5284 retias
200 5227 260 5300 agit
276 5230 354 5300 quod
372 5230 515 5286 Ecclesiae
531 5231 695 5302 periculum
710 5230 740 5286 iu
756 5229 898 5285 familiam
913 5245 999 5285 suam
1014 5244 1192 5285 conversum
1208 5230 1342 5285 videatur
1354 5245 1361 5299 ;
1375 5235 1404 5284 et
1424 5243 1483 5283 non
1502 5231 1561 5283 tam
1581 5228 1639 5283 sibi
1654 5226 1813 5282 dolendum

85 5316 150 5375 nod
164 5315 287 5372 fratrem
303 5319 445 5388 amiserit,
463 5335 551 5392 quam
566 5319 773 5393 gratulandum
788 5319 867 5392 quod
883 5334 951 5375 eum
965 5320 1143 5392 quandoque
1157 5319 1303 5388 habuerit,
1324 5318 1496 5390 profitetur3
1520 5317 1646 5372 maxime
1670 5314 1812 5370 autemid

85 5405 126 5464 dri
142 5419 217 5461 esse
233 5406 348 5478 solatio,
365 5409 443 5481 quod
459 5410 606 5481 lacrymas
622 5425 693 5464 sues
708 5411 930 5481 prosequentur
944 5408 1074 5465 omnium
1090 5408 1228 5480 lacrymae
1242 5411 1334 5479 (uum.
1348 5409 1387 5479 5),
1408 5407 1546 5480 quodque
1558 5405 1620 5479 jam
1637 5419 1673 5459 ue
1689 5419 1706 5458 e
1721 5403 1813 5457 fratre

85 5510 203 5571 nquam
218 5495 373 5552 divellatur
388 5499 479 5568 (num.
505 5499 543 5568 6),
570 5498 688 5552 minime
712 5497 821 5552 timeat.
845 5497 922 5553 lliuc
945 5498 995 5553 ubi
1019 5497 1220 5569 multiplicem,
1244 5513 1312 5569 qum
1335 5497 1393 5552 sibi
1412 5513 1479 5552 cum
1494 5497 1584 5551 fratre
1599 5491 1811 5561 intercedebat,

85 5582 312 5656 sejunctionem
327 5586 486 5642 tenerrimo
501 5587 612 5642 amoris
627 5600 722 5642 sensu
737 5587 978 5641 commemoravit
994 5586 1085 5656 (nram.
1101 5584 1117 5641 ‘t
1133 5587 1220 5659 seq),
1236 5585 1368 5642 delorem
1384 5599 1472 5641 suum
1486 5583 1525 5637 ita
1539 5584 1673 5649 excusat,
1689 5583 1720 5634 ut
1745 5594 1812 5635 eum

85 5673 303 5745 imperandum,
321 5676 522 5748 potiusquam
538 5674 706 5744 delendum,
724 5677 851 5730 asserat.
868 5673 988 5749 Colligit
1003 5677 1100 5730 tamen
1115 5675 1259 5747 quasdam
1274 5672 1488 5731 consolationis
1509 5685 1628 5739 causas,
1644 5671 1673 5724 et
1687 5668 1813 5741 potissi·

85 5775 150 5821 ram
165 5761 260 5839 (uum.
276 5761 310 5822 ll
326 5765 401 5844 seq.)
416 5765 496 5842 quod
503 5765 586 5825 fratri
595 5780 633 5825 ex
640 5763 742 5825 Africa
752 5763 854 5823 reduci
862 5763 963 5824 ultima
972 5762 1091 5841 pietatis
1099 5761 1197 5823 officia
1208 5765 1236 5821 et
1244 5763 1368 5823 reddere
1380 5760 1438 5819 sibi
1447 5757 1573 5818 licuerit.
1590 5757 1665 5818 Tum
1678 5757 1812 5836 repetitis
