3900 6128
878 307 1135 377 ADMONITIO.

509 775 582 889 111
612 774 788 892 ’111118
815 776 1064 894 LIBROS
1093 778 1184 889 1111
1212 777 1512 895 OFFlGllS

874 1028 1094 1101 ADblONl'l
1097 1029 1155 1100 10.

166 1424 240 1475 (jum
255 1421 461 1476 honorabilem
475 1421 551 1475 inter
565 1421 691 1475 caeteros
707 1418 811 1474 fideles
830 1418 861 1474 in
877 1419 1030 1479 Dominico
1052 1441 1145 1497 grego
1161 1426 1260 1481 locam
1275 1426 1425 1483 obtineant
1440 1430 1518 1484 sacri
1541 1428 1678 1498 ministri,
1705 1446 1764 1486 non
1781 1430 1878 1503 potnit

131 1513 311 1565 :lminosins
328 1511 466 1565 omnibns
482 1510 631 1580 parochiae
648 1508 707 1564 sihi
722 1509 841 1563 creditae
856 1509 1010 1566 ordinibus
1030 1514 1219 1570 instituendis
1244 1532 1394 1587 nunquam
1410 1532 1468 1571 non
1483 1518 1624 1586 intentus,
1642 1520 1773 1591 egregiae
1793 1519 1875 1577 illins

130 1601 276 1670 portionis
292 1616 392 1654 meres
406 1600 444 1653 iis
460 1600 618 1669 praeceptis
632 1599 789 1654 destitutos
805 1598 983 1671 relinquere,
1001 1600 1110 1670 quihus
1127 1605 1155 1657 et
1170 1603 1235 1673 ipsa
1258 1604 1413 1672 pervenire
1436 1604 1474 1658 ad
1499 1619 1661 1677 congruam
1680 1621 1735 1661 sne
1759 1604 1876 1661 nruneri

128 1691 357 1743 sanctimoniam
373 1689 494 1756 valeret,
507 1690 535 1742 et
549 1688 689 1742 virtutum
705 1687 841 1758 exemplo
857 1688 888 1742 in
907 1689 1010 1743 eadem
1024 1689 1071 1743 via
1085 1690 1164 1759 plebi
1178 1691 1294 1761 praeire.
1312 1691 1387 1747 Hine
1404 1693 1488 1763 origo
1504 1693 1611 1747 horum
1625 1694 1789 1767 librorum,
1805 1710 1877 1750 naar

128 1795 197 1832 enm
214 1780 296 1848 prius
313 1794 386 1834 voce
402 1778 529 1833 clericos
544 1792 617 1831 suos
634 1776 792 1832 informare
808 1777 844 1831 ad
860 1777 997 1847 pietatem
1013 1779 1117 1834 scdulo
1141 1780 1316 1845 studuisset,
1335 1784 1437 1850 postea
1458 1797 1495 1836 ne
1510 1782 1585 1837 datae
1600 1782 1818 1852 praeceptiones
1834 1796 1874 1839 ex

127 1885 232 1923 eornm
247 1869 355 1922 animis
370 1868 509 1938 paulatim
521 1868 686 1936 effluerent,
704 1867 824 1921 easdem
840 1867 871 1920 in
891 1869 990 1938 operis
1006 1869 1129 1940 legitimi
1146 1885 1256 1938 eorpus
1280 1870 1415 1925 redactas
1440 1871 1516 1939 ipsis
1537 1872 1738 1941 qnasi'manu
1752 1887 1786 1926 ac
1803 1871 1873 1929 sinu

126 1975 248 2027 scurper
263 1958 401 2012 ferendus
418 1957 535 2012 tradere
554 1955 716 2011 constitnit.
732 1955 803 2011 lure
818 1956 910 2027 igitur
928 1956 1024 2012 eidem
1043 1957 1129 2028 Operi
1147 1958 1260 2012 titulum
1276 1958 1346 2013 feeit
1362 1958 1404 2012 Do
1422 1957 1528 2013 Officio
1542 1959 1763 2029 illinistrornm,
1780 1974 1872 2030 qnam

127 2064 184 2100 nos
201 2063 239 2101 ex
256 2046 467 2116 manuscriptis
482 2045 544 2101 fere
560 2045 698 2100 omnihus
713 2061 747 2100 ae
762 2048 840 2101 notae
855 2045 987 2101 melioris
1002 2047 1196 2102 restituimus.

162 2137 195 2190 ln
209 2136 304 2206 prime
317 2136 392 2189 libro
408 2136 483 2206 (cap.
503 2135 538 2204 l),
555 2135 653 2189 statim
668 2135 769 2189 causis
784 2134 844 2189 illis
862 2134 971 2206 quibus
988 2137 1025 2190 ad
1039 2136 1230 2191 scribendam
1250 2136 1390 2191 inductus
1409 2140 1500 2207 esset,
1517 2153 1575 2191 non
1592 2138 1657 2191 sinc
1671 2138 1803 2208 ingenua
1817 2135 1867 2193 sui

125 2226 309 2279 demissione
321 2224 493 2294 prepositis,
509 2223 639 2279 ostendit
653 2224 729 2293 (cap.
746 2224 763 2278 ⁶2
779 2224 900 2295 etseq.)
922 2224 1070 2279 silentium
1086 2225 1225 2295 optimum
1242 2240 1311 2279 esse
1326 2226 1466 2297 loquendi
1488 2227 1674 2298 magistrum,
1694 2230 1722 2280 et
1740 2226 1871 2283 maxime

125 2318 154 2366 in
171 2316 213 2367 ira
229 2313 434 2367 inlinendum:
461 2312 529 2383 ejus
544 2327 615 2367 rere
630 2313 715 2385 leges
732 2312 908 2382 Prophetam
927 2328 1029 2385 regom
1052 2316 1119 2367 ante
1135 2312 1332 2384 Pythagoram
1348 2318 1376 2366 et
1397 2314 1488 2367 multo
1504 2314 1694 2382 praestantius
1710 2314 1799 2368 nobis
1813 2312 1869 2367 de·

123 2404 208 2456 disse
223 2406 299 2473 icap.
320 2402 361 2467 10,
378 2418 457 2456 ιιιιιιι.
475 2400 820 2471 al.lTamp1·0positum
836 2417 924 2456 suum
938 2417 1116 2474 aggressae,
1133 2402 1211 2456 unde
1223 2402 1334 2456 oriatur
1348 2417 1407 2456 rex
1424 2401 1560 2456 Ofdeirnn
1574 2406 1651 2470 (cap.
1669 2404 1686 2456 8
1701 2405 1729 2455 et
1745 2402 1784 2471 o),
1800 2416 1868 2472 qna)

122 2493 161 2544 sit
178 2492 246 2562 ejus
262 2491 452 2562 significatio,
469 2494 497 2545 ct
512 2494 583 2561 quot
597 2490 627 2543 in
642 2493 741 2559 partes
758 2490 952 2545 distribuatur
967 2492 1043 2561 (cap.
1067 2491 1123 2557 fil,
1148 2491 1222 2545 scite
1246 2491 1391 2561 explieat:
1419 2491 1555 2545 admonet
1575 2493 1672 2545 autom
1686 2493 1753 2544 ante
1769 2490 1868 2545 omnia

121 2579 293 2632 lllrristiano
309 2579 373 2632 rire
389 2578 552 2632 cavendnm
568 2593 637 2634 esse
649 2595 696 2648 ne,
709 2578 955 2648 philosophorum
971 2595 1063 2646 more,
1080 2580 1237 2635 honestum
1252 2583 1301 2634 aut
1318 2581 1387 2635 utile
1402 2596 1438 2634 ex
1456 2581 1514 2633 vita
1529 2580 1670 2650 praesenti
1686 2578 1868 2635 metiendum

121 2672 213 2736 putet,
232 2666 285 2721 sed
301 2683 339 2722 ex
355 2666 461 2722 futura.
477 2665 614 2722 Officium
629 2667 758 2722 medium
773 2668 804 2722 in
826 2672 1053 2740 praeceptorum,
1073 2668 1235 2738 perfectum
1260 2685 1330 2723 vere
1355 2669 1385 2722 in
1410 2669 1602 2723 consiliorum
1624 2668 1868 2738 evangelicorum

120 2758 332 2811 eliserraiione
348 2757 476 2826 pesitum
493 2756 571 2815 alian,
590 2755 679 2828 idque
694 2756 882 2827 philosophis
898 2758 994 2812 sterili
1010 2761 1121 2812 tantum
1143 2757 1345 2828 speculatione
1367 2758 1463 2813 fnisse
1483 2758 1643 2830 cognitum.
1661 2756 1772 2812 Deinde
1786 2756 1864 2826 (esp.

123 2846 153 2898 12
175 2850 205 2899 et
229 2860 307 2916 seq.)
330 2845 489 2899 confutatis
514 2846 693 2916 quibusdam
714 2847 878 2916 erroribus,
899 2846 936 2901 ad
959 2847 1077 2920 singula
1097 2846 1269 2903 Officiornm
1292 2863 1402 2920 genera
1426 2837 1549 2903 accedit.
1567 2848 1599 2901 ln
1622 2843 1864 2901 adolescentibus

119 2937 271 3005 praecipue
287 2935 471 2989 commendat
486 2934 562 3005 (cap.
587 2935 619 2989 l'l
641 2934 673 2990 el
693 2937 769 3006 seq).
786 2936 868 2990 illum
887 2936 1041 3017 pudorem,
1057 2937 1106 3008 qni
1131 2953 1189 2992 non
1214 2939 1301 2993 modo
1327 2937 1505 2993 exteriorem
1527 2937 1659 2991 habitum
1683 2935 1770 3007 regit,
1791 2935 1820 2989 et
1833 2932 1865 2988 in

116 3027 208 3089 motu,
226 3025 359 3094 incessu,
374 3039 523 3092 sermone,
545 3027 573 3078 et
590 3025 669 3079 victu
684 3025 800 3094 elucet3
819 3041 921 3081 verum
945 3026 1031 3081 etiam
1048 3027 1180 3082 internas
1196 3028 1345 3099 componit
1360 3027 1525 3096 facultates,
1544 3026 1597 3082 Dei
1612 3025 1728 3080 seilicet
1743 3024 1859 3094 timore,

116 3114 309 3169 veneratione
334 3118 497 3183 parentum,
530 3117 557 3168 et
583 3115 836 3184 perturbationum
863 3115 952 3171 animi
975 3116 1185 3172 moderatiene.
1217 3117 1252 3171 Et
1280 3116 1345 3172 haec
1369 3118 1488 3188 quidem
1517 3116 1647 3171 declarat
1675 3114 1872 3184 potissimum.

116 3204 229 3273 requiri
245 3205 275 3257 in
289 3204 425 3271 elericis;
447 3205 556 3274 qnippe
572 3220 648 3276 quos
670 3205 750 3259 omni
776 3220 814 3259 ex
827 3208 909 3275 parte
925 3207 985 3260 tam
1009 3208 1089 3259 recte
1106 3205 1283 3259 constitutas
1306 3219 1375 3259 esse
1400 3206 1542 3274 oportent,
1560 3205 1600 3270 ut,
1626 3203 1736 3256 nullam
1751 3200 1863 3257 invidis

118 3292 316 3347 calumniandi
332 3309 436 3348 ansam
452 3293 630 3364 praebentes,
647 3294 782 3364 exemplo
797 3293 884 3349 bonae
900 3294 1137 3349 conversationis
1149 3293 1463 3363 eunctispraaluccant.
1477 3292 1582 3346 Postea
1594 3291 1670 3360 (cop.
1681 3288 1717 3344 25
1732 3293 1761 3344 et
1771 3288 1861 3361 seq).

118 3382 153 3434 ale
170 3382 340 3450 virtutihus,
357 3398 430 3453 quas
447 3381 614 3437 cardinales
629 3386 745 3453 venant,
762 3383 895 3438 instituta
912 3381 1135 3452 disceptatione,
1152 3397 1203 3437 eas
1219 3382 1325 3436 astruit
1338 3380 1436 3436 fontes
1453 3396 1522 3436 esse
1538 3379 1628 3434 totins
1645 3377 1862 3450 bonestiatqne

118 3471 231 3537 iterari,
248 3471 328 3542 qnod
344 3471 434 3542 hujus
450 3471 516 3526 lihri
533 3475 740 3544 argumentum
757 3475 811 3527 est.
828 3471 969 3538 Quamvis
984 3474 1081 3526 antem
1102 3471 1161 3526 illis
1184 3472 1309 3527 virtutes
1334 3470 1467 3541 separari
1490 3469 1527 3524 ab
1552 3469 1679 3523 invicem
1694 3482 1752 3522 non
1768 3481 1862 3539 posse

118 3560 253 3628 fateatur,
269 3560 445 3632 desingnlis
462 3563 560 3615 tamon
574 3560 735 3632 sejunctim
749 3562 827 3633 agit;
845 3565 873 3616 et
887 3561 981 3632 primo
997 3561 1062 3617 loeo
1086 3565 1154 3631 pest
1171 3561 1336 3632 prudentiae
1356 3560 1557 3615 definitionem
1572 3559 1647 3628 (enp.
1664 3557 1721 3628 21),
1739 3558 1862 3629 sapien·

116 3653 161 3702 tes
181 3664 316 3720 paganos
341 3648 524 3704 demonstrat
543 3650 687 3705 incidisse
708 3651 739 3705 in
763 3665 797 3705 en
814 3650 886 3705 vitia
899 3666 967 3723 qnae
989 3665 1057 3705 enm
1080 3651 1146 3721 ipsa
1165 3665 1299 3723 pugnare
1324 3664 1384 3705 non
1407 3649 1592 3721 ignorabant.
1617 3647 1727 3701 Eadem
1746 3645 1860 3702 ratione

116 3741 222 3791 tractat
235 3738 272 3792 de
283 3735 399 3808 justitia
413 3738 489 3807 (cap.
505 3739 541 3793 28
554 3741 583 3794 et
598 3742 686 3811 seq),
704 3739 792 3811 cujus
807 3740 944 3795 diversas
962 3741 1062 3810 partes
1084 3740 1242 3808 examinat,
1261 3740 1387 3794 maxime
1408 3754 1479 3792 vere
1494 3736 1699 3791 liberalitatem
1714 3751 1748 3789 ac
1764 3736 1860 3792 hene·

114 3827 284 3881 volentiam.
308 3827 351 3880 lle
370 3825 541 3882 fortitudine
566 3830 664 3883 nutem
686 3829 777 3884 verba
800 3827 914 3883 faciens
936 3827 1013 3901 (cap.
1035 3828 1071 3883 35
1089 3831 1117 3883 et
1137 3830 1226 3901 seq),
1249 3845 1314 3884 eam
1332 3830 1363 3884 in
1384 3827 1502 3883 duobus
1522 3826 1688 3881 consistere
1709 3825 1804 3891 decet,
1825 3824 1859 3879 in

113 3932 218 3970 rernm
233 3921 427 3970 externarum
441 3915 649 3987 despicientia,
662 3920 691 3972 at
705 3917 736 3971 in
751 3931 797 3985 eo,
813 3918 928 3988 niquis
942 3933 1133 3989 resmaqnos
1151 3918 1269 3981 arduos,
1283 3917 1446 3990 plenasque
1460 3915 1612 3971 labrorum
1621 3920 1650 3970 ct
1657 3912 1860 3986 periculorum

114 4004 259 4074 saseipiat
273 4007 361 4075 atque
376 4006 568 4075 exsequatur.
585 4004 647 4070 Qun
664 4006 822 4061 occasione
838 4006 934 4062 editos
954 4006 984 4061 in
1006 4008 1099 4062 reteri
1121 4007 1233 4062 foedere
1248 4008 1329 4063 viros
1343 4008 1419 4077 (cap.
1435 4006 1471 4060 10
1485 4008 1514 4060 et
1531 4006 1619 4075 seq),
1636 4020 1652 4057 n
1667 4003 1778 4075 quihus
1792 4002 1859 4059 hel·

114 4094 170 4146 lira
188 4092 283 4164 gloria
299 4092 414 4163 profani
431 4092 540 4148 heroes
558 4099 746 4164 superentur,
762 4095 908 4165 exemplis
927 4095 1051 4166 probat:
1073 4096 1127 4150 sed
1151 4095 1349 4151 Christianam
1370 4094 1571 4150 fortitudinem
1590 4093 1699 4148 asserit
1716 4093 1747 4147 in
1761 4095 1854 4148 terro·-

112 4197 217 4235 narnm
240 4197 340 4236 rerum
363 4182 566 4252 despicientia,
591 4182 769 4254 injuriarum
794 4184 1050 4256 calamitatumque
1077 4185 1241 4252 tolerantia,
1267 4188 1296 4240 et
1324 4184 1520 4256 perpessione
1543 4181 1782 4238 sevissimorum
1801 4196 1857 4252 pro

112 4271 223 4323 illinisti
239 4269 297 4324 fide
313 4270 525 4340 suppliciorum
542 4286 612 4327 essa
627 4271 765 4342 positam.
783 4274 938 4329 Postrema
951 4273 988 4329 de
1004 4275 1196 4344 temperantia
1210 4274 1310 4330 dicere
1324 4274 1453 4330 adorsus
1468 4276 1544 4344 (cap.
1560 4272 1595 4328 lo
1610 4276 1638 4327 et
1652 4273 1741 4343 seq),
1758 4271 1857 4327 omnia

113 4361 180 4430 ejus
198 4360 330 4414 membra
346 4360 484 4430 explieat,
500 4375 627 4432 quorum
647 4361 696 4416 illa
714 4362 865 4434 praecipua
886 4367 966 4433 sunt,
985 4362 1178 4435 tranquilitas
1198 4365 1299 4429 animi,
1323 4363 1453 4419 studium
1471 4361 1718 4429 mansuetndinis,
1736 4358 1857 4415 honesti

112 4466 193 4511 rura,
212 4448 317 4505 decori
332 4448 549 4504 consideratio:
564 4449 674 4522 quibus
690 4449 831 4523 adjicitur
843 4451 917 4508 illud
931 4452 1081 4524 placitum,
1097 4452 1204 4508 minori
1215 4452 1363 4510 honestati
1373 4451 1641 4524 majoremsemper
1656 4463 1727 4504 esse
1741 4462 1859 4520 praepo·

112 4538 252 4592 cendam.

146 4627 192 4681 Ab
207 4627 274 4697 ipso
294 4625 395 4682 limiae
409 4626 534 4682 secundi
557 4627 627 4683 libri
641 4630 776 4686 eamdem
795 4631 982 4689 honestatam
1002 4631 1133 4687 felicitati
1158 4634 1254 4686 ortum
1275 4630 1411 4702 praebere
1431 4629 1482 4684 ubi
1498 4626 1712 4684 demonstravit
1733 4625 1797 4699 (lib.
1819 4642 1853 4698 n,

110 4733 135 4769 o·
156 4718 193 4785 li,
210 4714 459 4787 philosophorum
478 4732 513 4770 ac
528 4716 682 4774 Ciceronis
698 4719 777 4775 circa
792 4720 884 4793 hujus
898 4721 967 4777 vitae
982 4736 1154 4792 supremum
1169 4721 1280 4776 bonnm
1294 4733 1413 4775 errores
1429 4717 1537 4773 refellit
1551 4718 1627 4788 (cap.
1644 4717 1704 4772 tet
1719 4716 1808 4789 seq),
1824 4714 1857 4772 io

108 4805 281 4876 cognidene
292 4804 473 4873 divinitatis,
492 4812 520 4859 ct
538 4805 638 4861 fructu
653 4808 737 4863 bonan
752 4810 936 4881 operationis
946 4810 1018 4867 illud
1033 4810 1123 4865 sitnm
1138 4825 1207 4864 esse
1221 4807 1411 4879 patefaciens.
1423 4805 1497 4862 Cum
1511 4821 1584 4863 rere
1597 4806 1635 4862 ad
1650 4806 1728 4862 idem
1742 4806 1857 4862 henes·

108 4899 169 4947 turn
185 4909 240 4963 per
255 4892 365 4947 honum
380 4893 450 4947 utile
465 4895 666 4965 perveniatur,
683 4896 720 4952 de
735 4897 792 4953 hoe
803 4898 934 4970 disputat
948 4899 979 4954 in
987 4902 1048 4953 teto
1059 4897 1152 4966 libro;
1167 4913 1293 4968 cumque
1309 4896 1365 4953 hoc
1376 4897 1475 4967 ipsum
1487 4899 1517 4952 et
1531 4896 1676 4952 consistat
1692 4896 1722 4950 in
1735 4895 1854 4966 pietate,

106 4989 133 5036 el
150 4983 190 5035 ab
207 4982 333 5036 honeste
349 4982 388 5034 sit
399 4981 559 5037 indivisum
574 4984 651 5054 (cap.
667 4986 685 5040 6
703 4989 732 5040 ct
747 4990 836 5059 seq.);
852 4988 1016 5060 comparari
1032 5003 1091 5042 non
1107 5003 1197 5057 pesse
1222 4988 1317 5056 decet,
1337 4985 1395 5041 nisi
1415 5002 1516 5044 earum
1541 4987 1681 5042 virtutum
1695 4984 1853 5054 beneficio,

104 5088 174 5143 qnae
190 5070 301 5123 claram
315 5069 392 5139 apud
408 5069 544 5125 homines
560 5073 809 5130 existimationem
820 5076 1051 5149 charitatemque
1067 5077 1154 5132 nobis
1169 5076 1334 5148 acquirunt.
1348 5076 1440 5132 Porro
1457 5076 1603 5148 triplicem
1615 5075 1768 5130 hominum
1778 5088 1855 5129 oon·

106 5159 304 5213 riliamlornm
320 5159 463 5213 rationem
479 5160 567 5215 tradit
580 5170 657 5232 (cap.
674 5164 690 5215 8
705 5166 733 5217 et
749 5165 837 5235 seql,
849 5169 880 5219 nt
897 5165 965 5236 quis
981 5165 1096 5220 scilicet
1111 5181 1214 5220 corum
1229 5181 1360 5221 amorem
1375 5166 1580 5234 beneficentia,
1593 5165 1681 5220 tidem
1694 5164 1811 5235 justitia
1825 5166 1856 5218 et

105 5249 276 5319 prudentia,
293 5263 346 5301 ner
363 5264 421 5302 nen
437 5249 609 5321 insignibus
624 5268 658 5305 ac
673 5254 885 5322 praestantibus
902 5254 988 5309 laetis
1003 5256 1061 5311 sihi
1079 5255 1235 5311 devinciat.
1254 5256 1326 5311 lloec
1348 5257 1445 5311 omnia
1469 5256 1596 5310 illustrat
1620 5252 1854 5325 appositissimis

103 5337 266 5406 exemplis,
283 5340 311 5390 et
327 5338 483 5392 niaximum
501 5343 611 5408 partem
628 5356 665 5394 ex
681 5341 779 5395 divina
801 5344 974 5398 auctoritate
991 5344 1137 5415 surnpiis3
1155 5345 1208 5399 scd
1231 5345 1303 5400 nibil
1328 5344 1425 5416 magis
1450 5345 1529 5415 pium
1552 5343 1717 5415 excogitari
1736 5328 1848 5414 potest,
1866 5398 1870 5403 ,

102 5442 195 5497 qnam
210 5424 257 5475 illu
274 5429 435 5495 ppzrcepta,
451 5426 562 5497 quibus
578 5428 613 5481 nd
630 5444 720 5498 opera
736 5429 949 5485 miserirordiae
964 5436 1040 5503 (rap.
1061 5434 1092 5487 lb
1107 5438 1134 5489 el
1149 5436 1227 5505 seq.)
1245 5437 1273 5489 et
1291 5434 1388 5489 cilicia
1404 5433 1500 5488 anania
1516 5449 1582 5504 qnae
1598 5433 1634 5487 ad
1652 5436 1780 5487 mutuam
1795 5430 1853 5485 lto-

100 5518 218 5569 minnm
234 5512 309 5567 inter
325 5529 359 5568 se
376 5515 549 5570 sacietatem
564 5518 721 5586 pertinent,
739 5518 886 5588 informat,
903 5520 1051 5591 simulque
1067 5522 1314 5592 ritiupresrribit.

141 5607 173 5657 in
187 5603 273 5657 tortio
287 5602 364 5659 libro
379 5604 491 5659 bonnm
506 5605 663 5667 honesturn
682 5624 749 5661 curn
773 5608 837 5661 utili
861 5614 1011 5680 comparat
1035 5614 1157 5666 sanetus
1182 5611 1305 5677 l'recsnt,
1329 5611 1382 5666 scd
1405 5628 1460 5668 nos
1477 5610 1635 5666 admonere
1651 5608 1713 5677 alib.
1727 5623 1768 5671 ru,
1784 5622 1850 5679 cap.

96 5698 126 5750 ἐ·
140 5707 332 5764 nequaqnam
346 5693 482 5766 negligit,
498 5693 562 5749 hoea
576 5694 635 5750 dno
657 5696 804 5752 benorum
830 5711 940 5769 genera
959 5698 989 5753 in
1011 5697 1104 5769 justis
1127 5699 1202 5756 viris
1218 5698 1370 5757 insolubili
1390 5700 1467 5757 node
1483 5697 1642 5769 conjuncta
1658 5708 1745 5766 esne,
1762 5698 1851 5771 atque
