3900 6128
122 357 199 424 1423

848 358 879 421 S.
903 358 1124 424 Adsensu.

1768 364 1844 426 lael

117 563 217 633 lautis,
234 570 262 617 et
277 565 341 617 vias
365 562 513 633 serpentis
530 562 558 615 in
573 562 671 631 petra,
689 563 717 615 et
733 561 853 615 semitas
869 561 953 614 navis
968 541 997 602 Α
1013 560 1127 614 actibus
1144 560 1272 631 publicis
1288 561 1479 616 intentionem
1500 561 1567 633 ejus
1592 561 1700 617 adduci
1717 577 1723 617 :
1740 577 1841 617 omnes

117 654 296 726 navigentiS,
313 659 342 711 et
356 657 422 709 vias
450 652 507 706 viri
530 649 728 720 injuventute
752 649 856 717 (Prev.
882 667 950 713 xxx,

117 742 161 813 l8,
179 740 233 805 let.
262 744 384 799 »David
406 745 504 797 autem
527 739 567 794 ait
591 754 596 794 :
625 737 768 792 «Delicta
787 737 952 809 juventutis

115 848 190 887 meaa
206 835 234 886 ct
250 833 423 904 ignorantiae
439 846 514 885 mese
527 844 563 884 ne
577 827 750 883 memineris
760 825 854 895 (Psat.
870 843 950 896 xxiv,

116 920 153 990 7).
175 942 185 971 i
212 921 337 976 hirenis
361 921 439 977 euim
461 935 520 974 uon
543 917 639 971 solum
656 915 813 987 fragilitate
830 914 951 969 lubricas

116 1011 211 1065 aetatis
227 1009 400 1080 prolabitur,
416 1024 520 1063 verum
547 1006 634 1060 etiam
659 1003 824 1076 ignorantia
846 1003 951 1059 coeles·

114 1099 187 1153 tisun
212 1099 415 1152 mandatorum
439 1096 613 1168 plerumque
635 1093 799 1165 delinquit:
817 1092 874 1146 cito
896 1109 949 1147 au·

115 1192 173 1242 tem
189 1191 321 1243 meretur
336 1186 461 1254 veniam,
488 1185 538 1256 qui
562 1181 722 1254 praetendit
742 1181 947 1253 ignorantiam.

114 1275 263 1346 Propheta
278 1275 374 1348 itaque
390 1273 460 1328 dicit
477 1289 483 1329 :
502 1271 640 1327 «Delicta
652 1268 817 1343 juventutis
832 1284 906 1323 meae
921 1272 950 1323 et

116 1362 292 1436 ignorantiae
313 1379 387 1418 meae
402 1378 439 1418 na
456 1360 637 1416 memineris.
657 1382 668 1406 ι
687 1357 752 1412 Nea
777 1357 871 1412 dicit:
890 1356 949 1413 De·

115 1450 185 1506 licta
201 1451 364 1507 senectutis
380 1467 455 1506 meas
469 1453 498 1504 et
513 1449 646 1503 scientias
663 1462 736 1502 meae
752 1461 789 1500 ne
804 1447 948 1502 memine-

115 1541 174 1606 ris;
191 1539 245 1596 sed
270 1541 355 1613 quasi
384 1538 537 1610 propheta,
567 1537 619 1610 qui
647 1536 705 1591 cite
734 1535 897 1590 correxerit
921 1537 950 1588 et

115 1629 316 1684 emendaverit
336 1629 404 1682 vitia
418 1626 593 1700 juventutis,
610 1627 724 1680 autam
741 1623 949 1695 ignorantiam·

116 1733 173 1789 qus
188 1717 355 1789 praetendit.

1012 648 1093 704 teras
1109 665 1166 704 uiro
1182 653 1329 704 momento
1340 648 1434 721 jussit
1450 651 1585 706 interfici.

1048 738 1090 793 le.
1113 738 1223 793 hudire
1247 739 1277 792 in
1302 739 1481 794 consistorio
1504 740 1632 811 negotia,
1660 742 1690 794 et
1715 739 1842 794 Danielis

1011 827 1127 897 spiritu,
1144 827 1299 898 inquibus
1321 826 1488 883 dubitarent
1511 843 1612 898 senes,
1640 828 1688 883 val
1705 843 1841 900 personae

1011 915 1140 987 alicujus
1156 916 1288 971 contuitu
1303 915 1492 986 ducerentur,
1509 932 1673 990 congruam
1689 932 1762 973 vero
1777 916 1840 971 ade·

1010 1003 1171 1060 lescentem
1204 1004 1323 1060 videres
1357 1004 1539 1076 senilemque
1565 1005 1645 1061 serre
1670 1006 1842 1060 sententiam

1010 1062 1076 1164 (⁶2⁶2).
1093 1092 1246 1148 lactabant
1269 1093 1371 1164 invidi,
1393 1093 1473 1164 quod
1494 1098 1673 1165 pimmalure
1686 1094 1842 1165 prandium

1008 1186 1122 1257 peteret
1138 1199 1144 1236 :
1162 1182 1250 1252 empit
1274 1183 1312 1238 ita
1336 1181 1522 1254 frequentare
1543 1181 1704 1254 jejunium,
1731 1185 1765 1238 ut
1783 1183 1840 1254 pls-

1009 1286 1134 1343 rumque
1150 1271 1214 1342 ipse
1230 1270 1401 1341 impransus
1417 1271 1513 1336 1179
1529 1272 1699 1330 convivium
1711 1271 1840 1328 solemne

1008 1358 1073 1414 suis
1090 1358 1248 1416 comitibus
1268 1358 1423 1414 exhiberet
1440 1375 1447 1414 :
1463 1373 1522 1430 quo
1546 1363 1575 1415 et
1590 1359 1733 1432 religioni
1747 1376 1838 1417 sacra

1008 1446 1197 1502 satisfaceret
1213 1444 1269 1516 (18)
1284 1450 1312 1502 et
1326 1446 1471 1518 principis
1487 1447 1660 1506 humanitati
1675 1447 1747 1520 (81).

1044 1534 1088 1591 tr.
1104 1535 1237 1590 Scenicrs
1252 1534 1410 1606 enjusdam
1424 1535 1519 1592 leima
1534 1552 1569 1591 aa
1585 1537 1694 1594 decore
1709 1537 1840 1610 deperire

1009 1623 1112 1681 lionam
1136 1623 1343 1679 adolescentes
1368 1623 1483 1680 nobiles
1507 1626 1701 1683 nuntiabatur
1726 1627 1841 1698 :jussit

1008 1729 1073 1770 carn
1088 1712 1125 1767 ad
1146 1712 1315 1767 comitatum
1329 1712 1441 1768 venire.
1459 1712 1573 1769 Missus
1587 1715 1683 1784 pretio
1699 1715 1841 1788 deprava·

152 1803 195 1859 11.
213 1803 436 1860 Valentinianus
452 1818 570 1875 queque
586 1802 673 1857 etiam
697 1801 727 1855 ia
751 1799 858 1856 delicte
873 1799 949 1855 Pro·
1008 1807 1067 1871 tus,
1085 1802 1150 1856 sine
1165 1799 1293 1855 mandati
1309 1803 1414 1856 ellectu
1430 1800 1518 1856 rediit
1534 1819 1540 1856 :
1557 1803 1682 1859 alterum
1699 1804 1793 1874 misit,
1808 1821 1841 1860 ne

115 1893 212 1967 phetes
227 1892 335 1947 similis
350 1893 390 1947 ait
407 1908 412 1946 :
432 1915 443 1938 a
461 1890 574 1947 Delicta
589 1889 798 1944 adolescentis
813 1894 842 1944 et
861 1889 949 1961 igno-
1008 1891 1142 1946 voluisse
1158 1889 1316 1945 emendare
1335 1889 1405 1944 vitia
1420 1889 1652 1960 adolescentum,
1668 1895 1700 1948 et
1723 1907 1782 1948 nen
1796 1908 1841 1964 pe

115 1981 218 2037 rantiae
234 1997 307 2036 meas
323 1997 359 2036 ne
375 1979 558 2035 memineris.
577 2002 588 2026 a
606 1978 669 2033 Nec
684 1977 780 2032 solum
795 1976 877 2046 dixit,
895 1977 949 2032 sed
1007 1980 1103 2036 tuisse
1126 1979 1289 2035 videretur.
1307 1978 1399 2034 Datus
1418 1982 1465 2034 est
1487 1978 1671 2036 obtrectandi
1694 1980 1842 2054 aliquibus

115 2071 201 2126 etiam
218 2074 284 2124 ante
300 2068 430 2125 correxit
455 2082 596 2136 errorem,
623 2082 711 2138 quam
735 2065 865 2121 disceret
879 2081 949 2122 esse
1007 2071 1112 2140 loeus,
1141 2068 1297 2123 deductam
1326 2071 1422 2122 tamen
1452 2084 1601 2141 nunquam
1625 2073 1676 2125 aut
1700 2070 1842 2142 spectarit

115 2160 230 2230 lapsum
255 2157 382 2230 alicujus
408 2157 529 2212 erroris.
548 2155 648 2228 ltaque
664 2154 734 2208 dicit
757 2170 762 2210 :
781 2153 948 2210 Correclie·
1007 2158 1075 2228 (25),
1093 2162 1143 2213 aut
1157 2157 1239 2212 vidit.
1264 2156 1371 2211 Postea
1398 2155 1496 2212 redire
1511 2159 1666 2229 praeecpit;
1686 2162 1719 2214 ut
1736 2164 1765 2214 st
1781 2175 1842 2215 our·

113 2263 181 2304 nem
191 2245 357 2319 juventutis
378 2262 452 2301 mam
468 2261 504 2301 uc
519 2245 700 2300 memineris.
727 2242 821 2298 Error
835 2242 864 2297 in
882 2243 948 2313 plu·
1007 2265 1062 2303 nes
1079 2249 1278 2319 agnoscerent
1294 2244 1409 2300 irritum
1420 2244 1487 2317 ejus
1503 2262 1561 2302 nen
1576 2262 1647 2302 esse
1662 2248 1841 2318 mandatum,

113 2336 197 2391 ribus
213 2341 271 2406 est,
287 2336 317 2389 in
333 2335 435 2405 paucis
453 2334 609 2389 eorrectio.
1008 2342 1036 2393 et
1050 2336 1256 2391 adolescentes
1276 2333 1396 2389 doceret
1411 2334 1448 2388 ab
1463 2350 1564 2390 amore
1579 2337 1718 2392 mulieris
1734 2341 1841 2409 tempa-

149 2426 193 2480 15.
211 2425 245 2479 Et
260 2425 330 2496 quid
346 2423 407 2495 jam
424 2423 460 2477 de
485 2421 551 2476 aliis
566 2420 744 2492 dicam,qui
769 2420 856 2475 etiam
878 2420 947 2476 ludo
1008 2441 1086 2494 rare,
1104 2440 1192 2498 quarn
1216 2423 1346 2495 ipsequi
1368 2423 1461 2493 potuit
1485 2423 1594 2478 habere
1628 2424 1657 2480 in
1685 2430 1840 2496 potestate,

110 2515 277 2587 lulesslffiis
306 2512 454 2583 putaverit
489 2509 716 2576 abstinendum,
754 2509 948 2565 resecandam
1007 2516 1194 2585 despexerat.
1211 2511 1327 2568 Ethaec
1346 2511 1425 2580 lecit,
1453 2513 1709 2569 eumadhuenen
1726 2514 1842 2569 haberet

113 2603 208 2659 aetatis
224 2601 372 2656 licentiam
395 2600 460 2670 (10),
484 2597 654 2653 severitatis
670 2596 796 2668 publicas
812 2597 949 2652 duritiem
1008 2619 1142 2671 uxorem,
1159 2604 1188 2656 et
1203 2607 1299 2656 tamen
1319 2600 1474 2656 exhiberet
1497 2602 1544 2655 sui
1569 2604 1715 2675 tanquam
1731 2603 1841 2658 vinctus

113 2691 312 2760 molliendam,
330 2689 479 2744 lenitatem
494 2686 657 2742 senectutis
681 2685 710 2740 in
734 2686 838 2741 alienis
862 2687 947 2740 annis
1008 2694 1150 2767 conjugio
1162 2691 1336 2746 castitatem.
1349 2688 1422 2755 Quis
1433 2694 1492 2744 tam
1503 2690 1640 2746 dominus
1651 2692 1748 2761 servi,
1760 2707 1843 2764 quarn

112 2778 305 2834 deferendam
329 2777 366 2845 ei,
393 2776 443 2849 qui
455 2778 484 2831 iu
495 2774 659 2847 periculum
672 2775 800 2831 convicti
815 2775 948 2831 criminis
1007 2785 1056 2841 ille
1073 2781 1120 2838 sui
1135 2779 1270 2850 corporis
1296 2777 1370 2832 luit?
1392 2776 1464 2843 Quis
1490 2772 1549 2834 tarn
1572 2779 1703 2835 aliorum
1727 2780 1841 2849 arbiter,

112 2865 466 2924 vocareturtFerebatur
476 2866 570 2936 primo
581 2863 660 2920 ludis
671 2865 859 2921 circensibus
869 2863 948 2920 dele·

115 2956 186 3012 etari
199 2972 205 3013 :
219 2957 264 3011 sic
275 2956 355 3010 istud
369 2955 522 3025 abstersit,
536 2957 566 3009 ut
578 2968 614 3008 ue
629 2952 815 3009 solemnibus
828 2953 949 3025 quidem

113 3046 278 3117 principum
293 3043 453 3114 natalibus,
470 3043 518 3098 vel
533 3042 694 3113 imperialis
707 3041 833 3099 honoris
851 3042 947 3114 gratis

114 3136 267 3192 circenses
278 3136 393 3206 putaret
401 3148 471 3188 esse
483 3131 678 3188 celebrandos
689 3130 885 3200 (tt).hiebant
894 3131 948 3186 ali·

1008 2888 1096 2946 quam
1111 2870 1160 2925 ille
1175 2884 1239 2924 suae
1255 2882 1366 2923 censer
1380 2867 1501 2922 aetatis?

1044 2961 1087 3018 18.
1104 2958 1179 3026 Quid
1194 2957 1230 3012 de
1252 2956 1359 3027 pietate
1375 2955 1443 3028 ejus
1461 2955 1591 3029 loquar?
1604 2956 1657 3031 qui
1673 2973 1743 3014 eum
1754 2958 1840 3015 herni-

1008 3066 1062 3110 nes
1078 3047 1169 3107 nobili
1185 3050 1268 3104 ortos
1284 3061 1405 3119 genere,
1424 3049 1452 3101 el
1462 3045 1601 3117 locupleti
1619 3048 1764 3119 prosapia
1778 3046 1840 3118 (td),

1008 3156 1075 3214 quas
1091 3138 1148 3194 cito
1163 3151 1284 3192 movere
1299 3134 1437 3190 iuvidiam
1460 3134 1545 3204 solet,
1563 3136 1658 3208 regies
1675 3135 1840 3207 cupiditatis

114 3226 165 3298 qui
181 3225 312 3280 ferarum
331 3239 399 3278 eum
415 3220 623 3277 venationibffl
642 3220 793 3291 occupari,
809 3223 896 3291 ⁶¹qu0
911 3220 948 3274 fib
965 3231 989 3294 C
1007 3231 1163 3286 aecusator
1173 3227 1304 3298 urgeret,
1312 3224 1639 3295 preelectusinsisleret,
1653 3225 1841 3296 responditut

74 3357 78 3365 ’
150 3367 207 3442 (80)
228 3367 301 3422 ltss.
331 3365 451 3438 aliquot,
482 3362 610 3419 ·statis
636 3361 776 3418 laetitiam.
805 3385 815 3408 a
840 3359 875 3416 Et
901 3362 949 3417 hic

115 3440 202 3496 etiam
224 3453 284 3493 non
306 3453 398 3507 pauca
423 3441 502 3506 sunt,
529 3450 595 3507 quaa
620 3433 751 3489 alludere
772 3432 808 3486 ad
832 3434 948 3487 citatam

114 3511 269 3566 Ciceronis
284 3509 445 3565 orationem
461 3508 676 3563 existimamus.

151 3582 207 3652 (al)
224 3581 267 3636 Ex
283 3581 339 3635 hoc
354 3580 421 3635 loco
435 3578 665 3651 deprehenditur
683 3575 876 3647 Philostorgii
899 3575 948 3630 ad·

115 3668 224 3708 versus
251 3653 328 3707 huuc
350 3652 514 3722 principem
538 3650 658 3720 iniquus
673 3648 805 3720 animus,
821 3648 847 3702 is
871 3648 949 3703 enim

116 3725 152 3778 da
168 3723 217 3780 illo
232 3738 326 3795 agens
343 3723 394 3778 lib.
419 3739 458 3792 xi,
475 3723 514 3776 ita
530 3719 659 3793 loquitur
676 3736 681 3775 :
701 3741 711 3769 a
731 3719 803 3775 Cum
818 3719 899 3774 ursis
914 3734 949 3772 aa

115 3794 252 3850 leonibus
275 3797 415 3862 uteretur,
442 3806 550 3847 annum
565 3806 659 3863 agens
683 3791 869 3860 vicesimum,
890 3789 949 3843 vita

117 3864 205 3919 simul
220 3868 307 3935 atque
322 3865 455 3935 imperio,
473 3868 502 3918 et
517 3863 646 3918 serarum
662 3860 868 3916 venationibus
886 3860 948 3931 pri·

115 3938 203 3991 vatus
218 3941 274 3992 est.
293 3957 303 3983 ι
322 3935 380 3989 Sed
396 3935 475 4007 quod
490 3934 656 3990 evidentius
673 3933 793 4004 signum
808 3931 948 3987 emenda-

116 4007 206 4061 tionis
221 4006 308 4062 edere
324 4006 417 4078 potuit
433 4005 667 4071 Valentinianus,
692 4018 780 4074 quarn
797 4004 875 4074 quod
897 4018 949 4058 so-

117 4077 310 4132 lemnioribus
339 4079 426 4131 etiam
447 4075 553 4131 diebus
576 4073 748 4145 hujusmodi
771 4073 950 4128 abstinuerit

117 4148 298 4220 spectaculis
313 4150 343 4202 et
365 4146 446 4202 laras
470 4148 564 4217 ipsas,
588 4159 663 4215 quus
678 4159 715 4199 ex
734 4142 835 4199 Africa
850 4159 948 4199 ramo-

115 4220 302 4291 tioribusque
318 4218 492 4290 regionibus
514 4214 620 4271 adduci
640 4216 836 4271 consuevisse
852 4216 881 4269 in
896 4215 946 4270 lib.

114 4307 136 4346 u
154 4290 335 4360 Oldeiorum,
361 4305 424 4363 cap.
450 4289 495 4358 al,
513 4304 593 4343 num.
611 4285 661 4342 108
675 4287 867 4342 observatum
891 4292 946 4355 est,

115 4361 415 4434 iuterheijusseriitt

150 4433 207 4504 (81)
224 4435 309 4489 ltom.
326 4432 408 4503 edit,
435 4451 447 4479 a
474 4429 593 4502 negotia
618 4430 705 4484 etlam
726 4430 757 4483 in
779 4429 889 4501 quibus
892 4469 946 4484 .....

116 4505 307 4575 ducerentur,
324 4509 354 4558 ut
370 4502 501 4559 Danielis
512 4503 620 4573 spiritu
634 4500 856 4555 adolescentum
871 4500 950 4555 vide·

116 4590 167 4631 res
189 4576 314 4631 senilem
338 4577 420 4630 terre
441 4574 636 4641 sententiam,
664 4594 674 4619 ι
700 4574 860 4627 vetantem
877 4570 945 4626 edit.

1008 3376 1064 3441 est,
1081 3369 1231 3425 scenicam
1246 3366 1411 3439 mulierem,
1428 3382 1495 3438 quar
1505 3366 1611 3422 modos
1626 3371 1656 3423 at
1672 3367 1840 3423 saltationes

1008 3445 1078 3500 lacit
1093 3443 1122 3496 in
1139 3439 1266 3511 thymele
1282 3454 1349 3510 quoe
1365 3439 1529 3494 orchestrae
1540 3442 1695 3509 parserat,
1712 3454 1753 3494 ex
1765 3437 1840 3494 Urbe

1008 3514 1125 3572 abduci.
1153 3512 1236 3567 lianc
1252 3511 1349 3582 legem
1369 3509 1487 3564 hortatu
1502 3509 1654 3565 Ambrosii
1679 3510 1779 3564 datam
1792 3525 1839 3563 au-

1007 3588 1100 3644 tumat
1114 3581 1311 3651 Godelredus,
1327 3595 1382 3637 noe
1397 3581 1472 3636 male
1488 3580 1525 3635 ad
1540 3580 1615 3635 hanc
1629 3579 1738 3635 referri
1754 3580 1836 3635 bisu-

1009 3673 1092 3714 riam.

1044 3728 1129 3798 tem«
1154 3727 1212 3781 hut
1227 3723 1380 3794 spectavit,
1401 3747 1412 3773 a
1437 3738 1543 3794 nempe
1566 3723 1596 3778 in
1615 3737 1733 3778 meua:
1764 3724 1837 3776 aaut

1008 3798 1091 3866 vidit,
1111 3820 1122 3845 ι
1139 3798 1277 3869 privatim
1292 3794 1439 3852 videlieet.

1045 3871 1101 3942 (16)
1117 3869 1190 3924 bles.
1215 3867 1335 3939 aliquot.
1363 3890 1375 3916 ι
1398 3866 1561 3937 locupletes
1585 3864 1738 3938 prosapia.
1757 3886 1767 3916 ι
1784 3863 1836 3920 Sed

1010 3943 1066 4000 hoc
1080 3941 1146 3996 loce
1160 3938 1284 4012 gravius
1309 3937 1470 3995 discrimen
1493 3937 1524 3990 in
1546 3936 1740 3992 distinctione
1755 3949 1835 3992 mem·

1007 4013 1141 4078 brorum,
1158 4025 1246 4084 quarn
1261 4008 1290 4062 in
1305 4010 1441 4065 vocibus.
1459 4006 1571 4063 Etenim
1588 4021 1695 4062 ornnes
1711 4006 1781 4064 adit.
1796 4006 1834 4061 sic

1008 4085 1221 4154 inter-pungunt
1235 4080 1459 4151 consequentia,
1478 4100 1489 4126 ι
1505 4093 1573 4150 quas
1587 4079 1648 4132 cito
1662 4093 1786 4134 movere
1798 4077 1835 4131 in·

1006 4155 1116 4211 vidium
1139 4154 1216 4207 solet
1237 4152 1329 4223 regiae
1354 4149 1541 4222 cupiditatis,
1565 4153 1729 4204 acuuntur
1750 4163 1833 4220 urge-

1006 4232 1061 4297 ret,
1078 4228 1156 4289 ete.;
1180 4237 1254 4277 mss.
1280 4237 1352 4277 vero
1377 4223 1416 4277 ita
1440 4220 1636 4291 distinguunt,
1664 4242 1676 4267 ι
1703 4235 1772 4290 quae
1785 4220 1835 4274 cita

1007 4311 1127 4354 movere
1141 4294 1281 4349 invidiam
1297 4293 1384 4362 solet,
1407 4291 1500 4364 regim
1515 4290 1699 4360 cupiditatis,
1717 4305 1834 4346 accusa·

1005 4373 1052 4425 tor
1066 4370 1195 4439 urgeret,
1212 4370 1268 4420 eto.
1286 4388 1298 4413 ι
1316 4363 1446 4419 Evidens
1462 4375 1533 4417 sane
1548 4364 1595 4416 est
1611 4360 1695 4416 hunc
1709 4361 1835 4416 ultiman

1007 4453 1131 4495 sensum
1155 4436 1246 4492 multo
1269 4439 1431 4508 proestarm
1457 4433 1486 4488 tn
1509 4432 1603 4504 priori
1628 4431 1710 4487 enim
1732 4433 1834 4488 crimen

1006 4512 1071 4567 sive
1085 4508 1285 4564 accusationis
1301 4511 1388 4577 eaput
1402 4520 1462 4561 nen
1481 4502 1670 4574 exprimitur,
1683 4518 1779 4560 secus
1792 4516 1833 4556 ve·

1006 4598 1039 4638 ro
1055 4583 1084 4637 iu
1098 4579 1267 4653 posteriori,
1284 4577 1424 4632 nimirum
1447 4574 1598 4631 accusatio
1614 4595 1627 4622 ι
1646 4575 1744 4646 regiae
1756 4573 1831 4644 cupt-

115 4662 150 4701 ae
164 4662 239 4702 mss.
257 4648 414 4703 nobiseum
429 4645 616 4709 conveniunt,
633 4642 691 4697 uisi
706 4642 784 4714 quod
799 4643 827 4694 iu
843 4643 947 4722 paucis
965 4653 1115 4722 odimus,
1134 4673 1145 4700 i
1163 4651 1220 4705 hoa
1235 4654 1291 4718 ast,
1307 4647 1432 4703 affectati
1442 4645 1540 4702 throni
1554 4660 1590 4699 se
1605 4645 1685 4718 regii
1701 4645 1829 4701 nominis.

7 4783 12 4793 ,
115 4721 227 4772 tantum
243 4735 317 4773 mss.
343 4718 491 4772 invenitur
507 4716 649 4786 particula
665 4730 719 4786 que
734 4715 801 4785 post
814 4717 844 4774 τό
865 4729 947 4768 seni-

115 4796 182 4853 lem.

151 4869 208 4940 (18)
233 4868 384 4939 lejuuium
401 4869 456 4923 hoe
480 4870 543 4922 erat
565 4865 683 4939 quidem
699 4864 946 4934 ecclesiasticum,

115 4943 143 4994 et
160 4956 218 4994 non
234 4955 313 4994 mere
330 4941 537 5007 voluntarium,
563 4954 630 4994 curu
654 4937 832 5008 subjiciatur
847 4935 923 4990 infra
940 4951 946 4991 :

116 5033 127 5056 a
145 5013 207 5076 Quo
223 5017 251 5065 et
265 5010 402 5083 religioni
418 5026 513 5066 sacras
529 5010 730 5074 satisfaceret,
749 5031 760 5055 ι
777 5023 836 5062 uon
852 5013 948 5062 lanian

112 5080 239 5138 liberum
251 5088 313 5136 erat
324 5081 491 5153 imperatori
507 5081 641 5154 ejusdem
649 5080 757 5153 jejunii
768 5078 874 5133 diebus
883 5093 948 5132 cen·

111 5155 191 5208 vivia
215 5154 342 5210 ducibus
367 5154 431 5208 suis
454 5153 581 5208 solemni
603 5167 684 5207 more
708 5150 845 5206 exhiberi
860 5149 948 5203 solita

112 5241 169 5282 non
186 5227 337 5297 praebei·e;
364 5225 490 5279 maxime
515 5238 581 5278 cum
607 5224 683 5277 iuter
707 5222 829 5277 eosdem
855 5221 947 5275 duces

110 5296 228 5369 plurimi
246 5297 341 5351 adhuc
356 5296 504 5352 ethnicam
518 5298 717 5366 sequerentur
732 5292 917 5365 religionem.

146 5370 203 5450 (dl)
218 5370 293 5423 hlss.
310 5385 369 5424 non
385 5384 482 5439 pauci,
502 5387 513 5416 i
531 5370 559 5420 et
574 5367 713 5436 princeps
727 5365 736 5432 (
752 5380 849 5434 unus,
866 5370 896 5418 et
910 5377 947 5417 ne

107 5443 261 5514 princeps)
278 5440 480 5510 humanitatis,
507 5438 635 5492 scanicae
652 5435 780 5505 alicujus
796 5435 900 5503 torma,
918 5438 946 5489 et

109 5513 219 5568 decoro
235 5513 390 5583 deperiret.
410 5512 511 5566 llomae
523 5507 698 5563 adolescens
710 5505 819 5561 nobilis
834 5505 946 5559 nuntia·

109 5582 205 5655 batur,
226 5585 332 5656 jussit,
347 5589 404 5640 etc.
422 5606 433 5630 a
452 5582 551 5636 llinus
575 5576 739 5634 commode.
756 5576 841 5631 Extat
856 5591 945 5647 porro

107 5655 137 5708 iu
168 5657 240 5712 Cod.
264 5655 376 5712 Theed.
400 5657 458 5713 lex.
469 5690 476 5703 ·.
489 5651 535 5711 De
557 5648 683 5707 scinieis
705 5647 775 5702 anni
797 5647 860 5716 889,
886 5663 944 5720 qua

105 5728 246 5816 probibet
261 5727 338 5787 idem
354 5728 401 5784 liic
429 5722 652 5786 valentinianus
681 5717 891 5798 Thymelieara,
915 5717 945 5779 id

1005 4724 1088 4790 Quod
1104 4738 1194 4795 porro
1210 4721 1337 4793 negabat
1351 4720 1511 4790 imperator
1529 4731 1696 4789 passurum
1712 4733 1747 4771 se
1760 4729 1828 4777 essa,

1006 4802 1039 4852 ut
1053 4796 1213 4867 quidquam
1228 4795 1383 4847 cruentum
1406 4814 1416 4838 a
1435 4789 1541 4844 diebus
1559 4788 1675 4843 sanetis
1699 4790 1828 4843 statuere·

1007 4871 1065 4935 tur,
1084 4890 1095 4914 a
1112 4868 1194 4921 extra
1210 4862 1444 4919 controversiam
1460 4863 1504 4915 est
1514 4857 1675 4928 paschales
1687 4859 1778 4914 terias
1793 4855 1827 4910 bie

1007 4937 1169 5010 designari,
1187 4951 1253 5007 quae
1269 4935 1324 4989 hoc
1349 4933 1466 4988 nomine
1490 4933 1613 5001 propter
1632 4928 1702 4985 testi
1716 4925 1825 5000 preest·

1007 5008 1125 5065 lantiam
1141 5006 1373 5078 appellabantur.
1400 5001 1580 5058 Ambrosius
1594 5000 1633 5057 de
1655 5000 1717 5055 illis
1739 5001 1775 5053 ita
1793 4997 1824 5051 lo·

1006 5082 1116 5152 quitur,
1133 5081 1219 5149 epist.
1237 5078 1282 5145 ht),
1303 5091 1383 5131 num.
1399 5074 1416 5130 6
1432 5090 1438 5129 :
1457 5095 1468 5123 ι
1486 5072 1588 5142 ltaque
1603 5071 1718 5127 sanetis
1733 5068 1821 5124 diebus

1007 5151 1200 5207 hebdomadis
1225 5149 1354 5217 ultimae,
1380 5146 1490 5217 quibus
1513 5142 1653 5198 solebant
1675 5141 1820 5218 debitorum

1006 5223 1098 5278 laxari
1114 5222 1240 5290 vincula,
1253 5225 1312 5275 ete.
1338 5241 1349 5268 i
1368 5216 1525 5272 Veneratie
1541 5218 1640 5269 autem
1655 5212 1757 5267 berum
1773 5208 1819 5264 ‹lie-

1006 5310 1071 5348 rum
1087 5294 1133 5348 hie
1151 5293 1179 5347 in
1200 5290 1403 5346 Valentiniano
1419 5291 1482 5343 erut
1495 5300 1532 5341 ee
1546 5283 1732 5350 laudabilior,
1746 5275 1816 5351 quod

1005 5382 1065 5421 non
1081 5366 1167 5420 mode
1183 5363 1281 5436 legerl
1301 5361 1338 5417 de
1353 5358 1469 5431 Indulg.
1496 5358 1583 5412 crim.
1604 5372 1622 5409 s
1638 5351 1816 5410 Valentiniano

1005 5438 1124 5492 seniore
1148 5436 1214 5504 lata,
1231 5450 1298 5506 quae
1314 5435 1344 5487 in
1358 5433 1414 5487 hoe
1430 5431 1507 5486 leste
1525 5428 1676 5483 variorum
1691 5423 1815 5481 scelerum

1006 5513 1108 5565 sontes
1132 5507 1209 5563 solvi
1230 5505 1368 5579 jubebat,
1394 5503 1438 5568 rei
1461 5499 1629 5572 majestatis
1652 5491 1813 5569 excipiebat}-

1003 5584 1069 5648 tur;
1086 5594 1190 5635 verum
1215 5579 1302 5633 etiam
1323 5577 1422 5631 tribus
1445 5572 1511 5627 aliis
1537 5570 1667 5645 legibus,
1710 5580 1759 5621 uas
1777 5560 1812 5616 luc

1003 5652 1068 5723 lpse
1092 5649 1315 5728 Valentinianus
1337 5649 1441 5706 noster
1464 5643 1552 5702 annis
1576 5639 1640 5715 881,
1733 5637 1759 5695 et
1773 5628 1813 5690 st

1004 5727 1211 5801 promulgavit.
