3900 6128
104 325 164 389 aaa
827 327 859 392 a.
883 325 1104 391 nneaosn.
1770 312 1854 394 aaa

149 533 212 590 Hoc
228 549 317 605 porro
331 532 423 606 liquet
437 549 492 589 sex
506 533 581 589 istos
596 532 690 588 libros
705 531 827 588 totidem
843 531 1003 588 conciones
1018 547 1098 598 esse,
1115 547 1237 602 quarum
1255 548 1343 588 unam
1357 533 1486 607 singuiis
1502 536 1608 593 diebus
1622 535 1751 592 babebat
1764 550 1833 590 auc·

107 626 163 679 tor.
180 622 292 694 Quippe
308 623 385 677 idem
401 639 434 676 sc
450 622 497 676 vol
512 622 605 693 pridie
621 621 711 677 verba
726 620 846 690 iecisse,
863 620 910 674 vel
926 619 1068 690 postridie
1085 619 1239 689 iacturum,
1256 621 1382 678 subinde
1397 623 1446 678 ait.
1462 610 1831 695 Orsusautemieriapost

110 713 292 768 Dominicam
309 712 570 766 Resurrectionem
586 711 680 780 tertia,
698 726 733 765 eo
748 710 836 764 modo
852 709 998 780 adusque
1014 713 1146 763 octavam
1161 708 1297 780 ejusdem
1316 710 1385 766 festi
1409 717 1587 782 prosecutus
1610 715 1666 769 ast.
1689 711 1834 779 Quando-

109 803 227 874 quidem
244 801 300 856 sub
317 801 404 855 sinam
420 801 568 855 sermonis
584 800 600 854 4
615 800 691 869 (cap.
707 799 736 869 6)
751 814 804 853 eos
819 799 869 869 qui
886 800 1070 869 supererant,
1088 798 1219 852 crastina
1235 798 1285 853 clio
1300 798 1440 866 Sabbato,
1466 807 1496 856 et
1513 800 1664 857 Dominica
1689 801 1730 871 (in
1745 800 1834 856 Albis

108 890 257 959 videlicet)
273 888 440 943 habiturum
457 903 489 942 se
504 888 669 958 pollicetur.
686 887 794 941 Verum
811 886 837 940 si
853 887 921 957 quis
936 886 1073 940 maluerit
1087 885 1235 940 Gallcnsis
1251 886 1443 958 manuscripti
1457 889 1659 945 auctoritatem
1674 890 1772 961 sequi,
1795 890 1834 944 li-

109 981 196 1035 brum
212 978 347 1032 ultimum
362 977 391 1029 in
408 977 482 1031 duos
498 976 667 1045 dividentis,
681 975 742 1046 jam
757 991 925 1030 sermonem
942 974 1067 1046 primum
1082 975 1213 1029 secunda
1228 991 1243 1029 a
1259 975 1403 1032 Pascbate
1418 976 1492 1032 t'eria
1507 978 1729 1048 pronuntiatum
1753 979 1835 1034 dicat

115 1082 274 1123 necessum
290 1066 354 1119 erit.
371 1065 444 1119 Cum
460 1067 556 1119 autem
571 1064 620 1117 illa
636 1064 804 1118 distributio
819 1064 954 1118 videatur
967 1079 1071 1133 parum
1086 1064 1248 1134 commoda,
1266 1065 1374 1136 quippe
1389 1081 1447 1137 qua
1463 1081 1501 1121 ex
1514 1065 1583 1121 libri
1598 1083 1628 1121 vi
1642 1067 1746 1139 paucis
1760 1082 1835 1122 ver-

117 1157 202 1210 sibus
218 1153 265 1222 (ab
282 1153 352 1220 iliis,
370 1152 506 1205 nimirum
522 1152 633 1220 verbis,
651 1150 751 1220 Aliud,
768 1151 954 1205 Psalmorum
970 1149 1077 1220 David,
1094 1151 1163 1221 etc.)
1180 1166 1275 1206 novus
1290 1150 1366 1207 liber
1381 1154 1585 1224 constituatur,
1612 1153 1680 1227 ejus
1702 1153 1834 1225 scripto-

109 1261 172 1299 rem
188 1258 247 1297 non
263 1241 319 1295 alia
346 1242 500 1295 reductum
516 1241 664 1311 putamus,
682 1256 770 1311 quam
786 1240 865 1312 quod
881 1240 947 1295 illas
963 1254 1063 1308 voces,
1082 1240 1215 1294 crastina
1231 1240 1281 1295 die
1296 1241 1437 1307 Sabbata,
1455 1243 1490 1298 de
1512 1243 1630 1299 duobus
1654 1244 1834 1300 intellexerit

114 1333 220 1388 diebus
236 1332 286 1402 qui
299 1334 396 1384 tamen
411 1347 462 1384 aas
477 1346 530 1400 per
544 1330 759 1399 appositionem
775 1333 824 1383 aut
839 1328 936 1399 potius
961 1329 1081 1399 ellipsin
1103 1331 1325 1400 grammaticam
1349 1331 1385 1385 de
1410 1332 1493 1387 unica
1517 1333 1629 1387 rectius
1652 1333 1832 1404 accepisset.

112 1423 189 1476 Hinc
205 1423 291 1476 etium
307 1421 369 1474 sieri
385 1421 479 1489 potuit
493 1422 522 1472 ui
540 1434 639 1474 sermo
654 1419 773 1490 quidam
789 1420 819 1471 in
835 1418 1004 1488 appendice
1019 1418 1303 1490 Augustinianorum
1319 1420 1387 1475 edit.
1404 1437 1489 1476 novae
1510 1436 1632 1478 numera
1657 1421 1721 1492 itit,
1745 1437 1836 1494 qnam

111 1513 209 1567 lvonis
238 1509 431 1565 Ueroniensis
447 1509 565 1563 nomina
581 1508 657 1578 typis
673 1508 792 1571 editum,
810 1507 895 1561 etiam
912 1507 1007 1577 ipsius
1022 1522 1091 1562 csse
1108 1524 1185 1563 unus
1203 1523 1218 1563 a
1233 1509 1426 1566 Bibliothecae
1442 1512 1552 1567 nostrae
1568 1510 1727 1566 codicibus
1741 1513 1838 1567 testa-

111 1605 172 1656 tum
189 1601 266 1669 facit,
284 1601 313 1653 in
329 1599 465 1653 Alnetino
481 1603 576 1652 tamon
592 1598 731 1666 (llooast.
748 1596 924 1651 Alrretensis
942 1596 1013 1651 Ord.
1032 1596 1184 1667 (lisiaro),
1201 1598 1258 1654 sub
1283 1598 1367 1654 titulo
1393 1598 1461 1654 libri
1483 1615 1524 1654 vu
1548 1599 1593 1654 Da
1617 1599 1835 1655 Sacrameatisi

112 1695 181 1762 post
196 1691 288 1744 hosce
304 1692 424 1742 nostros
440 1687 645 1741 collocaretur.
661 1686 800 1750 Quamvis
818 1701 833 1737 a
849 1701 919 1739 vero
935 1699 1053 1756 quoque
1068 1701 1128 1740 noo
1142 1686 1263 1741 nimium
1277 1686 1397 1742 abludat
1411 1703 1497 1742 cosa
1520 1686 1630 1759 quibus
1655 1687 1745 1742 iidem
1769 1703 1837 1743 sar-

114 1794 219 1834 mones
235 1780 304 1831 sunt
319 1777 440 1843 exarati,
467 1776 516 1829 illo
533 1778 698 1844 spectasse,
716 1776 746 1827 ut
760 1789 814 1843 pcr
829 1776 961 1828 octavam
975 1789 1062 1828 suum
1078 1774 1187 1828 colibet
1202 1774 1260 1829 diei
1274 1775 1477 1845 attribuerent,
1501 1774 1653 1830 Dominica
1668 1776 1837 1832 Resurrec-

117 1869 215 1935 tioniS,
238 1867 317 1937 quod
333 1869 453 1936 propter
468 1865 683 1919 solemnitatem
698 1863 865 1932 impeditior
880 1866 971 1932 esset,
997 1865 1109 1917 tantum
1124 1863 1246 1918 omissa.
1263 1863 1321 1920 Sed
1337 1880 1393 1920 nec
1407 1865 1524 1921 aliunde
1539 1867 1634 1919 ortum
1648 1864 1776 1931 videtur,
1804 1851 1838 1922 ut

115 1959 145 2011 in
161 1973 234 2011 mss.
252 1957 362 2026 aliquot
377 1956 453 2010 liber
467 1956 511 2009 lle
526 1953 689 2026 Mystoriis
704 1951 885 2006 inscribatur
896 1954 1013 2023 primus
1028 1953 1066 2007 de
1081 1952 1286 2008 Sacramentis
1302 1973 1311 2008 :
1326 1954 1376 2029 qui
1390 1970 1462 2010 vero
1477 1955 1590 2026 primus
1604 1955 1651 2010 est
1665 1954 1703 2010 de
1719 1954 1834 2013 Sacra·

111 2047 221 2101 urentis
236 2046 265 2100 in
281 2045 442 2100 secundem
459 2044 593 2099 ordinem
606 2041 772 2113 dejiciatur,
790 2041 877 2096 etsie
892 2040 1045 2110 deinceps.

414 2419 863 2599 sanari
932 2421 1542 2602 Ambrosii

698 2730 1045 2795 MEDIOLANENSIS
1069 2733 1262 2797 EPISGOPI

581 2951 698 3104 DE
735 2950 1369 3110 standandans

864 3202 977 3264 LIBRI
1001 3203 1094 3266 SEX.

765 3461 930 3542 maan
970 3461 1185 3543 PRlliUS.

324 3747 726 3812 3490312UTPRJMUM·
959 3707 1155 3798 Asignincat
1189 3727 1218 3780 in
1253 3722 1415 3797 Evangelio
1449 3723 1593 3779 Dominus
1624 3723 1729 3778 noster
1753 3721 1842 3778 lesus

115 3859 173 3917 Ubi
192 3862 341 3944 praemisit
364 3869 495 3917 acturum
519 3879 552 3917 sc
584 3863 621 3917 ria
648 3861 855 3929 sacramentis,
884 3876 946 3932 ᾳιιω
1004 3815 1152 3885 Chrisms’
1171 3813 1411 3869 ⁰⁰m⁰i⁰h¹⁸m⁸
1427 3812 1802 3881 essetsurdusetmutus'
1818 3813 1845 3866 et

144 3950 231 4005 prins
247 3934 393 4004 explicata
411 3951 466 3989 non
483 3936 620 4004 oporanit,
647 3934 762 3987 accedit
780 3933 946 4004 arlrnp'ste-
1004 3905 1202 3976 “liginum
1218 3903 1285 3975 ⁰l¹¹s
1301 3906 1329 3959 οἵ
1350 3919 1384 3958 ⁰⁸
1410 3901 1477 3974 ΨΒ
1494 3918 1500 3956 ³
1517 3917 1615 3971 ‘mm’
1641 3901 1710 3973 quia
1734 3901 1843 3956 ⁸¹¹rd⁰⁸

147 4005 225 4059 rium
241 4008 415 4076 apertionis,
433 4024 516 4077 qrram
532 4023 547 4059 a
565 4006 686 4059 cbristo
701 4006 732 4057 in
748 4004 875 4059 sandica
886 4020 946 4056 rnu-
1005 3998 1082 4065 erat3
1097 4010 1142 4064 οε,
1160 3993 1228 4065 qnia
1243 3997 1352 4063 mutus,
1377 3995 1406 4047 ct
1420 3993 1459 4046 ait
1476 4007 1482 4046 :
1498 3991 1655 4063 prpbeta
1670 3990 1779 4058 (Marc.
1794 4006 1849 4059 vn,

149 4077 505 4149 ticttt·ttt1'011081'9sstttttttt
523 4076 618 4131 dodel·
1006 4084 1062 4152 at).
1090 4083 1268 4139 Hebraicum
1293 4082 1417 4137 verbum
1440 4082 1495 4151 est,
1521 4080 1599 4152 qnod
1621 4079 1724 4134 listina
1739 4079 1847 4133 dicitur

150 4185 173 4238 l.
195 4185 236 4239 Dc
262 4184 455 4239 sacramentis
479 4201 545 4255 quae
577 4181 745 4253 accepistis
781 4197 949 4236 sermonem
1009 4168 1848 4243 ltdapcrirc.ldcocrgotibisacerrlosaurestetigit,ut

112 4275 239 4343 adorior,
258 4273 345 4345 cujus
361 4274 504 4329 rationem
518 4274 557 4342 (i)
573 4289 632 4327 non
647 4272 774 4342 oportuit
789 4275 855 4325 ante
871 4287 950 4341 prae-
1009 4264 1195 4334 aperirentur
1217 4277 1305 4317 aures
1332 4266 1390 4316 tum
1412 4261 1449 4315 ad
1474 4274 1652 4330 sermonem,
1678 4261 1706 4312 et
1720 4257 1758 4311 ad
1774 4257 1847 4312 allo-

112 4365 200 4433 mitti3
216 4364 246 4418 in
262 4363 429 4419 Christiano
445 4363 523 4418 enim
537 4362 601 4417 tiro
617 4361 710 4433 prima
723 4363 768 4415 cst
779 4360 863 4414 fidos.
880 4359 950 4413 ideo
1011 4353 1112 4423 quium
1128 4351 1304 4407 sucerdotis.

113 4457 140 4508 ct
164 4456 266 4509 llomoe
291 4453 394 4508 fideles
419 4452 556 4507 dicuntur
579 4451 628 4522 qui
653 4449 789 4520 baptizati
815 4451 884 4503 sunt
902 4463 907 4502 :
924 4451 953 4502 et
1046 4443 1072 4497 3.
1095 4442 1153 4496 Scd
1169 4442 1244 4496 dicis
1260 4441 1331 4495 mibi
1349 4456 1355 4495 :
1371 4439 1468 4506 Quare
1483 4438 1593 4492 narcs‘?
1607 4436 1650 4490 lbi
1665 4437 1733 4507 quia
1749 4438 1849 4490 mutus

112 4546 195 4612 pater
210 4546 312 4599 noster
327 4543 476 4597 Abrabam
491 4558 528 4596 ex
545 4541 601 4594 iirlc
615 4539 796 4610 justificatus
812 4540 867 4605 est,
894 4552 953 4592 non
1013 4535 1084 4600 erat,
1111 4548 1145 4585 os
1170 4530 1283 4602 tetigit:
1310 4534 1341 4584 ut
1362 4529 1430 4601 quia
1448 4527 1529 4599 loqui
1543 4542 1602 4581 non
1616 4527 1730 4596 poterat
1745 4541 1850 4579 sacra-

114 4646 150 4682 cx
167 4633 307 4701 operibns
318 4633 411 4702 (llrnn.
432 4650 469 4700 rr,
486 4632 525 4700 3).
554 4630 633 4701 Ergo
656 4627 816 4698 accepistis
839 4627 953 4695 baptis-
1014 4624 1109 4674 monta
1126 4620 1268 4688 ecclesiia,
1285 4635 1388 4674 vocem
1403 4619 1550 4687 acciperet
1564 4632 1580 4669 a
1595 4614 1723 4668 Christo.
1746 4613 1783 4667 Et
1797 4614 1850 4682 ibi,

115 4734 204 4785 ιιιιιιιι,
223 4721 403 4775 credidistis.
421 4721 512 4775 Notas
529 4725 573 4774 cst
600 4719 679 4773 enim
701 4732 747 4770 mo
772 4715 850 4769 aliud
875 4714 954 4769 aesti-
1014 4710 1081 4781 quia
1105 4711 1169 4778 rir3
1195 4710 1252 4778 hic,
1277 4710 1344 4780 qnia
1369 4707 1508 4762 mulieres
1533 4703 1723 4774 baptizantur,
1748 4706 1777 4758 et
1792 4719 1852 4757 non

114 4821 210 4876 marc,
227 4824 322 4879 nequa
340 4811 417 4864 cuim
433 4814 557 4864 vocatas
579 4824 665 4862 cases
690 4807 725 4860 orl
752 4805 875 4877 gratiam
897 4801 955 4857 nisi
1015 4799 1116 4855 eadem
1132 4799 1243 4870 puritas
1260 4799 1351 4866 servi,
1376 4797 1482 4868 quante
1499 4798 1526 4849 ct
1541 4792 1657 4847 Domini
1675 4792 1756 4862 (eum
1772 4793 1868 4847 enim·

116 4895 238 4967 dignum
254 4899 281 4950 te
297 4896 433 4951 Christus
450 4915 503 4952 sno
519 4898 611 4970 gratio
625 4897 802 4967 judicasset.
1015 4889 1063 4943 ille
1079 4891 1198 4958 peccato
1213 4887 1365 4955 concedat,
1382 4885 1451 4939 huic
1468 4884 1586 4955 peccata
1602 4882 1760 4949 donentur,
1785 4896 1854 4951 quae

62 4976 65 4983 ’
151 4987 178 5040 ⁶2.
200 4985 279 5057 Ergo
305 4985 374 5056 quid
397 4987 513 5057 egimus
537 4986 685 5040 subbato?
701 4985 813 5054 Nempe
829 4981 955 5054 apertio-
1014 4981 1111 5048 potest
1135 4992 1204 5032 esse
1229 4975 1451 5045 comparatiof’),
1476 4973 1557 5041 ideo,
1582 4972 1704 5040 propter
1726 4968 1854 5041 gratiam

116 5091 184 5131 nem
209 5090 215 5129 :
238 5091 304 5145 quaa
334 5074 474 5142 mysteria
504 5074 650 5129 celebrato
679 5076 748 5128 sunt
776 5071 953 5143 apertionis,
973 5045 1302 5137 Boperisotmuneris
1326 5063 1381 5131 (De
1399 5062 1532 5129 Conscc„
1549 5059 1616 5114 dist.
1632 5057 1659 5128 l,
1677 5073 1704 5112 c.
1721 5056 1857 5130 Propter

116 5163 234 5236 quando
250 5163 305 5217 tibi
320 5179 408 5217 anrcs
426 5162 520 5233 tetigit
535 5163 678 5216 sacerdos
695 5166 722 5216 ct
746 5178 844 5216 nares.
871 5160 955 5225 Quod
1013 5155 1150 5230 ploriam)
1176 5170 1234 5208 non
1261 5168 1295 5207 os
1322 5151 1413 5223 tangit
1434 5150 1604 5221 episcopus,
1620 5147 1673 5203 scd
1691 5162 1781 5201 nares
1796 5147 1826 5216 (2
1847 5164 1853 5201 :

153 5311 191 5379 (i)
213 5309 285 5362 biss.
303 5307 414 5376 aliquot
429 5305 622 5371 recentiores,
651 5321 770 5375 qnorum
793 5306 954 5365 rationem·
1014 5316 1048 5354 ac
1065 5315 1138 5353 mss,
1157 5296 1295 5352 omnibus
1314 5311 1319 5350 :
1336 5294 1370 5348 In
1387 5292 1562 5349 Cinn‘stiano
1575 5290 1652 5345 enim
1672 5306 1745 5344 rero
1756 5290 1856 5360 prin-re

120 5386 205 5437 ilum.
230 5381 298 5435 cdii.
324 5395 409 5449 capus
433 5379 480 5431 rei
504 5377 665 5438 rationenn
693 5376 799 5444 reliqui
822 5392 896 5429 mss,
921 5392 955 5429 ac
1016 5377 1060 5425 est
1079 5370 1168 5428 tirius:
1183 5367 1293 5439 quibos
1310 5366 1412 5420 verbis
1429 5364 1561 5419 habitum
1584 5360 1652 5415 tidei
1677 5364 1857 5430 supernatu-

119 5456 199 5516 odit.,
218 5453 301 5523 crrjus
315 5451 471 5503 ran'onem.
490 5448 555 5500 Non
572 5447 666 5513 malc;
693 5446 765 5498 ratio
781 5446 859 5499 enim
874 5462 955 5514 saepe
1015 5443 1085 5496 ralis
1111 5440 1222 5494 inlundi
1239 5439 1364 5508 primum
1381 5437 1408 5489 in
1433 5433 1580 5503 baptismo
1600 5431 1679 5486 clara
1697 5431 1855 5487 indic-otor.

119 5527 246 5578 sumitur
261 5538 314 5593 pro
331 5522 393 5591 ipsa
411 5537 452 5587 rc,
477 5523 563 5589 atquc.
580 5519 652 5571 adeo
669 5518 744 5569 idem
761 5520 806 5569 est
821 5534 855 5570 uc
870 5520 895 5569 si
912 5517 955 5569 lc·
1016 5514 1148 5582 lienique
1164 5512 1199 5565 de
1217 5526 1251 5564 eo
1268 5509 1345 5579 quod
1361 5505 1530 5574 subjicitur,
1547 5503 1618 5559 Ideo
1632 5508 1662 5558 et
1673 5502 1775 5558 Itomae
1786 5504 1858 5558 iide-

121 5599 249 5663 grrctur,
267 5611 351 5666 quem
368 5608 534 5647 scrunonrm
551 5607 607 5642 noa
622 5589 759 5660 aportuit,
778 5589 841 5640 sire
858 5588 955 5656 ulqni-
1014 5585 1069 5650 irs,
1088 5590 1154 5651 otc,
1170 5582 1231 5653 jorn
1250 5582 1360 5634 dictum
1376 5580 1406 5633 in
1424 5577 1600 5633 l'raesutione
1614 5575 1671 5645 eet,
1688 5590 1779 5647 quam
1790 5591 1857 5630 oon·

121 5668 187 5720 dam
202 5684 275 5720 mss.
293 5682 349 5719 non
363 5664 476 5735 putari,
495 5667 550 5716 etc.
568 5664 792 5730 Consequentur
806 5662 901 5711 autern
914 5658 955 5709 ul-
1015 5657 1091 5709 sarie.

122 5738 189 5789 tima
215 5738 283 5790 edit.
312 5736 405 5790 l’oris.
432 5733 614 5805 reposuerat.
639 5731 672 5785 Ia
689 5729 862 5784 Christiano
878 5729 956 5782 caim
1050 5729 1088 5796 tt')
1110 5726 1163 5779 liic
1180 5725 1248 5778 edit.
1266 5723 1388 5779 etGrat.
1405 5721 1562 5794 repetunt:
1581 5716 1805 5786 Quatowc&
1828 5718 1858 5772 al

126 5809 171 5862 ria
187 5810 293 5880 optinm
310 5815 355 5864 eat
370 5807 455 5881 tides,
472 5822 526 5880 pro
548 5821 584 5862 eo
608 5803 688 5879 quod
703 5802 828 5857 babetur
843 5801 874 5856 in
889 5799 955 5856 aliis
1015 5800 1079 5855 sine
1096 5795 1240 5872 suffragio
1257 5811 1330 5850 mss.
