3900 6128
110 288 189 356 rora
696 289 1005 356 smeronsnuu
1027 276 1240 356 omss1sr.
1322 310 1327 317 ·
1492 343 1558 363 .,
1755 262 1839 362 rer

108 493 209 547 autem
239 493 268 547 et
290 492 401 548 veritas
424 507 479 563 per
502 492 607 548 lesum
628 491 779 548 Christum
802 492 878 547 faeta
903 452 987 548 estss
1003 492 1032 548 θῖ
1044 507 1155 563 passus
1171 496 1227 564 θεῖ,
1244 496 1272 550 et
1286 493 1407 566 quierit,
1421 495 1451 553 ut
1466 494 1640 565 resurrexit,
1656 494 1692 550 de
1707 490 1765 567 quo
1780 491 1835 550 tri·

109 580 207 649 (dean.
225 598 245 651 r,
262 581 317 651 l'l).
337 602 348 630 ι
365 581 432 652 lpse
447 582 579 654 ergoqui
590 582 686 654 legem
697 582 814 636 locutus
826 581 947 653 θεῖ(90),
1003 580 1061 636 duo
1077 581 1117 635 ait
1133 597 1139 636 t
1155 604 1166 630 a
1182 581 1293 638 Solvite
1309 584 1366 640 hoo
1381 583 1533 656 templum,
1548 583 1624 649 884
1638 586 1666 639 el
1687 584 1717 639 in
1739 582 1836 639 triduo

107 672 214 741 postea
228 671 355 725 veniens
371 685 424 741 por
439 669 594 743 Virginem
610 669 785 724 novissimis
809 671 948 741 tempori·
1004 670 1139 725 excitabo
1154 670 1225 725 illud
1242 672 1336 741 (donn.
1362 689 1391 743 rr,
1418 672 1482 744 le),
1501 696 1511 721 a
1538 672 1607 745 quid
1632 672 1720 728 nobis
1739 674 1838 744 potest

108 757 178 827 bus,
197 759 409 829 plenitudinem
424 758 501 831 legis
517 759 753 828 consummavit,
779 759 846 830 quia
868 759 950 814 venit
1003 758 1169 814 molestiam
1181 759 1509 816 dubitationisaiierre‘l
1525 761 1600 816 Nam
1610 761 1636 816 si
1647 776 1681 816 ea
1691 776 1742 817 res
1757 772 1838 816 serui

108 862 171 901 non
188 847 286 918 legem
302 847 433 916 solvere,
450 847 504 903 sed
519 847 640 918 implore
656 847 774 916 (Matth.
790 865 819 918 v,
836 848 900 918 17);
921 850 949 903 et
1003 847 1104 920 pulum
1119 852 1227 919 moret,
1252 849 1321 921 quia
1344 852 1447 920 quarta
1469 849 1582 906 decima
1598 849 1667 905 luna
1682 864 1741 905 non
1757 850 1837 906 eele³

109 934 275 990 colebmrit
291 935 406 990 Pascha
421 935 617 1006 hebdomade,
632 937 663 990 in
679 951 736 1007 qua
751 935 804 991 fuit
828 938 947 1008 quarta·
1004 936 1126 991 bramus
1141 935 1239 1007 ipsum
1255 937 1333 992 diem
1347 938 1394 993 vel
1409 939 1561 1010 passionis
1576 939 1624 994 vel
1639 939 1837 995 resurrectio-

109 1024 227 1079 decima
250 1023 320 1079 luna
342 1024 442 1096 quinta
467 1023 551 1080 seria.
568 1025 701 1097 Denique
715 1026 780 1096 ipse
796 1025 854 1096 dio,
871 1024 949 1081 sicut
1005 1025 1073 1094 nis,
1089 1024 1154 1095 ipse
1170 1026 1314 1081 Dominus
1329 1041 1389 1082 non
1405 1027 1631 1098 quartadecima
1644 1026 1713 1084 luna
1727 1043 1838 1099 passus

115 1112 274 1183 superiora
290 1112 408 1184 docent,
433 1112 544 1184 pascha
566 1128 632 1169 cum
656 1113 812 1185 discipulis
829 1114 949 1170 mandu·
1005 1116 1061 1183 est,
1078 1115 1132 1169 sed
1148 1115 1248 1186 quinta
1265 1116 1388 1187 decima,
1405 1119 1434 1171 et
1450 1117 1575 1188 septima
1600 1117 1713 1172 decima
1734 1133 1838 1173 resur-

107 1202 189 1255 cavit
211 1216 217 1255 :
243 1203 381 1273 sequenti
405 1205 502 1257 autem
527 1203 585 1273 dio,
610 1202 666 1257 hoe
690 1204 748 1269 cst,
763 1205 847 1257 sexta
863 1202 947 1274 laria,
1005 1204 1091 1258 rexit.
1107 1203 1191 1269 Quod
1206 1204 1232 1259 si
1247 1207 1355 1276 movet,
1382 1205 1451 1277 quia
1476 1207 1610 1278 quartam
1633 1202 1776 1261 decimam
1791 1206 1839 1262 lu-

107 1288 274 1345 crucilixus
290 1294 346 1360 est,
362 1289 431 1345 luna
442 1291 540 1361 quinta
551 1291 674 1346 decimu.
688 1291 816 1347 Subbato
830 1306 948 1364 quoque
1005 1308 1072 1348 nam
1087 1296 1286 1364 transeuntes,
1309 1310 1376 1366 quae
1401 1294 1448 1350 die
1471 1294 1528 1366 (ld)
1553 1295 1706 1350 Dominica
1725 1295 1838 1366 incidit,

107 1394 220 1451 magno
236 1379 287 1434 illo
304 1379 503 1435 sextadecima
519 1378 595 1435 luit:
619 1396 653 1434 ac
674 1396 728 1452 por
751 1380 807 1437 hoc
823 1381 948 1452 septima
1004 1382 1061 1437 hoe
1085 1385 1140 1452 est,
1167 1386 1269 1454 quarto
1292 1382 1406 1440 decimo
1432 1383 1580 1439 Kalendas
1606 1383 1684 1455 llaii,
1703 1385 1840 1456 sequenti

107 1467 226 1523 decima
243 1468 312 1522 luna
326 1470 491 1524 resurrexit
505 1485 522 1522 n
537 1470 671 1524 mortuis.
1004 1471 1157 1526 Dominica
1185 1471 1406 1527 instaurandam
1437 1473 1637 1529 celebritatem
1667 1471 1839 1543 suademus,

147 1556 192 1610 ll.
218 1555 303 1612 Unde
326 1556 392 1612 baec
416 1557 465 1613 lex
484 1557 610 1613 Paschae
626 1557 714 1613 uobis
729 1559 875 1614 servanda
891 1561 947 1630 est,
1005 1560 1163 1615 auctoritas
1180 1563 1276 1616 exstat
1291 1560 1474 1634 hujusmodi.

105 1648 140 1701 ut
158 1661 218 1701 non
233 1646 368 1718 quartum
384 1646 527 1701 decimam
537 1646 733 1702 observemus
743 1647 773 1702 in
788 1646 835 1702 die
851 1663 949 1703 resur·
1041 1649 1084 1705 ll.
1102 1649 1177 1705 Nam
1191 1649 1376 1721 temporibus
1391 1651 1479 1722 paulo
1488 1650 1705 1722 superioribus,
1716 1666 1783 1707 cum
1794 1652 1841 1707 in·

105 1734 263 1805 rectionis,
288 1735 342 1790 sed
368 1733 399 1789 in
422 1734 468 1790 die
492 1735 587 1807 magis
610 1736 772 1806 passionis,
799 1738 848 1791 out
869 1739 948 1792 certe
1006 1737 1130 1793 cidisset
1143 1740 1247 1810 quarta
1263 1738 1581 1795 decimalunamansis
1595 1741 1682 1811 primi
1697 1740 1727 1795 in
1743 1741 1842 1797 Domi·

106 1823 177 1878 aliis
192 1823 339 1895 proximis
354 1821 562 1894 superioribus
573 1823 698 1894 diebus3
714 1825 783 1896 quio
798 1840 987 1916 resumes-B
1006 1827 1102 1883 nicam
1125 1827 1213 1898 diem,
1236 1827 1374 1899 sequenti
1399 1828 1490 1884 altera
1513 1829 1666 1884 Dominiea
1695 1829 1843 1885 celebrata

105 1912 200 1968 tionis
215 1912 375 1968 celebritas
400 1913 447 1968 die
473 1912 625 1968 Dominica
646 1913 813 1969 celebratur
828 1929 835 1985 ς
850 1914 948 1970 Domi·
1005 1917 1179 1972 solemnitas
1204 1919 1260 1972 θεῖ.
1285 1915 1476 1989 Octogesimo
1503 1921 1600 1974 autem
1623 1920 1651 1973 et
1672 1933 1751 1974 nono
1766 1934 1842 1975 anno

105 2002 175 2058 nica
199 2005 296 2057 autem
318 2001 456 2074 jejunare
480 2018 540 2058 nou
563 2018 743 2073 possumus,
762 2003 830 2074 qnia
852 2003 948 2058 ltlani·
1005 2005 1061 2075 (it)
1078 2019 1116 2060 ex
1131 2005 1177 2060 die
1193 2004 1308 2075 imperii
1324 2005 1509 2078 Diocletiani,
1530 2023 1596 2062 cum
1611 2006 1844 2078 quartadecima

106 2090 212 2146 choeos
227 2091 315 2146 etiam
331 2091 368 2146 oh
386 2091 474 2147 istius
490 2091 547 2146 diei
561 2091 678 2163 jejunia
689 2091 758 2163 jure
774 2091 948 2149 damnamus
1004 2093 1074 2149 luna
1090 2096 1172 2148 esset
1186 2108 1265 2149 nono
1280 2091 1429 2149 Kalendas
1448 2094 1570 2165 Aprilis,
1596 2108 1655 2150 uon
1677 2094 1842 2151 celebravi-

105 2179 174 2252 (al).
203 2180 267 2235 lloe
292 2182 339 2236 θεῖ
359 2180 437 2235 euim
455 2181 484 2234 in
500 2180 748 2236 resurrectionem
763 2179 873 2236 Christi
889 2197 949 2237 non
1005 2198 1072 2237 mus
1094 2181 1211 2237 Pascha
1235 2181 1330 2253 pridie
1345 2180 1495 2237 Kalendas
1511 2182 1632 2254 Aprilis.
1650 2183 1843 2239 Alexandrini

106 2269 244 2339 eredere,
271 2269 298 2324 si
321 2269 419 2341 legem
443 2269 511 2341 quis
531 2268 639 2341 Jejunii
655 2268 703 2324 die
718 2270 948 2326 resurrectionis
1005 2286 1124 2344 quoque
1147 2272 1176 2326 et
1200 2269 1335 2344 AEgypti,
1351 2273 1383 2325 nt
1397 2270 1455 2341 ipsi
1470 2271 1665 2343 scripserunt,
1682 2286 1749 2327 eum
1764 2271 1842 2328 incl-

107 2357 240 2428 iudioat3
257 2373 324 2412 eum
340 2358 389 2413 lex
405 2358 483 2413 dieat
497 2357 610 2429 pascha
624 2357 771 2413 edendum
786 2374 853 2413 cum
867 2375 948 2414 ama·
1005 2361 1101 2416 disset
1116 2366 1219 2432 quarta
1234 2359 1347 2414 decima
1363 2359 1442 2431 luna,
1458 2359 1602 2415 vicesimo
1625 2365 1654 2416 et
1674 2364 1777 2417 octavo
1794 2361 1842 2417 die

104 2446 483 2518 riludina(lixod.xu,8),
501 2446 629 2517 hocest,
647 2447 841 2517 cumdolore,
869 2448 948 2520 quod
1006 2448 1188 2505 Phamenoth
1217 2446 1274 2519 (25)
1306 2449 1438 2519 mensis,
1470 2448 1697 2505 celebraverunt
1727 2449 1844 2506 Pascha

105 2537 189 2591 lanto
206 2536 365 2609 sacrilegio
388 2536 540 2591 homiuum
564 2539 668 2591 auctor
691 2536 797 2591 salutis
812 2538 852 2592 sit
875 2537 949 2593 inte·
1005 2537 1342 2610 quintadiePharmuthi
1352 2537 1476 2608 mensis,
1494 2553 1560 2609 quae
1571 2541 1617 2594 est
1627 2538 1721 2609 pridie
1735 2532 1843 2595 Kalen·

106 2627 243 2696 remptus
260 2641 266 2680 :
285 2625 332 2680 die
356 2628 453 2680 autem
477 2625 629 2680 Dominica
650 2609 859 2681 exsultandum
872 2627 947 2682 Pro·
1004 2627 1058 2682 das
1074 2626 1196 2699 Aprilis,
1221 2641 1255 2681 ac
1280 2626 1324 2682 sic
1349 2641 1519 2682 convenere
1537 2627 1705 2683 nobiscum.
1722 2628 1842 2683 Rursus

104 2713 195 2785 pheta
213 2713 308 2782 docet,
326 2713 429 2769 dicens
447 2729 453 2769 :
472 2735 485 2765 u
502 2714 557 2768 llic
567 2717 612 2769 est
623 2714 699 2784 dies,
713 2714 880 2785 quemfecit
891 2715 949 2789 Do·
1004 2715 1198 2788 nonagesimo
1214 2718 1242 2770 et
1264 2715 1348 2770 tortio
1363 2730 1440 2770 anno
1455 2730 1472 2770 a
1488 2715 1535 2771 die
1548 2715 1664 2787 imperii
1680 2712 1841 2772 Diocletia-

104 2801 945 2876 minus;exsultemusetlaetemurineo(Psal.camullia·
1005 2804 1043 2870 ni,
1071 2819 1137 2859 cum
1153 2803 1309 2859 incidisset
1326 2806 1429 2875 quarta
1446 2803 1561 2859 decima
1575 2804 1646 2860 luna
1659 2804 1689 2859 in
1704 2808 1841 2877 quartum

142 2892 188 2946 le.
214 2891 294 2964 Ergo
317 2907 376 2947 non
401 2892 499 2947 solum
518 2892 669 2963 passionis
684 2893 774 2958 diem,
791 2894 846 2949 sed
860 2894 947 2949 etiam
1005 2894 1152 2950 decimum
1174 2893 1252 2948 diem
1267 2892 1843 2967 Pharmuthimcusis,quaeestquinto
1917 2898 1921 2906 '

103 2981 340 3037 resurrectionis
355 2980 509 3035 observari
522 2982 777 3052 oportctanobis3
794 2986 826 3039 ut
839 2983 947 3039 habea·
1005 2983 1075 3038 ldus
1090 2982 1212 3053 Aprilis,
1240 2996 1306 3053 quae
1331 2984 1394 3037 erat
1414 2981 1565 3038 Dominiea
1585 2982 1643 3052 die,
1661 2982 1842 3039 celebratum

103 3086 173 3126 mus
189 3071 218 3125 θῖ
233 3069 438 3124 amaritudinis
463 3072 492 3124 ot
515 3070 625 3125 laetitiae
642 3071 721 3125 diem
738 3086 744 3126 :
761 3071 813 3127 illo
826 3071 947 3144 jejune·
1005 3074 1052 3128 est
1068 3070 1186 3127 Pascha
1200 3071 1352 3126 Dominica
1364 3070 1538 3126 Pharmutbi
1546 3071 1690 3127 vicesimo
1705 3075 1733 3128 et
1748 3073 1842 3144 primo

104 3172 185 3228 mus,
203 3159 260 3213 isto
275 3158 453 3213 reficiamur.
471 3158 556 3214 Unde
572 3159 598 3213 si
616 3159 762 3230 inciderit,
780 3160 858 3215 sicut
872 3159 948 3216 lutu-
1004 3160 1063 3231 die,
1079 3161 1129 3232 qui
1144 3160 1200 3215 luit
1214 3159 1379 3215 secundum
1394 3174 1451 3215 nos
1467 3162 1553 3215 sexto
1569 3159 1683 3216 decimo
1700 3160 1756 3232 (td)
1781 3160 1841 3215 lia-

104 3262 172 3304 rum
188 3250 235 3303 est
249 3248 395 3318 proxime,
412 3251 515 3318 quartu
531 3248 644 3303 decima
655 3249 724 3304 luuu
736 3248 849 3305 mensis
860 3248 947 3320 primi
1004 3250 1109 3306 landas
1125 3247 1204 3304 Maii.
1222 3247 1307 3304 Unde
1323 3265 1390 3304 cum
1404 3251 1433 3304 θῖ
1447 3248 1522 3304 ratio
1547 3250 1586 3305 sit
1609 3251 1638 3305 θῖ
1661 3248 1839 3323 exemplum,

103 3337 154 3393 die
181 3336 335 3392 Dominica
359 3337 426 3407 (22),
447 3337 517 3408 quia
533 3353 629 3410 neque
643 3338 796 3393 Dominica
808 3337 946 3411 jejunare
990 3339 1076 3395 ·nihil
1092 3354 1183 3410 super
1197 3339 1254 3394 hoc
1270 3353 1390 3395 morere
1405 3353 1461 3393 nos
1477 3337 1575 3394 debet.

103 3425 264 3495 debemus,
280 3440 377 3497 neque
392 3427 478 3481 tertia
494 3426 607 3482 decima
622 3427 691 3482 luna
707 3426 753 3482 die
768 3427 888 3483 Sabbati
903 3429 947 3484 in·
1040 3430 1083 3484 15.
1109 3429 1196 3484 Nunc
1219 3427 1292 3482 illud
1313 3430 1369 3495 est,
1395 3427 1474 3500 quod
1499 3427 1686 3483 enodandum
1710 3426 1837 3499 videtur,

108 3514 385 3588 cidenlejeJ'unium
397 3516 525 3585 solvere,
538 3516 617 3588 quod
628 3516 755 3572 maxime
770 3517 816 3572 die
827 3517 946 3588 passio·
1003 3518 1071 3591 quia
1097 3517 1231 3589 plerique
1249 3518 1352 3587 putant
1366 3516 1499 3572 secundo
1514 3531 1618 3572 mense
1632 3530 1689 3572 nos
1704 3516 1839 3573 celebru-

101 3605 154 3660 nis
170 3608 218 3660 est
233 3604 433 3660 exhibendum
451 3620 457 3660 :
475 3605 640 3661 insitarum
656 3605 870 3661 hebdomadam
893 3622 944 3662 ce·
1002 3609 1085 3662 turos
1100 3604 1227 3675 Pascha,
1244 3621 1312 3660 cum
1327 3606 1470 3676 scriptum
1482 3605 1540 3661 sit:
1560 3598 1700 3662 «Custodi
1710 3607 1838 3678 primum

102 3693 232 3750 lebritas'
244 3693 370 3750 Paschae
386 3696 433 3749 est
449 3693 620 3750 differenda.
641 3694 794 3767 Siquidem
809 3695 946 3767 sequitur
1001 3710 1135 3751 mensem
1150 3709 1295 3751 novorum
1308 3692 1407 3765 (Dent.
1423 3711 1484 3764 xvi,
1502 3693 1546 3767 l),
1571 3695 1650 3768 quod
1666 3711 1725 3751 non
1739 3697 1839 3768 potest

103 3785 208 3856 quinta
233 3783 348 3838 decima
370 3784 449 3854 luna,
475 3799 533 3856 qua
556 3799 667 3854 passus
692 3786 738 3839 θεῖ
752 3782 900 3855 Christus,
917 3787 946 3840 et
1001 3785 1141 3851 incidere,
1158 3787 1190 3839 ut
1204 3786 1313 3855 preter
1323 3798 1456 3839 mensem
1467 3799 1613 3840 novorum
1628 3784 1745 3840 Pascha
1760 3784 1837 3841 cele·

101 3873 161 3929 erit
176 3872 308 3928 secunda
325 3871 398 3927 serie
415 3888 421 3927 :
438 3874 523 3927 tertia
546 3887 664 3945 quoque
687 3871 761 3927 leria
785 3873 840 3928 erit
859 3876 944 3928 sexta
999 3873 1086 3929 brent
1099 3872 1160 3927 nisi
1174 3872 1224 3944 qui
1241 3875 1376 3945 quartam
1391 3872 1536 3929 decimam
1551 3873 1650 3929 lunam
1665 3874 1703 3929 ita
1729 3873 1836 3930 obser-

104 3962 223 4018 decime
239 3961 317 4032 luna,
334 3976 392 4034 qua
406 3961 524 4017 Domini
539 3977 607 4017 caro
623 3962 653 4017 in
663 3962 802 4032 sepulcro
813 3962 942 4035 quierit:
1000 3964 1070 4018 rant
1084 3961 1248 4017 secundum
1264 3962 1401 4033 litteram,
1418 3965 1450 4017 ut
1465 3977 1524 4018 non
1539 3962 1597 4017 alio
1611 3961 1670 4018 nisi
1685 3961 1752 4034 ipso
1763 3961 1837 4019 eele-

102 4067 173 4107 cum
188 4051 389 4123 quarlsetiam
404 4049 477 4106 seria
492 4051 616 4122 septima
632 4050 745 4106 deoime
760 4051 829 4107 luna
845 4050 943 4107 lutura
999 4051 1086 4107 breul
1113 4051 1170 4107 die.
1200 4048 1333 4123 Denique
1362 4050 1492 4107 futurum
1522 4050 1619 4107 ludaei
1647 4049 1833 4125 duodecimo,

102 4141 153 4209 sil,
171 4155 230 4212 qua
244 4140 387 4195 Dominus
402 4140 577 4195 resurrexit.
999 4157 1058 4196 non
1073 4141 1168 4212 primo
1185 4155 1288 4196 mense
1303 4140 1481 4197 celebraturi
1492 4140 1698 4210 suntPescha,
1710 4139 1832 4210 hoeest,

140 4227 185 4284 la.
202 4228 275 4284 Cum
289 4229 381 4302 igitur
396 4229 525 4284 triduum
541 4229 613 4284 illud
625 4245 744 4285 sacrum
758 4229 787 4283 iu
803 4229 942 4285 hedoma·
999 4229 1208 4286 decimotertio
1220 4229 1369 4285 Kalendas
1380 4229 1490 4302 Aprilis
1501 4230 1569 4300 (el),
1579 4228 1743 4285 secundum
1753 4242 1809 4283 nos
1824 4241 1830 4284 :

102 4318 171 4374 dam
187 4317 321 4389 proxime
336 4317 798 4390 incur-ratultimam,intraquod
812 4317 940 4375 triduum
999 4319 1164 4375 secundum
1187 4317 1348 4391 AEgyptios
1372 4321 1468 4375 autem
1492 4318 1635 4373 vicesimo
1660 4317 1764 4388 quarto
1784 4316 1832 4371 die

138 4496 216 4569 (ΞΟ)
244 4497 384 4553 Nonnulli
409 4513 496 4568 mss,
523 4497 606 4570 «qui
630 4512 683 4568 per
704 4495 801 4569 legem
822 4497 940 4555 locutus
998 4499 1113 4582 cyclum
1127 4495 1437 4581 decemnovennalem,
1449 4493 1737 4621 inquitBalbusmru
1748 4493 1830 4579 inve-

103 4573 161 4626 est.
181 4592 193 4617 ι
953 4578 1066 4643 nn103
1090 4569 1128 4625 F.
1152 4569 1276 4625 litteram
1301 4568 1410 4622 domm.
1427 4583 1494 4638 amp
1507 4569 1655 4637 ratumque
1669 4564 1785 4621 Pascha
1799 4583 1830 4623 ru

138 4640 198 4711 (el)
222 4640 263 4695 De
282 4638 398 4712 jejunio
415 4640 577 4695 Dominicae
593 4639 650 4695 diei
664 4655 681 4694 a
696 4638 869 4696 Manichaeis
884 4641 939 4697 ob·
996 4641 1091 4714 pridie
1116 4639 1181 4696 lial.
1205 4640 1333 4711 Apriles.
1351 4639 1437 4693 iluue
1451 4640 1548 4693 autem
1564 4652 1674 4692 annum
1695 4639 1764 4709 post
1778 4652 1828 4695 re·

104 4711 221 4769 servari
236 4711 334 4781 solito,
351 4711 474 4767 consule
490 4711 651 4783 Augustini
671 4711 825 4781 epistolam
840 4711 884 4779 36,
903 4714 942 4769 ad
995 4715 1126 4840 paratum
1148 4710 1273 4766 salutem
1297 4709 1349 4765 373
1372 4708 1467 4764 inisse
1490 4707 1578 4763 trudit
1598 4708 1775 4765 Bucherius.
1793 4709 1829 4765 Dt

105 4783 293 4853 Casulanum,
317 4799 397 4837 num.
418 4783 451 4837 al
466 4785 494 4837 et
509 4783 552 4838 29.
571 4783 613 4837 De
629 4798 687 4854 quo
704 4782 791 4837 etiam
805 4783 939 4838 nonnihil
1016 4799 1060 4840 θθ
1071 4783 1225 4853 utriusque
1236 4779 1401 4837 emendatio
1409 4780 1497 4836 etiam
1507 4794 1545 4835 ex
1556 4779 1679 4850 epistela
1690 4779 1814 4836 Proterii

104 4854 194 4912 babet
209 4853 361 4910 Pretorius
375 4854 405 4909 in
420 4854 544 4925 epistola
559 4854 596 4909 ad
610 4855 750 4908 Leonem.
995 4870 1050 4911 nec
1066 4869 1124 4909 uon
1139 4868 1177 4908 ex
1192 4868 1252 4907 aera
1268 4851 1452 4920 Diocletiani,
1465 4865 1552 4922 quam
1562 4866 1639 4907 anno
1653 4851 1766 4908 Christi
1775 4824 1828 4910 282

138 4926 197 4997 (22)
214 4925 269 4980 Hic
283 4929 346 4980 erat
360 4926 448 4980 cardo
464 4925 657 4994 dilllcultetis,
680 4925 716 4979 de
741 4938 798 4994 qua
821 4925 936 4980 cousul-
995 4942 1024 4979 rv
1038 4924 1101 4980 lial.
1119 4923 1198 4994 Sept.
1216 4923 1378 4978 institutam
1392 4922 1505 4994 volunt,
1523 4922 1723 4980 confirmatur.

104 4999 151 5053 tus
166 4996 264 5052 luerat
279 4996 467 5065 Ambrosius,
484 4996 622 5052 nimirum
642 4995 802 5067 quodcum
819 4996 939 5052 Pascha
1029 4996 1086 5066 (25)
1100 4996 1141 5049 lta
1158 4995 1243 5050 llom.
1259 4994 1328 5051 edit.
1344 4997 1374 5050 et
1389 5010 1464 5049 mss.
1488 5009 1555 5049 cum
1579 4994 1666 5065 epist.
1690 4994 1827 5066 Protorii,

105 5069 248 5124 incideret
263 5068 292 5122 in
309 5085 358 5121 xiv
374 5068 438 5123 Kal.
455 5068 558 5135 liuius,
570 5070 667 5123 utrum
681 5067 710 5121 in
726 5083 765 5120 vu
781 5066 938 5122 transferri
993 5070 1023 5123 et
1047 5066 1129 5121 Dalbi
1151 5081 1185 5120 uo
1210 5064 1348 5121 Bucherii
1372 5065 1580 5137 supputatione
1604 5084 1610 5121 :
1637 5066 1700 5122 Vel.
1730 5071 1828 5123 autem

105 5142 208 5209 posset
223 5138 345 5193 dubium
360 5142 422 5194 erat
444 5142 565 5210 propter
588 5141 717 5193 rationes
738 5138 786 5192 hic
801 5154 818 5192 a
834 5142 937 5193 sancto
994 5139 1074 5206 edit,
1093 5160 1104 5185 a
1122 5140 1151 5192 θῖ
1166 5137 1308 5192 vicesimo
1324 5141 1352 5193 et
1367 5142 1470 5194 octavo
1486 5138 1533 5193 die
1548 5137 1731 5194 Pharmutbi.
1751 5162 1763 5187 r

105 5211 274 5278 Ambrosio,
291 5211 498 5266 etaProterio
516 5211 545 5264 in
561 5211 685 5280 epistola
705 5210 801 5279 citato,
827 5224 937 5280 propo·
1028 5209 1165 5280 (Dblllet.
1189 5209 1258 5264 edit.
1287 5224 1373 5265 anon
1416 5209 1676 5276 uintodecim03n
1698 5207 1827 5265 restituit

105 5282 188 5337 sitas.
204 5282 263 5336 Ubi
278 5282 373 5337 obiter
387 5282 614 5350 animadvertes,
631 5281 711 5352 quod
734 5281 765 5335 in
786 5280 935 5336 Admonit.
993 5280 1061 5337 edit.
1088 5281 1172 5335 iiom.
1200 5295 1285 5335 «uos
1308 5225 1521 5337 sextodecimo.
1541 5302 1551 5330 ι
1581 5281 1616 5336 Et
1636 5281 1716 5336 certe
1731 5278 1825 5360 mani·-

104 5353 138 5408 ad
153 5354 206 5408 lib.
223 5352 292 5408 Elis
308 5359 338 5407 cl
346 5353 441 5425 jejun.
458 5369 474 5407 a
491 5353 578 5408 nobis
602 5353 712 5408 dictum
734 5355 780 5408 θεῖ
803 5352 839 5407 de
858 5351 938 5424 jeju·
992 5350 1102 5407 festum
1118 5354 1173 5420 est,
1190 5351 1288 5422 priore
1304 5352 1455 5408 Dominica
1469 5352 1499 5408 in
1513 5369 1532 5406 v
1546 5351 1616 5408 idus
1629 5348 1742 5430 Aprilis
1755 5362 1826 5403 mci·

105 5425 151 5480 nio
166 5423 289 5479 Sabbali
304 5425 410 5494 saneti,
428 5424 512 5494 plane
526 5424 705 5479 confirmari,
992 5423 1090 5491 dente,
1106 5424 1241 5493 proxime
1259 5427 1432 5494 sequentem
1456 5439 1515 5479 non
1538 5423 1569 5477 in
1593 5419 1761 5492 xv,sed1u
1775 5435 1827 5474 xvr

136 5496 409 5565 (Pitlomnesmss,
425 5519 435 5544 α
449 5496 523 5560 Quid
535 5497 561 5549 si
575 5497 705 5551 moret...
719 5495 842 5566 quadie,
855 5518 866 5543 e
879 5496 937 5550 ete.
993 5493 1057 5549 Kal.
1075 5494 1141 5549 llaii
1158 5494 1299 5550 incidere.

137 5565 196 5638 (Ξῖ)
213 5565 277 5621 Vel,
293 5566 362 5622 edit.
380 5588 393 5617 ι
408 5566 597 5639 Octogesimo
613 5570 710 5621 eutem
725 5582 801 5621 anno
813 5571 840 5622 et
851 5582 939 5621 nona·
1028 5564 1085 5636 (27)
1102 5565 1177 5621 Edit.
1193 5566 1296 5638 antiq,
1316 5588 1326 5612 a
1341 5567 1425 5621 tertio
1441 5565 1505 5619 lial,
1522 5562 1639 5633 April·
1658 5562 1744 5619 Dom.
1759 5578 1826 5617 cum

104 5638 221 5712 gesimo
235 5637 343 5708 tertio3
361 5661 371 5685 ιι
398 5639 482 5694 liom.
500 5639 569 5694 edit.
587 5639 699 5692 tuntum
718 5638 866 5693 resecavit
882 5660 892 5684 u
911 5639 941 5692 θῖ
992 5652 1078 5706 mss,
1096 5660 1108 5685 ι
1126 5637 1352 5702 tertiodecimo,
1372 5659 1383 5685 i
1401 5641 1469 5704 θῖθ.;
1486 5634 1562 5689 unde
1577 5632 1746 5690 eonssrmari
1760 5649 1826 5689 mu-

105 5708 301 5782 uouagesimo
314 5709 401 5765 tertio
414 5725 445 5777 ς»
463 5708 682 5764 meliusFranc.
700 5709 822 5778 Balbus,
839 5711 868 5764 et
878 5709 938 5763 Bu·
991 5709 1131 5764 tationem
1147 5707 1327 5764 Pharrnutlri
1340 5708 1370 5762 in
1386 5705 1582 5775 Phamenollr,
1598 5703 1635 5762 de
1652 5721 1711 5779 qua
1736 5722 1826 5780 supe·

106 5780 237 5850 chorius,
255 5800 267 5833 ι
285 5780 469 5853 octogesimo
485 5785 581 5839 autem
597 5784 626 5837 et
642 5795 720 5839 uono
735 5796 832 5850 auu03
852 5803 861 5827 ·›
880 5796 939 5855 quo
992 5780 1057 5839 rius
1072 5778 1252 5850 dictumest,
1269 5779 1408 5834 observat
1423 5775 1546 5833 Balbus.
