3900 6128
104 263 161 332 tit

601 262 731 330 LIBER
751 263 807 327 DE
827 261 1128 328 INSTITUTIONE
1149 262 1348 330 VIRGINlS.

1781 263 1841 333 att

106 468 390 540 Aruinadabitiant.
401 486 452 538 vu,
470 469 514 538 1),
530 484 565 524 eo
581 467 660 540 quod
675 466 812 538 speciose
827 465 886 535 (56)
899 467 951 522 Ec·
966 448 993 510 Α
1009 465 1164 521 saturavit:
1189 467 1482 538 consummatumque
1506 470 1552 522 est
1574 467 1644 524 illud
1668 466 1835 541 prophetici

108 558 200 614 elesin
219 558 375 631 Evangelii
395 559 604 630 praedicatione
630 557 789 628 processit.
806 555 948 627 Speciosa

108 648 246 718 procedit
273 649 381 717 anima,
412 664 479 720 quae
499 663 623 718 corpore
645 646 726 700 velut
751 645 948 700 calceamento

109 737 221 803 alitur3
239 740 270 791 ut
286 753 346 809 qao
360 738 430 793 velit
440 738 506 807 (57).
524 753 611 791 suum
631 735 727 805 possit
742 735 808 789 sine
822 733 948 804 impedi-

110 829 209 881 mento
227 827 287 881 ullo
303 825 495 881 circumferre
510 825 680 897 vestigium.

144 931 189 988 88.
207 934 241 987 ln
256 933 314 989 hoc
330 933 528 988 calceamento
540 930 835 1003 specioseprocessit
846 929 947 996 Maria,

111 1037 176 1095 quae
187 1022 256 1076 sine
268 1022 326 1076 ulla
342 1023 546 1077 commistione
559 1037 711 1092 corporeae
723 1019 948 1075 consuetudinis

111 1115 263 1166 auctorem
292 1111 397 1166 salutis
418 1111 504 1184 virgo
534 1111 696 1182 generavit.
715 1109 799 1165 Unde
826 1109 947 1181 egregie

112 1200 243 1255 ioannes
259 1200 318 1255 ait:
343 1200 410 1256 Non
432 1217 495 1255 sum
511 1201 619 1272 riigaus
640 1198 761 1254 scivere
784 1198 945 1269 corrigiam

112 1289 379 1344 calceamentorum
391 1290 455 1362 ejus
471 1290 565 1357 (ioan.
575 1306 594 1358 1,
610 1287 667 1357 Π),
689 1287 789 1356 idest,
807 1302 866 1342 non
881 1302 948 1341 sum

112 1378 223 1450 dignus
249 1379 463 1433 incarnationis
490 1378 663 1448 mysterium
696 1376 947 1446 comprehendere

112 1467 262 1539 angustiis
293 1467 401 1522 mentis
430 1466 577 1534 humanae,
600 1472 687 1537 atque
715 1465 813 1536 inopis
837 1464 947 1518 vilitate

114 1556 263 1611 sermonis
278 1556 447 1611 absolvere.
464 1555 549 1610 Unde
564 1558 592 1610 et
604 1554 697 1609 lanias
711 1553 800 1608 dicii:
820 1552 948 1608 Generu-

115 1647 222 1700 tionem
242 1646 309 1717 ejus
324 1646 389 1717 guis
409 1644 566 1698 enarrabit
580 1643 651 1709 (isa.
668 1661 728 1713 aru,
747 1643 800 1712 tlt?
814 1642 950 1713 Speciosi

116 1749 183 1807 ergo
213 1750 343 1807 gressus
359 1733 405 1788 vel
435 1733 536 1787 itariae
555 1731 602 1787 vel
632 1732 785 1802 Ecclesia,
811 1732 949 1804 quoniam

116 1825 243 1895 speciosi
261 1824 355 1894 pedes
373 1822 649 1894 evangelizantium.
691 1843 694 1846 >

147 1931 189 1986 89.
201 1930 296 1995 Quam
307 1930 431 2001 pulchra
443 1930 531 1985 etiam
545 1929 595 1983 iiia
606 1945 672 2000 quae
688 1928 718 1982 in
733 1928 828 2000 ligura
844 1928 949 1983 Eccle-

122 2020 211 2076 riade
228 2020 319 2074 biania
332 2019 504 2090 prophetata
518 2021 607 2086 sunt,
625 2017 653 2072 si
667 2020 765 2072 tamen
781 2033 839 2072 non
856 2033 949 2071 mem·

122 2109 164 2164 bra
175 2110 324 2180 corporiS,
335 2109 387 2163 sed
400 2108 540 2177 mysteria
549 2107 752 2178 generationis
768 2105 836 2178 ejus
852 2107 949 2161 inten-

127 2196 183 2253 dasl
201 2198 317 2251 Dicitur
338 2197 416 2251 enim
432 2196 468 2249 ad
492 2210 573 2250 eam:
597 2194 868 2250 Medelitanorum
887 2202 949 2250 tuo-

128 2304 178 2341 run
193 2285 310 2341 similes
325 2285 490 2358 torquibus,
502 2285 586 2356 operi
600 2284 948 2355 manuumartr'bcist58).

132 2375 355 2431 iinbilicustuus
364 2382 467 2429 crater
475 2374 640 2438 tornatitis,
649 2389 706 2428 nou
717 2372 863 2429 deiciens
875 2374 950 2428 mis-

132 2471 157 2519 iu.
170 2465 279 2520 i'cuier
298 2471 366 2519 turus
384 2464 462 2518 sicut
484 2479 612 2518 acerras
635 2462 734 2516 tritici
747 2462 854 2516 merniti
868 2464 951 2517 intcr

131 2552 293 2623 illinitiant.
323 2570 373 2620 vu,
391 2552 471 2620 1-t);
500 2566 534 2606 eo
563 2551 642 2622 quod
672 2551 827 2605 continens
844 2550 902 2605 sibi
919 2551 949 2604 in

132 2643 252 2698 canibus
266 2642 379 2697 Christi
395 2646 479 2696 ortus
509 2657 547 2695 cx
562 2640 696 2712 Virgine,
714 2640 791 2694 sicut
818 2639 948 2694 victores

132 2729 949 2801 tolentsoeculariumpraeliorum,strenuorum,virorum

133 2811 187 2875 269
202 2821 320 2875 donatis
336 2804 496 2891 tur·quibus
512 2820 659 2874 honorare
674 2819 731 2888 (59)
747 2817 897 2885 cervices3
910 2817 949 2872 ita

130 2907 215 2983 jugum
231 2913 368 2965 nostrum
388 2909 505 2979 levavit,
530 2911 561 2962 ut
577 2908 706 2963 ildelium
732 2907 807 2962 colla
831 2907 949 2961 virtutis

132 2998 284 3071 insignibus
301 3001 468 3054 coronaret.

154 3104 479 3162 90.t'ereautemalvus
494 3103 543 3159 illo
562 3103 663 3159 iliariae
685 3104 782 3158 crater
792 3102 948 3172 tornatilis,

1009 556 1070 611 oris
1078 556 1237 627 eloquium,
1248 556 1473 612 dicenteeodem
1484 557 1576 612 David
1588 574 1594 612 ε
1609 556 1730 613 Cibavit
1742 573 1793 614 eos
1803 574 1844 614 ex

1008 645 1840 719 adipctrumeuti,etdepetramullcsaturnviteos(Psoi.

1007 751 1097 804 axxx,
1114 736 1170 805 it).

1043 824 1199 879 ieiunae
1215 841 1308 896 grano
1318 840 1388 879 esse
1407 825 1493 879 etlam
1504 824 1599 879 lilium
1617 825 1715 881 divina
1725 828 1841 881 testan-

1007 916 1056 968 tur
1071 914 1200 984 oracula,
1211 914 1279 985 quia
1291 914 1433 984 scriptum
1449 917 1510 968 est:
1527 914 1593 985 Ego
1604 931 1666 969 aum
1681 914 1736 969 ties
1747 915 1843 986 campi

1008 1002 1335 1058 etliliumronraliiura:
1349 1004 1425 1058 sicut
1436 1003 1672 1058 iiiiumiumedio
1690 1005 1842 1074 spinarum

1008 1092 1105 1161 (Ceut.
1123 1109 1153 1161 u,
1172 1093 1197 1162 i,
1221 1091 1259 1162 t).
1276 1091 1414 1148 Christus
1430 1096 1493 1147 orat
1508 1092 1602 1146 lilium
1617 1092 1646 1145 in
1662 1090 1759 1147 medio
1776 1091 1841 1164 spi-

1007 1197 1120 1251 narum,
1138 1181 1255 1253 quando
1270 1185 1332 1236 erat
1345 1181 1377 1236 in
1391 1182 1488 1237 medio
1503 1181 1686 1237 iudaeorum.

1317 1305 1443 1361 CAPUT
1464 1305 1528 1361 XV.

1013 1430 1153 1501 Virgines
1169 1432 1290 1504 galatiam
1312 1431 1461 1503 singulari
1486 1431 1570 1487 uredo
1591 1431 1652 1487 dici
1662 1446 1753 1502 posse
1775 1428 1839 1484 iilia

1044 1502 1170 1565 Christi,
1189 1504 1341 1558 Christum
1356 1519 1427 1557 vero
1438 1503 1532 1574 ipsum
1543 1509 1626 1557 recte
1633 1517 1691 1574 per
1699 1517 1839 1557 acervum

1043 1575 1139 1628 tritici
1154 1574 1448 1629 liiiiscircurndetum
1468 1573 1651 1639 adumbrari,
1665 1574 1771 1645 quippe
1790 1572 1840 1644 gui

1043 1645 1245 1700 rtEccieslam
1265 1644 1484 1715 secundaverit,
1501 1651 1530 1700 ot
1546 1645 1734 1701 diversorum
1749 1650 1834 1700 retu-

1041 1716 1113 1771 lerit
1127 1733 1249 1772 coronas
1265 1717 1466 1780 certaminum,

964 1829 990 1891 B
1041 1842 1085 1896 93.
1104 1842 1189 1911 Audi,
1207 1842 1302 1913 virgo,
1320 1842 1389 1912 quid
1401 1841 1492 1896 dicat:
1509 1839 1627 1906 Litium,
1644 1841 1748 1913 inquit,
1769 1856 1837 1897 con·

1009 1930 1127 1985 vallium
1138 1930 1285 1999 Christus,
1298 1930 1324 1985 id
1337 1934 1392 2000 est,
1405 1931 1558 1986 humilium
1571 1932 1733 1985 animarum
1745 1932 1773 1984 et
1782 1930 1837 1984 mi·

1005 2020 1087 2075 tium.
1106 2020 1177 2075 Esto
1206 2035 1278 2093 ergo
1294 2020 1373 2075 mitis
1398 2023 1485 2091 atque
1511 2022 1675 2088 mansueta,
1700 2021 1732 2074 ut
1756 2019 1786 2074 in
1809 2022 1838 2074 te

1005 2108 1083 2163 sicut
1107 2108 1200 2162 lilium
1222 2108 1367 2180 germinet
1389 2107 1537 2163 Christus.
1563 2108 1605 2164 De
1628 2123 1687 2182 quo
1716 2110 1745 2162 et
1768 2107 1840 2162 alibi

1005 2197 1117 2252 hahes:
1145 2197 1238 2252 Labie
1261 2197 1324 2270 ejus
1339 2196 1402 2252 iilia
1426 2197 1574 2252 stillantia
1596 2197 1752 2270 myrrham
1770 2197 1839 2268 pri-

1004 2303 1080 2341 mam
1090 2285 1147 2357 (aa)
1157 2286 1254 2358 (Cant.
1266 2303 1295 2356 v,
1308 2285 1354 2344 itii
1367 2302 1374 2355 3
1390 2285 1418 2340 id
1428 2285 1839 2357 est,quiChristipassionem

1004 2375 1165 2447 loquuntur
1183 2379 1211 2431 et
1234 2391 1289 2430 suo
1305 2391 1357 2431 ore
1382 2375 1651 2445 concelebrantur
1675 2374 1838 2429 mortitlca-

1003 2464 1113 2519 tionem
1129 2463 1196 2535 eJus
1213 2464 1242 2518 in
1258 2480 1314 2520 suo
1338 2463 1549 2519 circumierunt
1564 2479 1698 2535 corpore,
1723 2462 1837 2518 Christi

1004 2553 1063 2607 lilia
1076 2556 1164 2622 sunt3
1190 2553 1359 2624 specialiter
1374 2570 1469 2608 sacrae
1491 2553 1636 2626 virgines,
1652 2567 1776 2624 quarum
1791 2554 1839 2607 est

1005 2642 1159 2712 splendida
1174 2645 1202 2697 et
1214 2643 1397 2698 immaculata
1407 2641 1575 2714 virginitas.
1588 2640 1673 2696 Unde
1684 2640 1838 2712 plerisque

1005 2732 1153 2802 accipiunt
1162 2732 1240 2803 quod
1253 2731 1387 2786 Ecclesia
1406 2732 1542 2787 videatur
1554 2730 1654 2786 dicere
1667 2745 1673 2785 ε
1691 2730 1835 2803 Egosunr

1006 2820 1061 2876 iios
1077 2821 1171 2892 canapi
1187 2820 1325 2875 etlilium
1348 2818 1541 2875 convallium:
1557 2819 1668 2891 quasin
1693 2817 1748 2873 hac
1763 2833 1838 2873 con-

1005 2910 1082 2965 valle
1106 2911 1194 2965 istius
1219 2909 1320 2965 muudi
1345 2908 1469 2981 gratiam
1484 2908 1556 2963 honi
1580 2906 1681 2963 odoris
1704 2907 1836 2979 exhalat,

969 3013 972 3019 ’
1006 2999 1119 3056 sedulae
1136 2997 1327 3054 confessione
1343 2997 1469 3069 pietatis.
1482 2997 1614 3069 lienique
1630 3000 1659 3052 ei
1669 2996 1739 3052 alibi
1750 2996 1838 3054 dicit:

1006 3086 1372 3144 Fratermeusaiesceudit
1390 3087 1422 3141 in
1433 3087 1550 3140 hortum
1566 3102 1658 3151 suum,
1677 3087 1707 3140 in
1719 3084 1838 3156 phiatas

130 3193 215 3267 inquo
241 3198 305 3250 effla
329 3194 489 3264 Sapientia,
516 3193 565 3264 qui
581 3193 701 3247 miscuit
721 3193 751 3246 jn
774 3195 887 3247 emam-0
902 3192 949 3245 vi.
964 3187 991 3253 0
1006 3179 1157 3247 arctantis,
1171 3191 1298 3249 pascere
1314 3175 1344 3230 iu
1361 3175 1467 3245 tortia,
1483 3181 1513 3229 et
1525 3173 1668 3246 colligere
1682 3173 1756 3228 iiiia.
1772 3175 1840 3247 Ego

127 3298 280 3340 limitum
296 3283 403 3349 (Pror.
419 3301 458 3349 rx,
476 3283 514 3353 it,
535 3281 753 3337 indeilcientem
769 3281 949 3354 cognitionis

127 3374 172 3444 pia
186 3374 311 3446 gratiam
326 3372 489 3427 divinitatis
504 3387 567 3426 suae
582 3371 765 3443 plenitudine
782 3370 948 3425 subminis-

113 3466 206 3518 trans.

150 3569 191 3625 tt.
207 3571 240 3625 ln
265 3585 324 3642 quo
339 3569 467 3641 virginis
491 3570 575 3623 utero
592 3567 680 3622 simul
704 3582 832 3622 acervus
849 3566 947 3636 tritici,

125 3660 203 3714 etlilii
217 3659 402 3731 llorisgrotia
415 3657 612 3729 germinabat:
626 3657 766 3728 quoniam
780 3660 809 3711 ei
824 3671 949 3728 granum

123 3750 200 3803 tritici
217 3748 390 3822 generabat,
417 3747 564 3802 etlilium.
589 3747 719 3802 Granum
734 3745 821 3800 tritici
837 3761 948 3800 secun·

122 3837 182 3893 dum
192 3838 273 3910 quod
284 3838 429 3908 scriptum
440 3840 500 3892 est:
513 3835 618 3905 Amen,
632 3851 716 3890 antea
728 3835 794 3889 dico
807 3834 899 3900 robis,
909 3834 950 3887 ni·

122 3929 144 3982 ti
151 3945 274 3999 granum
287 3926 395 3995 tritici,
404 3925 550 3980 cadensiu
559 3930 834 3993 ter1·am,mortuum
843 3923 948 3993 tuerit,

122 4016 208 4088 ipsam
218 4015 312 4071 solum
327 4021 427 4069 munet
438 4015 534 4081 (ioan.
549 4031 602 4083 xu,
618 4013 674 4068 tlt.
686 4013 744 4069 Sed
756 4013 824 4085 quia
840 4013 875 4067 de
890 4028 949 4067 uno

124 4105 312 4177 granotrrtici
342 4119 469 4159 acervus
492 4106 539 4158 est
561 4103 668 4170 iactus,
699 4102 875 4172 completum
905 4103 951 4156 ast

125 4192 186 4249 iilud
201 4194 427 4265 propheticum:
452 4193 493 4247 Et
510 4192 661 4247 convalles
682 4191 872 4247 abundabunt
887 4191 950 4245 tru-

127 4282 555 4352 mentoii’sni.r.x1v,li),quia
570 4297 693 4353 granum
716 4281 786 4335 iilud
804 4283 950 4336 mortuum

127 4371 274 4441 plurimum
289 4372 419 4426 trucium
433 4371 536 4424 attulit.
555 4370 617 4425 Hoc
633 4370 731 4441 itaque
747 4385 872 4442 granum
889 4386 950 4424 om·

128 4462 322 4517 ncshomincs
342 4462 482 4531 perpetua
507 4459 674 4514 coelestium
699 4473 853 4513 munerum
878 4474 948 4513 esca

156 4605 206 4665 (56)
221 4605 296 4660 tiss.
313 4605 382 4671 duo,
400 4619 433 4657 ce
448 4601 523 4674 guod
537 4601 671 4673 speciosa
691 4599 840 4656 Ecclesia.

157 4677 206 4741 tii)
219 4677 371 4731 Sententia
387 4677 416 4729 in
433 4690 505 4727 mse.
524 4689 582 4728 uno
598 4673 642 4727 sic
668 4673 831 4741 invertitur,
850 4677 879 4726 ut
895 4687 949 4745 quo

128 4750 220 4816 possit,
233 4765 317 4801 sumu
337 4747 415 4811 velit,
435 4748 490 4799 etc.

155 4818 208 4889 258)
223 4820 288 4874 l'ct.
305 4818 386 4882 edit,
403 4832 635 4887 operamauuum
647 4813 775 4870 artibcis
790 4815 875 4869 ilom.
888 4829 950 4885 ope-

127 4904 155 4943 re
168 4907 302 4944 manuum
317 4888 465 4948 amiticia:
482 4903 556 4941 mas.
567 4887 704 4957 denique,
715 4887 799 4957 operi
814 4901 948 4939 ruarruum

127 4963 253 5017 artificis.
272 4961 350 5015 Lxx
367 4963 462 5014 autem
478 4958 616 5012 omnihus
632 4958 693 5012 tere
709 4957 949 5028 patrocinantur,

126 5056 219 5098 eorum
249 5043 328 5097 enim
357 5057 431 5096 mss.
461 5040 565 5110 partim
592 5040 703 5111 legunt,
727 5032 798 5108 tpgea
817 5036 947 5107 τεχνίτου,

126 5125 235 5192 purtim,
247 5117 313 5195 ἔργῳ
322 5139 416 5194 zugon
426 5121 555 5190 τιχνίτου.
570 5119 728 5173 intravero
744 5117 793 5171 uhi
809 5121 866 5171 vet.
879 5117 947 5171 edit.

121 5209 151 5249 tc
174 5211 261 5261 mss,
285 5194 392 5247 auuuti
409 5192 490 5246 iuicr
505 5191 578 5250 iiiia,
608 5191 692 5244 liom.
717 5189 786 5244 edit.
810 5187 948 5257 restituit,

120 5268 232 5333 muniti,
246 5268 303 5319 etc.
314 5279 320 5318 :
333 5279 400 5334 quea
420 5262 538 5334 quidem
549 5261 666 5315 videtur
682 5276 751 5315 vera
768 5259 866 5326 lectio,
883 5274 950 5313 cum

120 5345 193 5401 LXX
208 5347 383 5399 constanter·
398 5342 565 5412 praeierant,
580 5339 746 5414 πεφραγμένοι
758 5337 782 5390 t'a
792 5357 906 5414 χρινοις.

149 5418 206 5483 (59)
222 5416 264 5470 ito
280 5431 353 5470 mss.
371 5414 430 5468 nisi
445 5413 524 5484 quod
541 5413 649 5467 hahent
665 5427 803 5475 onerare,
821 5425 948 5481 proquo

117 5487 263 5543 bonorare
279 5501 316 5540 ex
338 5485 407 5540 erlit.
424 5483 617 5538 retinuimus:
644 5486 736 5537 totum
751 5497 822 5535 vero
850 5481 948 5535 locum

116 5560 227 5617 eadem
239 5558 309 5613 edit.
322 5557 464 5611 exhibent
479 5556 509 5610 ln
525 5555 589 5609 lraec
605 5555 705 5620 verba,
724 5553 882 5607 ‹rontinens
890 5551 951 5605 sibi

113 5632 154 5685 nit
161 5632 192 5684 iu
200 5629 338 5684 omuibus
348 5627 465 5684 Christi
470 5632 563 5682 artus.
571 5625 655 5680 Sicut
666 5626 863 5691 victoresetc.
871 5622 950 5675 idem

114 5707 213 5759 nutem
228 5703 276 5756 est
289 5700 347 5756 hoc
361 5699 427 5756 ioco
453 5699 609 5754 continens
619 5697 688 5761 sibi,
701 5699 787 5771 atque
803 5694 860 5749 sihi
878 5709 950 5751 con·
995 5748 1000 5755 ,

1005 3268 1099 3324 tratri
1108 3282 1182 3336 meo,
1195 3270 1224 3322 et
1235 3265 1333 3320 trater
1343 3279 1427 3319 meus
1436 3263 1519 3334 mitri,
1527 3262 1577 3336 gui
1582 3263 1680 3335 pascit
1686 3261 1838 3318 interiilia

1006 3358 1103 3429 (Cant.
1119 3373 1160 3425 vr,
1177 3354 1203 3426 l,
1218 3355 1257 3422 i).

1041 3446 1085 3501 tii.
1099 3445 1200 3500 Exitio
1218 3447 1383 3517 ergoutero
1404 3441 1505 3498 Mariae
1519 3438 1703 3497 ditiususest
1718 3439 1748 3496 in
1759 3440 1840 3497 hunc

1006 3536 1146 3591 mundum
1168 3549 1294 3590 acervus
1311 3532 1399 3588 tritici
1418 3531 1521 3587 muniti
1538 3531 1704 3600 interlilia3
1721 3530 1839 3602 quando

1006 3629 1093 3681 uatus
1104 3626 1198 3680 estex
1209 3639 1243 3679 ea
1262 3621 1410 3691 Christus,
1423 3622 1470 3676 cui
1480 3621 1549 3676 dicii
1567 3621 1710 3692 propheta
1726 3619 1838 3677 David:

1006 3714 1172 3769 Benedicta
1186 3727 1322 3768 eoronam
1338 3711 1409 3766 anui
1417 3709 1615 3782 benignitatis
1626 3715 1692 3763 tuae.
1703 3716 1732 3763 ct
1744 3710 1840 3782 campi

1007 3816 1049 3868 tui
1066 3811 1262 3883 replebuntur
1284 3811 1432 3865 ubertate.
1454 3808 1657 3881 Pinguescant
1673 3798 1747 3865 270
1762 3807 1840 3864 tinen

1006 3901 1131 3970 deserti,
1149 3907 1177 3956 et
1194 3899 1395 3955 exsultatione
1411 3898 1502 3954 colles
1516 3898 1720 3969 accingentur.
1739 3895 1840 3952 induti

1006 3997 1074 4046 sunt
1084 3989 1310 4059 arietesorium,
1321 3986 1838 4044 etconvallesabuncianttrunaento:

1006 4080 1116 4136 etenim
1132 4078 1299 4134 clamabunt
1315 4085 1344 4134 et
1360 4078 1499 4152 hymnum
1519 4076 1620 4133 dicent
1636 4074 1731 4146 (Paat.
1756 4092 1836 4145 nxrv,

1005 4169 1110 4238 tt-tt).

1041 4256 1085 4313 95.
1103 4256 1175 4323 Quis
1196 4259 1242 4312 cst
1256 4272 1352 4312 annus
1367 4256 1530 4312 Dominicis
1545 4254 1697 4326 bonitatis,
1713 4253 1770 4309 nisi
1788 4252 1839 4308 illo

1006 4347 1042 4402 de
1058 4362 1116 4418 quo
1132 4346 1318 4401 dictumest:
1348 4345 1489 4419 Ternporc
1508 4351 1627 4417 accepto
1642 4341 1783 4399 exaudiri
1799 4346 1838 4411 te,

1006 4442 1036 4493 et
1052 4437 1082 4491 in
1099 4433 1270 4491 dissolutis
1285 4435 1386 4508 agari
1402 4441 1431 4491 te
1455 4435 1523 4504 (Iso.
1550 4450 1630 4503 xmx,
1647 4433 1694 4502 8);
1720 4430 1839 4504 quando

960 4551 988 4610 D
1006 4597 1118 4655 gruens
1129 4584 1157 4636 ct
1168 4580 1324 4634 cohaerens
1336 4594 1343 4647 ;
1359 4593 1417 4650 quo
1438 4577 1638 4650 signiticatum
1649 4574 1838 4633 voluitsnnc·

1006 4659 1056 4708 tus
1070 4654 1174 4707 doctor
1189 4651 1339 4705 Christum
1353 4649 1383 4704 in
1398 4652 1463 4704 ortu
1487 4664 1543 4705 suo
1559 4648 1758 4720 perfectiones
1779 4650 1840 4705 tem

1005 4725 1081 4779 inter
1096 4739 1129 4778 sa
1147 4736 1297 4777 connexas
1321 4719 1473 4787 habuisse,
1497 4722 1528 4774 ut
1553 4735 1693 4774 coronam
1715 4717 1837 4776 attinere

1006 4792 1222 4867 quodammodo
1237 4791 1401 4845 videantur.
1431 4790 1576 4845 Caeterum
1593 4790 1672 4863 quod
1688 4791 1839 4917 significat

1006 4867 1098 4921 moris
1113 4864 1208 4918 luisse
1223 4866 1254 4916 ut
1268 4863 1459 4916 certaminum
1474 4863 1604 4917 victores
1620 4863 1718 4935 torqui
1741 4879 1778 4917 us
1789 4863 1840 4918 do·

1006 4939 1156 5000 narentur,
1171 4937 1231 4988 tam
1246 4932 1538 5004 crebrascriptorum
1554 4935 1721 4990 testimonia
1732 4935 1838 5006 explo-

1005 5012 1100 5063 ratum
1127 5005 1245 5072 taciani,
1263 5007 1294 5058 ui
1316 5004 1352 5058 de
1368 5004 1426 5059 iliis
1450 5005 1479 5059 in
1495 5005 1623 5061 medium
1648 5005 1837 5078 proterendis

1006 5096 1064 5135 non
1080 5079 1118 5132 sit
1133 5076 1334 5132 laborandum.
1352 5076 1382 5130 Si
1405 5076 1473 5148 quis
1497 5079 1592 5132 tamen
1615 5078 1699 5148 plura
1721 5077 1839 5133 deside·

1006 5155 1060 5218 ret,
1077 5151 1160 5204 adeat
1186 5147 1340 5219 l'egetlum
1364 5146 1415 5203 lib.
1431 5166 1472 5212 xr,
1488 5164 1552 5218 cap.
1576 5149 1620 5216 et,
1638 5152 1667 5203 ai
1689 5148 1834 5220 Lipsium,

1007 5222 1044 5276 de
1059 5221 1149 5275 biiiit.
1168 5219 1260 5281 ilem,
1276 5218 1327 5274 iih.
1344 5234 1373 5284 v,
1389 5234 1418 5290 p.
1435 5220 1497 5286 209,
1515 5220 1566 5274 ubi
1590 5221 1625 5273 ad
1643 5235 1710 5275 eum
1726 5235 1838 5276 morem

1007 5309 1085 5348 nnnc
1099 5291 1225 5416 psitntos
1241 5290 1424 5360 equestrium
1438 5290 1573 5346 ordinum
1595 5294 1718 5362 torques
1733 5306 1839 5361 accep·

1006 5366 1053 5419 tos
1069 5378 1100 5417 re
1115 5366 1169 5417 ert.

1006 5434 1073 5503 (60).
1089 5434 1165 5489 Edit.
1179 5431 1364 5488 Distiilantia
1375 5431 1529 5504 myrrham
1544 5431 1683 5506 plenam·
1698 5431 1744 5486 siu
1759 5430 1839 5487 enim

1008 5514 1098 5582 CXX,
1117 5510 1240 5574 σταςὸντα
1255 5508 1455 5586 σμὸρνανπλὴρη
1472 5513 1544 5569 tiss.
1561 5516 1666 5577 tamen,
1692 5512 1720 5565 et
1736 5510 1841 5583 vulga·

1007 5590 1034 5641 ta
1062 5585 1161 5641 versio
1191 5583 1372 5641 stillantium
1388 5585 1542 5654 myrrham
1563 5582 1710 5656 primurm
1739 5583 1841 5639 textus

1007 5657 1099 5712 Hchr.
1116 5659 1269 5735 myrrham
1286 5658 1500 5713 transeuntem.
