3900 6128
105 298 146 371 aa
539 378 544 389 ,
835 310 868 375 s
891 310 1112 376 ansaosn.
1804 318 1844 382 rr

105 530 181 589 adeo
196 531 382 590 collationem
398 531 474 589 hanc
488 549 548 589 non
562 532 684 603 institui,
702 532 759 588 nisi
776 548 814 588 ex
828 532 911 604 vulgi
925 532 1064 603 opinione
1075 531 1139 587 heco
1156 534 1220 604 ipsa
1237 531 1435 604 sejungentis.
1454 532 1517 588 lloc
1533 533 1600 589 enin
1617 535 1755 607 generale
1777 537 1840 607 pln-

103 622 195 679 citum
206 621 368 692 constituit,
385 624 416 677 ut
431 622 528 678 bonus
543 623 590 676 rir
604 622 682 677 nihil
694 620 785 676 alteri
795 621 1111 693 detralrcndnmputet,
1125 639 1178 675 ner
1187 622 1313 676 alterins
1324 623 1503 677 incommodo
1516 639 1599 677 snum
1609 623 1721 678 lucrum
1738 628 1843 697 anper-i

105 709 180 766 volit
191 710 288 779 (ibid,
306 726 386 765 num.
403 711 458 781 13).
474 709 557 776 Quod
574 726 640 765 cnm
656 709 841 765 naturalibus
866 710 1062 779 humanisque
1082 709 1211 779 legibus,
1233 713 1293 763 tum
1314 709 1423 763 divinis
1445 725 1483 763 ex
1507 713 1631 781 utroque
1656 712 1844 768 Testamenta

101 798 204 871 petitis
220 798 325 869 probat
340 799 415 869 (cop.
431 800 448 853 3
462 802 491 853 et
505 798 595 871 seq.);
612 798 650 853 iis
664 814 736 853 rcro
757 814 823 870 quen
848 800 948 853 contra
974 797 1079 853 isthaec
1100 797 1159 850 sibi
1183 796 1295 866 objicit,
1313 796 1392 851 illem
1416 797 1535 852 adhibet
1551 800 1738 870 solutionem,
1756 802 1843 855 titui-

105 885 213 941 stiuuis
228 886 302 941 viris
317 886 354 941 ab
370 886 505 958 exemplo
519 887 640 956 Christi,
658 889 708 959 qui
723 887 827 942 alienae
843 888 957 941 utilitati
981 901 1064 940 sunm
1080 901 1228 955 rnrnqnnm
1248 886 1425 955 anteposuit,
1452 903 1509 941 uon
1532 887 1755 943 discedendum.
1772 891 1841 944 Inde

104 973 218 1047 colligit
232 973 262 1028 in
278 974 357 1029 omni
372 977 439 1029 actu
454 978 541 1047 atque
566 977 728 1045 contractu,
745 991 865 1046 semper
882 978 910 1030 ct
934 976 961 1029 in
983 990 1161 1046 quocunque
1185 990 1256 1028 casu
1281 974 1438 1029 honestum
1460 976 1524 1030 utili
1548 977 1682 1047 preelerri
1707 983 1842 1049 oportere

104 1062 181 1134 (cap.
197 1062 252 1118 bct
267 1062 356 1134 scq.l;
371 1064 457 1118 etiam
473 1063 499 1118 si
515 1064 640 1119 maxime
657 1067 806 1133 constaret
822 1064 953 1119 fraudem
970 1064 1101 1117 nostram
1118 1061 1177 1116 lieo
1194 1062 1315 1131 perinde
1330 1066 1417 1133 atquo
1433 1063 1603 1119 hominibus
1620 1065 1682 1120 lore
1698 1067 1840 1137 ignotam.

103 1150 193 1209 Addit
216 1149 403 1222 hanclegcm
427 1151 549 1222 abipso
573 1152 634 1207 Deo
659 1152 802 1206 sancitam
825 1168 904 1217 csse,
930 1155 1017 1223 atque
1042 1151 1115 1205 niteo
1140 1150 1176 1203 ad
1200 1155 1317 1205 veteres
1344 1151 1459 1206 tabulas
1484 1169 1542 1207 non
1562 1155 1784 1221 recurrendum,
1812 1160 1843 1209 nt

104 1240 255 1295 astruatur
268 1254 318 1295 res
335 1240 502 1295 certissima
515 1257 522 1311 3
538 1239 734 1296 Christianam
750 1241 829 1295 cnim
844 1241 1018 1312 religionem
1033 1239 1125 1310 huius
1141 1239 1274 1310 oxcnrpla
1289 1241 1364 1310 (cup.
1380 1241 1397 1293 n
1412 1244 1439 1294 et
1455 1242 1532 1312 seq.)
1546 1243 1576 1296 in
1592 1243 1708 1314 magnis
1724 1243 1783 1298 illis
1798 1245 1844 1297 ri-

103 1324 149 1384 ris
164 1325 383 1398 suppeditasse,
400 1329 451 1399 qui
465 1343 499 1382 ea
515 1344 584 1384 rere
600 1329 732 1383 exsecuti
750 1333 828 1399 sunt,
846 1346 911 1400 qmc
928 1328 1173 1397 habebuntnrpro
1190 1328 1341 1383 miraculis
1356 1329 1433 1398 apud
1444 1346 1586 1401 paganos
1604 1332 1648 1384 Ad
1662 1336 1844 1402 postremum

104 1415 234 1471 maxima
248 1431 375 1488 quasque
392 1416 591 1473 Romanorum
609 1419 744 1490 exempta
759 1414 854 1473 saeris
871 1418 1013 1473 heroibus
1037 1416 1116 1471 omni
1130 1431 1167 1470 ex
1183 1420 1264 1486 parte
1284 1416 1423 1471 interiora
1442 1433 1510 1474 csse
1526 1418 1654 1473 ostendit
1669 1422 1744 1491 (cap.
1763 1421 1796 1475 15
1818 1426 1846 1477 ct

104 1503 195 1575 urr-

141 1590 210 1647 Non
225 1591 387 1648 diffitemur
400 1593 590 1649 Ambrosium
605 1595 787 1666 sequendam
797 1595 853 1649 sibi
863 1594 1057 1665 proposuisse
1065 1593 1219 1648 Ciceronis
1231 1594 1260 1647 in
1275 1593 1389 1649 Oitioiis
1401 1596 1465 1651 suis
1481 1597 1685 1666 oeconomiam,
1696 1598 1748 1655 sed
1760 1599 1846 1654 Cice·

105 1694 211 1739 rocem
223 1680 426 1751 ipsumlibros
438 1682 558 1738 Panaetii
570 1683 765 1739 etilecatonis
782 1684 871 1738 mutto
898 1684 1044 1738 nitdirtius
1070 1683 1213 1737 inritatum
1232 1698 1301 1737 csse
1317 1683 1457 1739 audacter
1478 1685 1671 1740 ntiirmamus.
1690 1687 1846 1743 htanilesto

106 1769 187 1825 enim
203 1758 354 1843 siguisseat
367 1774 488 1826 sanctus
504 1773 637 1827 Antistes
653 1788 711 1828 non
727 1773 784 1827 aliu
801 1773 927 1827 consitio
944 1787 1012 1827 sese
1026 1770 1159 1825 Oratoris
1175 1770 1328 1825 imitationi
1343 1787 1462 1841 operam
1485 1773 1615 1842 dedisse,
1632 1775 1692 1829 nisi
1707 1779 1738 1830 ut
1752 1777 1783 1829 in
1798 1792 1845 1845 co,

109 1856 162 1931 qui
175 1874 237 1929 prae
252 1859 370 1914 caeteris
385 1859 550 1915 honestatis
566 1865 678 1917 exactae
694 1863 778 1933 leges
796 1861 996 1933 protitrbatnr,
1015 1860 1088 1915 laisa
1102 1863 1250 1930 praecepta
1266 1876 1389 1931 pagonm
1407 1861 1520 1916 ethices
1537 1863 1643 1918 lortius
1660 1864 1846 1934 confutaret3

108 1962 145 2003 ac
158 1946 249 2003 simul
264 1947 351 2002 etism
365 1949 461 2020 palam
477 1949 597 2020 luceret,
615 1954 724 2022 quanto
740 1949 895 2005 intervallo
911 1947 1080 2005 christianae
1096 1947 1296 2002 institutiones
1311 1948 1454 2019 quidquid
1469 1965 1598 2021 unquam
1620 1951 1697 2006 inter
1717 1953 1846 2024 gentiles

109 2033 273 2109 perfectius
282 2035 348 2106 luit,
364 2037 581 2092 antecederent.
597 2037 714 2093 Passim
734 2037 866 2108 explodit
884 2038 1001 2092 inanem
1018 2036 1098 2092 illam
1113 2037 1288 2108 eloquentia
1303 2036 1526 2109 affectationem,
1543 2055 1629 2111 quum
1644 2041 1722 2095 idem
1738 2042 1842 2096 Cicero

109 2136 259 2196 nusquam
273 2140 334 2179 noa
349 2127 485 2180 ostentat.
502 2125 633 2182 Subinde
647 2141 719 2183 vero
735 2127 765 2181 in
780 2126 837 2182 boc
854 2127 1005 2195 incumbit,
1027 2128 1058 2181 ut
1073 2126 1216 2197 quidquid
1233 2127 1424 2197 prestantius
1439 2127 1468 2182 in
1484 2144 1599 2183 morum
1614 2129 1770 2200 disciplina
1790 2135 1847 2184 tra-

110 2210 249 2268 diderunt
263 2212 444 2283 philosophi,
461 2229 498 2267 ex
512 2214 625 2269 nostris
640 2214 813 2270 auctoribus
824 2219 915 2270 totum
929 2215 1002 2270 illud
1016 2213 1283 2285 desumptumessc
1298 2215 1376 2271 clare
1385 2216 1578 2272 demonstret.
1596 2218 1847 2289 Imprimisantem

50 2350 65 2365 ,
108 2298 248 2373 ejusdcm
261 2299 350 2355 Tullii
365 2300 474 2356 tastum
490 2302 604 2369 evertit,
621 2302 748 2375 ejusque
762 2303 838 2358 scita
855 2304 891 2358 dc
906 2304 1017 2359 ultione
1031 2306 1119 2375 atqrre
1144 2304 1302 2360 ambitione
1325 2303 1458 2361 funditus
1483 2305 1567 2360 tollit.
1591 2306 1649 2361 Sed
1669 2307 1739 2361 illud
1762 2311 1848 2377 caput

109 2387 201 2461 longe
217 2388 441 2461 gravissimum,
456 2405 473 2444 a
488 2389 632 2446 Cicerone
647 2394 744 2447 nmen
760 2391 811 2445 rix
825 2391 996 2461 delibatam,
1007 2408 1123 2449 summa
1139 2393 1325 2448 contentione
1337 2393 1455 2448 firmare
1465 2394 1573 2464 studet,
1585 2395 1848 2466 prece-ipuansmpc

109 2476 209 2534 oldaia
222 2479 324 2533 nostra
335 2477 428 2533 ὓοιιιιι
444 2483 590 2550 spectare,
607 2482 636 2535 et
650 2480 746 2535 omnia
761 2484 863 2536 nostra
876 2480 953 2535 laeta
969 2481 1083 2537 dictave
1098 2482 1136 2537 ad
1149 2481 1217 2553 ejus
1232 2482 1357 2554 gloriam
1371 2498 1442 2538 esso
1457 2483 1627 2538 reserenda:
1646 2484 1718 2539 illud
1729 2499 1847 2555 quoqne

110 2564 247 2636 alterum,
264 2566 301 2621 dc
314 2582 373 2639 quo
388 2582 425 2622 nc
441 2583 496 2638 per
511 2569 659 2624 somnium
673 2569 793 2640 quidem
807 2568 921 2638 Orator,
937 2570 1027 2625 vitam
1048 2574 1228 2642 praesentem
1241 2570 1319 2624 riam
1338 2586 1407 2625 esse
1428 2571 1465 2625 ad
1481 2570 1684 2640 immortalem,
1701 2572 1848 2642 bonisque

112 2655 256 2727 operibns
270 2655 340 2711 illac
350 2657 509 2726 perveniri,
523 2657 631 2713 obnixe
643 2658 757 2729 probat.
769 2658 814 2712 Ad
824 2658 888 2713 hacc
903 2658 1198 2730 proecipitaterrcais
1213 2658 1301 2714 bonis
1311 2659 1440 2713 animum
1451 2657 1691 2726 abstrahendum,
1705 2673 1848 2713 coercen-

112 2742 182 2799 dam
193 2744 340 2799 severiori
349 2743 543 2818 castigatione
552 2747 687 2817 corporis
699 2746 862 2815 lasciviam,
870 2747 1083 2804 condonandas
1092 2747 1220 2803 inimicis
1231 2746 1413 2802 offensiones
1423 2750 1449 2801 et
1462 2745 1597 2818 injurias,
1610 2746 1723 2818 majora
1733 2747 1849 2802 benetr-

110 2831 158 2889 oia
172 2831 233 2889 illia
248 2833 427 2904 praestanda,
444 2836 494 2906 qui
510 2851 565 2890 nos
580 2836 711 2891 atrocius
727 2840 755 2890 ct
766 2835 907 2906 injustius
923 2836 1110 2890 direxnrcre.

144 2918 257 2978 Verum
266 2922 443 2978 utouriosns
453 2922 547 2979 lector
557 2923 675 2979 lucilius
686 2927 850 2996 cognoscat
860 2924 969 2995 quihus
980 2924 1011 2978 in
1020 2923 1111 2979 rebus
1121 2938 1188 2978 eum
1207 2922 1350 2978 Cicerone
1362 2923 1536 2991 consentiat,
1547 2924 1596 2976 aut
1604 2921 1640 2976 ab
1653 2938 1688 2977 eo
1699 2922 1849 2993 discrepet

108 3010 289 3071 tnbmsius
298 3015 410 3079 noster,
422 3011 505 3068 locos
514 3028 618 3068 omnes
627 3016 688 3067 turn
699 3012 881 3082 Oiticiorum,
891 3016 950 3067 tum
964 3012 1088 3067 aliorum
1101 3027 1222 3082 opernm
1233 3011 1369 3083 ejusdcm
1380 3011 1521 3080 auctoris,
1534 3027 1610 3082 qnos
1624 3014 1747 3065 sanetus
1762 3011 1844 3066 Prae-

109 3097 158 3155 ιιι]
170 3099 257 3155 risus
271 3102 319 3155 cst
332 3100 492 3170 respicere,
509 3101 538 3155 in
554 3100 688 3156 interiori
702 3102 835 3174 margine
850 3100 1051 3157 exhibuimus.
1067 3100 1129 3165 Qua
1145 3101 1257 3155 ratione
1267 3101 1366 3155 statim
1381 3101 1546 3155 innotescet
1565 3100 1755 3154 Ambrosium
1773 3117 1788 3153 a
1806 3101 1845 3155 hl.

109 3186 206 3244 Tullio
218 3188 260 3244 ibi
270 3189 453 3258 desciscere,
464 3189 634 3263 ubicunque
645 3191 800 3261 utriusque
810 3189 939 3244 athaitas
950 3206 1009 3245 non
1019 3188 1204 3245 subnotatur.
1217 3188 1293 3242 ltine
1306 3189 1392 3242 ctiam
1406 3188 1455 3243 lrct
1465 3192 1647 3258 compertum
1659 3188 1849 3259 quantojudiv

109 3274 158 3331 cio
172 3276 296 3332 cosdem
310 3276 406 3333 libros
420 3277 588 3333 utilissimis
599 3278 757 3348 praeceptis
769 3277 894 3332 refertos
909 3292 980 3333 csse
997 3278 1106 3333 dixerit
1120 3277 1308 3350 Augustinus
1319 3277 1416 3348 (epist.
1433 3276 1477 3343 82,
1494 3277 1532 3331 ad
1546 3276 1680 3340 Hieron,
1699 3293 1778 3331 num.
1791 3278 1820 3331 St
1827 3290 1847 3347 J,

108 3378 257 3436 quamque
266 3365 370 3421 meritc
381 3366 465 3437 ipsos
474 3366 608 3423 lactenus
619 3366 753 3423 universi
764 3367 793 3421 in
806 3366 900 3437 pretio
915 3365 1080 3437 habuerint,
1092 3365 1338 3438 quemadmodum
1357 3381 1394 3419 cx
1408 3365 1619 3435 manuscriptis
1636 3364 1767 3419 omnium
1777 3368 1848 3419 retn-

108 3452 182 3522 tum,
191 3468 268 3524 quoa
282 3453 416 3524 reperias
427 3454 456 3508 ia
464 3454 664 3526 bibliothecis,
675 3454 857 3527 intelligitur.

143 3538 329 3613 Quapropter
344 3542 412 3614 quis
428 3543 505 3600 terre
523 3545 620 3614 possit
634 3543 836 3599 Christianum
850 3547 1000 3599 auctorem
1014 3543 1051 3599 dc
1066 3543 1150 3599 hisce
1164 3544 1251 3599 libris
1272 3560 1378 3598 nusum
1393 3543 1511 3597 discere
1523 3558 1529 3598 :
1543 3542 1675 3615 Scripsit
1686 3543 1723 3599 de
1740 3542 1849 3598 ellreiis

108 3627 200 3685 etiam
208 3628 245 3685 D.
257 3628 447 3701 Ambrosius,
464 3632 563 3703 credo,
576 3639 606 3687 ut
614 3632 720 3704 pueris
733 3630 897 3688 inculcaret
907 3631 1095 3704 religionem.
1113 3632 1219 3689 Verum
1238 3649 1292 3704 epo
1305 3630 1482 3705 religionem
1499 3647 1539 3687 ex
1552 3631 1722 3703 Scripturis
1734 3631 1848 3687 (lirinis

108 3731 217 3775 censeo
225 3717 421 3775 hauriendam
437 3735 513 3787 esse,
525 3720 1357 3786 decirililrusmoribusrnatimaudireCicerouenr.Quse
1369 3721 1623 3775 sententiantium
1639 3718 1798 3774 Ambrosio
1812 3735 1849 3773 an

107 3804 206 3862 sacris
217 3807 336 3880 paginis
346 3810 514 3881 graviorem
526 3809 781 3882 inuratinjuriam,
794 3810 915 3866 detlnitu
924 3826 983 3866 non
998 3809 1148 3865 laeileest.
1164 3808 1279 3864 Etenim
1290 3826 1358 3865 eum
1369 3809 1400 3864 bi
1410 3824 1510 3864 mores
1522 3808 1640 3876 civiles,
1655 3823 1713 3863 non
1727 3808 1777 3862 alii
1790 3808 1850 3862 sint

107 3909 198 3968 quam
207 3894 328 3952 humani
337 3900 421 3953 actus
432 3913 470 3955 ex
480 3898 773 3971 prudentianliisque
782 3898 941 3955 virtutihus
953 3897 1154 3953 cardinalibus
1167 3897 1349 3967 instituendi,
1362 3913 1459 3953 nonae
1468 3897 1604 3951 immanis
1616 3897 1793 3951 contumelia
1804 3900 1851 3950 est

107 3982 263 4056 protanam
273 3986 390 4041 ethrccn
400 4003 574 4059 praeponere
584 3987 645 4043 iltis
654 3988 887 4058 preceptisque
898 3986 1091 4057 superhacre
1102 3986 1373 4057 prophetisaissnvit
1381 3989 1502 4041 sauctus
1511 3985 1647 4056 Spiritus,
1656 3985 1848 4040 auttihristns

106 4071 175 4144 ipae
185 4088 237 4129 ore
248 4075 369 4146 proprio
379 4076 524 4146 apostolis
534 4076 654 4132 dictavit
662 4076 728 4131 suis
738 4076 828 4130 ‘tNon
836 4075 898 4147 jam
908 4091 981 4148 crgo
990 4074 1107 4144 mirum,
1117 4076 1144 4129 si
1153 4075 1247 4130 libros
1259 4076 1344 4143 istos,
1354 4075 1504 4147 inquibus
1515 4074 1656 4129 moralem
1664 4073 1774 4128 unrisn
1782 4074 1846 4127 dis-

108 4159 248 4233 ciplinam
256 4166 379 4219 sanetus
386 4163 435 4219 hie
444 4164 554 4221 Ductor
561 4164 770 4235 interpretatur
778 4165 903 4234 insuper
913 4164 1019 4218 turbent
1030 4163 1231 4219 heterodoxus
1242 4180 1249 4229 3
1261 4164 1370 4219 tutibus
1381 4164 1459 4218 enim
1471 4164 1588 4218 Patr-nm
1600 4166 1786 4232 contemptus
1803 4161 1847 4214 ln-

108 4249 236 4307 miliaris
247 4255 303 4307 est.
312 4251 460 4309 Caeterum
469 4269 573 4309 ansam
584 4253 736 4309 dubitandi
747 4269 785 4307 an
796 4252 918 4308 eosrlom
928 4252 1023 4308 libros
1035 4252 1287 4323 unquamlegcrit,
1300 4253 1364 4323 ipse
1375 4252 1532 4322 supeditat,
1545 4267 1613 4305 enm
1624 4252 1661 4306 da
1670 4251 1717 4304 his
1730 4250 1848 4304 scribit:

109 4338 211 4395 Credo
220 4345 249 4395 ut
261 4341 368 4413 pueris
381 4341 546 4397 inculcaret
560 4340 755 4414 religionem·
771 4356 830 4396 noa
846 4341 925 4395 enirn
935 4341 1047 4412 pueris,
1065 4340 1118 4395 scd
1133 4341 1277 4397 Ecclesiae
1290 4341 1436 4395 ministris
1449 4340 1579 4395 omnium
1590 4342 1708 4394 rutatum
1719 4340 1851 4394 destina-

107 4430 157 4485 tos
167 4444 238 4484 esse
249 4429 375 4501 ipsemet
384 4431 563 4486 Ambrosius
574 4446 633 4486 non
645 4430 748 4502 paucis
760 4430 845 4499 locis,
858 4434 886 4486 ct
896 4430 995 4500 operis
1005 4429 1160 4501 inscriptio
1170 4430 1200 4487 in
1211 4430 1365 4486 codicibus
1377 4430 1618 4503 longcplurimis,
1630 4431 1660 4482 nt
1667 4428 1729 4499 jam
1741 4428 1850 4481 dictam

108 4518 167 4586 est,
184 4517 370 4572 testitlcatur.
383 4517 590 4575 Verumtamen
602 4518 670 4572 lieet
679 4518 799 4573 Auctori
809 4518 962 4574 erudiendi
974 4519 1101 4574 elericos
1117 4519 1275 4574 consilium
1293 4518 1390 4587 luerit,
1403 4518 1596 4573 nihilominus
1613 4517 1734 4573 cuilibet
1747 4515 1852 4571 condi-

108 4604 182 4662 tioni
193 4605 250 4662 hoo
259 4606 336 4663 idem
348 4621 423 4678 opus
431 4608 500 4664 utile
511 4623 581 4663 csse
590 4608 738 4663 inlicietm·
748 4623 834 4663 nemo
842 4622 849 4675 ;
857 4622 924 4662 nam
932 4622 997 4661 cum
1005 4606 1105 4663 clerici
1115 4607 1333 4677 adsuperiores
1344 4606 1453 4678 quibus
1465 4606 1678 4676 obtemperant,
1691 4608 1718 4659 et
1729 4603 1850 4659 interio-

108 4708 161 4751 res
171 4709 247 4766 quos
256 4694 314 4765 ipsi
323 4699 441 4768 regunt,
451 4696 586 4752 ordinem
597 4695 739 4766 habeant,
754 4695 822 4752 inde
833 4694 941 4750 laetum
952 4699 1007 4765 cst,
1027 4698 1059 4751 ut
1068 4698 1218 4767 praccepta
1232 4695 1292 4750 illic
1310 4695 1455 4766 permulta
1471 4694 1686 4762 coritinenntur,
1699 4692 1849 4748 communi

108 4782 249 4839 omnibus
263 4781 362 4839 lruotu
379 4784 499 4840 relerta.

145 4871 218 4928 Hae
233 4871 336 4927 eadem
352 4872 463 4927 utititas
479 4873 509 4928 in
524 4889 615 4929 cansa
632 4873 687 4929 luit
700 4889 754 4930 eur
768 4874 857 4929 iidem
871 4873 940 4930 libri
954 4889 1013 4930 non
1028 4873 1126 4931 solum
1141 4873 1229 4929 toties
1252 4873 1364 4927 exarati
1387 4873 1456 4942 sint,
1474 4889 1577 4927 rerum
1599 4873 1684 4927 etiam
1707 4888 1723 4925 a
1751 4871 1851 4925 multis

108 4962 141 5018 in
154 4960 322 5031 compendii
336 4963 386 5016 aut
403 4965 611 5034 excerptorum
631 4963 756 5019 formam
777 4963 898 5018 redacti.
922 4963 1067 5034 Execrpta
1090 4977 1127 5017 ex
1149 4961 1210 5017 iilis
1232 4962 1382 5016 extantia
1403 4978 1461 5017 uno
1482 4962 1683 5030 manuscripto
1705 4958 1849 5029 briensis

108 5049 299 5121 monasterii3
315 5051 524 5122 compendium
538 5056 636 5107 antem
647 5053 677 5109 in
692 5069 751 5109 uno
768 5052 870 5109 codice
886 5052 1031 5108 Ecclesiae
1040 5050 1246 5120 thrnutensis,
1257 5052 1494 5107 connexionibus
1504 5049 1772 5104 retransitionibns
1784 5051 1850 5118 apte

110 5139 330 5212 concinnatum,
346 5139 434 5212 eujus
450 5141 654 5212 apographum
669 5142 703 5197 l).
719 5142 745 5197 le
762 5142 858 5198 Feron
873 5140 1010 5213 ejusdem
1025 5141 1154 5214 insignis
1172 5140 1315 5196 Ecclesiae
1326 5140 1487 5196 canonicus
1504 5143 1532 5193 et
1547 5138 1727 5193 sorbonicus
1744 5139 1830 5191 docto
1838 5154 1852 5191 r

111 5244 182 5287 cura
197 5246 251 5287 sue
267 5230 450 5302 descriptum
465 5230 501 5284 ad
517 5246 573 5285 nos
581 5230 756 5286 transmisit.
774 5231 841 5287 Non
866 5232 943 5286 imus
958 5230 1084 5299 inficias,
1101 5229 1172 5301 quin
1195 5230 1337 5301 prodierit
1355 5230 1391 5284 ab
1411 5229 1530 5297 antiqua
1547 5243 1633 5282 manu
1655 5227 1732 5281 istud
1750 5241 1853 5280 exom-

109 5319 185 5393 plar‚
202 5320 256 5376 sed
270 5320 326 5375 alia
342 5318 431 5374 multa
446 5319 550 5375 codem
565 5320 616 5376 illo
631 5320 797 5391 antiquiora
813 5321 901 5375 nobis
916 5321 1084 5390 suppetunt.
1101 5319 1235 5391 Namque
1249 5322 1281 5373 ut
1292 5315 1506 5389 Benigninnnm
1526 5332 1671 5371 annorum
1686 5317 1748 5381 utto,
1768 5314 1849 5367 l'nti·

112 5424 185 5466 cana
199 5408 265 5480 tria,
282 5408 491 5477 Laudnncnse,
507 5408 716 5480 Crespeienso,
731 5424 766 5463 ac
783 5408 970 5481 bigotianum
984 5421 1129 5461 annorum
1144 5407 1263 5461 circitor
1285 5404 1347 5469 inu,
1368 5405 1638 5474 praetermittanrns,
1660 5404 1757 5457 solnm
1783 5403 1853 5456 tiol-

110 5499 270 5566 bcrtinum,
288 5499 361 5553 alins
377 5498 400 5553 T
403 5498 550 5553 launacum
565 5502 631 5553 arato
648 5499 717 5553 *tuno
732 5512 827 5552 annos
843 5494 1024 5551 hauddubie
1039 5495 1217 5561 conlectum,
1238 5495 1363 5564 quatuor
1379 5495 1409 5545 ut
1429 5492 1581 5547 minimum
1597 5492 1719 5547 saeculis
1731 5494 1853 5560 superat

112 5588 306 5646 Carnutense.
323 5588 396 5643 tium
412 5604 501 5660 pur-ro
518 5588 546 5642 iu
562 5587 700 5642 aurnihus
716 5586 774 5641 iltis
792 5585 946 5640 codicibus
960 5585 1062 5640 titileia
1078 5586 1179 5638 nestra
1196 5583 1224 5635 in
1240 5586 1302 5637 tres
1325 5581 1418 5634 libros
1434 5581 1658 5643 distribuantur,
1678 5568 1705 5633 id
1722 5566 1865 5632 evidenti·

114 5684 288 5750 argumento
303 5680 350 5736 est
364 5677 547 5735 Carnutcnso
561 5677 635 5734 nihil
649 5676 728 5733 aliud
743 5690 812 5732 esso
829 5673 886 5729 uisi
903 5676 1066 5743 epitomen:
1083 5674 1113 5727 in
1129 5688 1216 5745 quarn
1231 5669 1349 5741 quidem
1361 5670 1577 5741 contruhinpns
1590 5669 1660 5725 ittnd
1678 5667 1754 5722 hand
1771 5683 1853 5741 nigre

113 5765 218 5843 potuit,
233 5767 311 5826 uude
325 5766 461 5843 exempla
475 5770 505 5826 ct
519 5766 715 5825 excursiones
731 5764 845 5839 absque
860 5776 971 5818 sensus
982 5762 1088 5818 damno
1102 5760 1171 5818 licet
1185 5758 1326 5816 eximere.
