3900 6128
125 244 216 313 1055
896 251 928 314 S.
949 248 1172 316 metrosa.

121 456 254 525 demisti;
269 455 434 511 Auxentius
449 472 509 512 uno
520 458 667 512 momento
678 457 720 512 tot
730 454 868 527 populos,
876 453 956 527 quod
975 443 1096 511 Aenim
1108 455 1211 511 laudes
1225 454 1292 527 ejus
1306 454 1384 511 terre
1397 456 1535 526 possunt,
1547 453 1642 527 enjus
1652 452 1738 509 inllrr

119 548 150 601 in
165 547 231 616 ipso
246 550 302 612 est,
315 546 470 601 trucidabit
478 547 554 602 alios
563 546 673 619 gladio,
684 547 760 602 alios
775 546 961 617 sacrilegio?
1017 546 1199 615 praedicant?
1211 545 1310 616 ltaque
1325 548 1353 600 et
1366 544 1453 599 hodie
1468 560 1537 599 cum
1547 543 1693 598 laudatur
1706 540 1738 599 (a

123 635 217 689 Meam
232 634 386 689 basilicam
401 635 457 705 iil·
480 636 550 707 petit
575 640 697 690 eruenta
713 652 774 705 ore,
791 636 956 706 sanguino·
1016 635 1192 689 Arianorum
1206 635 1329 688 amentia
1344 635 1526 693 verberatur.

118 724 208 778 lentis
223 724 369 778 manibus.
392 725 445 779 Cui
466 725 542 779 bene
566 741 702 796 praesens
723 720 878 795 respondit
893 724 956 778 leo·
1052 725 1097 779 ΞΟ.
1112 724 1253 780 Geraseni
1269 725 1457 794 praesentiam
1469 721 1585 777 Christi
1600 721 1688 777 ferre
1702 736 1738 777 no

117 813 178 867 tio:
198 833 209 863 ι
228 813 380 869 Pereatori
395 818 491 869 autem
506 815 579 869 dixit
595 815 675 869 Deus
691 831 698 868 t
714 814 812 880 Quare
827 817 859 869 tu
872 829 958 868 enar·
1015 818 1079 868 rant
1095 814 1168 884 (Luc
1187 830 1250 883 vm,
1265 813 1321 881 37),
1337 813 1386 865 isti
1399 811 1521 884 pejores
1536 810 1738 867 Gerasenisl

118 900 305 973 rasjustitias
325 919 406 958 meas
418 903 512 973 (Psal.
529 921 609 973 xcix,
629 904 696 965 lei?
711 904 740 958 id
751 907 808 973 est,
820 918 880 959 non
891 918 961 957 con·
1015 902 1161 958 dationem
1176 901 1285 958 Christi
1299 902 1448 956 sustinere
1465 905 1608 972 possunt.
1625 898 1738 955 Vident

118 993 199 1045 venit
214 992 280 1062 paci
295 996 325 1047 ct
339 992 444 1061 furori,
460 1009 519 1048 non
535 993 673 1048 convenit
687 992 807 1047 Christo
822 994 853 1048 et
865 991 958 1046 Belial
1015 991 1125 1047 Christi
1139 991 1265 1064 gloriam
1289 992 1496 1059 concinentes;
1521 991 1595 1061 quia
1621 989 1738 1060 scriptu

122 1080 166 1139 (ΙΙ
174 1080 243 1135 Cor.
258 1098 299 1149 m,
317 1081 371 1151 15).
387 1081 564 1138 Meministis
588 1085 676 1138 etiam
696 1083 776 1154 quod
790 1083 899 1138 lectum
912 1084 959 1136 est
1018 1104 1029 1127 α
1048 1081 1157 1136 Exere
1171 1080 1325 1134 infantium
1339 1085 1366 1135 et
1381 1080 1549 1135 lactentium
1566 1076 1738 1150 perfecisti

121 1169 210 1224 hodie
223 1170 360 1225 Nabuthe
375 1172 431 1240 (22,
447 1188 476 1243 q.
491 1172 518 1243 8,
535 1188 562 1226 e.
580 1172 758 1242 Conrenior,
769 1171 785 1245 β,
795 1171 956 1242 Nabutbe),
1015 1169 1248 1242 (Psal.u1u,3).
1266 1191 1277 1216 υ
1295 1169 1420 1224 Irrident
1437 1169 1524 1223 istam
1540 1166 1705 1223 aetatulam
1720 1164 1738 1221 fl

123 1262 260 1313 sanctum
273 1262 370 1314 virum
384 1277 596 1331 possessorem
614 1262 711 1316 vineae
726 1277 802 1331 suae,
819 1261 958 1332 interpel·
1016 1275 1093 1326 nam,
1110 1275 1176 1314 cum
1191 1259 1293 1314 dieunt
1307 1275 1314 1313 :
1329 1281 1341 1305 α
1358 1258 1434 1313 Eece
1444 1257 1515 1329 quid
1527 1258 1665 1311 clamant
1675 1257 1693 1310 ‘l
1705 1252 1738 1313 ei

120 1348 211 1402 latum
233 1349 374 1418 petitione
394 1351 489 1422 regia,
505 1354 536 1405 ut
555 1352 673 1406 vineam
687 1365 773 1405 suam
787 1350 890 1419 daret3
907 1349 957 1403 ubi
1015 1349 1117 1419 pandit
1131 1349 1169 1402 iis
1182 1347 1319 1403 Christus
1335 1365 1342 1403 :
1360 1371 1372 1395 a
1389 1348 1420 1402 Si
1435 1347 1465 1401 bi
1486 1347 1648 1416 tacebunt,
1675 1344 1738 1417 lapi

120 1453 185 1505 rex,
196 1438 327 1493 succisis
337 1439 458 1508 vitibus,
474 1439 541 1494 olus
551 1440 610 1495 vile
624 1443 749 1510 sereret,
765 1454 893 1512 eumque
907 1454 958 1493 re·
1015 1438 1136 1493 mabunt
1145 1438 1227 1507 (Luc.
1237 1455 1299 1506 xix,
1310 1438 1367 1508 ld),
1379 1437 1435 1492 hoc
1449 1438 1505 1504 est,
1518 1435 1672 1490 tortiores
1685 1433 1738 1490 clu

121 1526 281 1595 spondisse
298 1543 305 1581 :
324 1550 335 1576 ι
353 1528 439 1583 absit
454 1532 485 1583 ut
498 1545 556 1601 ego
571 1533 687 1599 patrum
701 1543 835 1584 meorum
844 1529 958 1583 tradam
1016 1528 1182 1581 clamabunt
1203 1531 1231 1582 et
1252 1527 1395 1598 juveneS,
1420 1524 1593 1579 clamabunt
1618 1526 1649 1578 et
1674 1524 1738 1579 mat

123 1614 326 1670 baereditatcm
341 1617 481 1689 (Illlleq.
496 1635 559 1687 ιιι,
574 1619 624 1688 3);
639 1634 742 1690 regem
752 1618 958 1673 contristatum
1015 1617 1181 1670 clamabunt
1199 1621 1227 1670 et
1243 1630 1333 1670 senes
1354 1632 1360 1669 :
1378 1616 1427 1670 isti
1437 1614 1556 1686 lapides
1573 1614 1614 1667 ad
1631 1613 1728 1667 illurn

122 1719 203 1771 esse,
220 1704 301 1775 qnod
319 1706 378 1759 sibi
392 1712 475 1761 esset
491 1708 619 1760 alienum
640 1707 693 1779 jus
713 1707 855 1761 relatione
875 1705 958 1777 justa
1014 1705 1132 1760 solidati
1148 1706 1284 1776 lapidem,
1304 1705 1341 1759 de
1357 1720 1415 1776 quo
1430 1704 1578 1774 scriptum
1595 1706 1646 1756 est
1670 1718 1679 1757 τ
1700 1700 1738 1757 ι]

119 1796 273 1863 negatum·
288 1795 341 1849 sed
358 1794 493 1849 muliebri
503 1796 803 1866 consiliodeeeptum.
818 1794 957 1849 Nabutbe
975 1825 999 1882 Β
1014 1811 1101 1867 quem
1116 1795 1348 1864 reprobaverunt
1362 1793 1555 1862 aedificantes,
1570 1792 1624 1846 hio
1641 1790 1738 1849 lactu

119 1883 195 1935 vites
210 1898 282 1936 suas
298 1884 344 1936 rel
361 1886 481 1952 proprio
501 1900 607 1938 eruore
628 1884 769 1937 defendit.
787 1884 818 1937 Si
843 1883 895 1937 ille
910 1884 956 1935 vi·
1015 1882 1420 1956 caputaugulilPsaI.cxv11,
1437 1881 1493 1952 ⁶22).

119 1986 205 2024 neam
223 1987 283 2026 non
297 1972 415 2025 tradidit
431 1989 527 2042 suam,
551 1990 607 2026 nos
623 1973 773 2026 trademus
789 1971 955 2026 Ecclesiam
1049 1974 1093 2028 ΩΙ.
1111 1974 1165 2027 Ηίε
1189 1974 1279 2045 igitur
1305 1971 1523 2027 laudationibus
1550 1971 1708 2025 inritatus
1724 1972 1738 2026 t

121 2058 263 2114 Christi?
1014 2078 1102 2116 sunm
1115 2061 1253 2116 Christus
1268 2060 1442 2132 ingreditur,
1466 2062 1494 2114 et
1508 2059 1672 2131 flagellum
1694 2072 1738 2130 pu

159 2148 202 2201 ¹8.
219 2147 294 2213 Quid
310 2149 430 2222 igitura
450 2167 496 2204 me
512 2168 689 2222 responsum
713 2156 758 2205 est
774 2151 957 2205 contumaci-
1014 2156 1042 2206 et
1057 2151 1139 2222 ejicit
1149 2151 1185 2205 de
1196 2150 1303 2221 templo
1313 2148 1529 2204 nummularios
1548 2148 1654 2217 (dean.
1678 2146 1738 2218 11,l

121 2238 187 2290 ter?
202 2237 269 2291 Dixi
284 2240 364 2293 euim
383 2245 548 2294 conventus
564 2258 570 2295 ε
588 2242 674 2295 Absit
697 2258 713 2294 a
730 2257 776 2295 me
797 2244 829 2294 ut
845 2241 956 2294 tradam
1013 2241 1122 2312 patitur
1135 2240 1213 2294 enim
1227 2240 1257 2293 in
1272 2254 1328 2294 suo
1338 2238 1446 2309 templo
1461 2237 1601 2308 pecuniae
1626 2252 1704 2292 esse
1717 2251 1738 2292 u

120 2323 232 2379 Christi
254 2327 466 2383 haereditatem.
490 2330 521 2383 Si
541 2330 590 2384 illc.
618 2334 732 2400 patrum
756 2329 956 2384 haereditatem
1014 2330 1071 2398 los,
1085 2345 1143 2383 non
1157 2329 1266 2398 patitur
1276 2329 1305 2382 in
1320 2343 1376 2382 suo
1387 2327 1495 2397 templo
1507 2342 1581 2381 esse
1593 2341 1652 2381 eos
1669 2325 1738 2397 qui*

119 2429 179 2468 non
193 2415 322 2485 tradidit,
338 2431 396 2489 ego
411 2419 524 2472 tradam
542 2419 651 2473 Christi
668 2416 885 2473 haereditatem!
899 2417 957 2471 Sed
1014 2419 1182 2474 cathedras
1198 2417 1273 2483 Quid
1288 2421 1358 2473 sunt
1372 2416 1531 2485 cathedrae,
1545 2414 1608 2470 nisi
1618 2415 1738 2471 honore

121 2507 149 2557 et
165 2504 221 2558 boe
236 2504 336 2559 addidi
352 2523 358 2559 ε
380 2529 391 2551 ι
409 2507 496 2562 Absit
511 2512 539 2563 ut
556 2509 668 2563 tradam
688 2509 889 2562 haeredilatem
903 2522 957 2576 pa-
1014 2512 1083 2563 sunl
1098 2507 1253 2576 columbae,
1269 2507 1328 2561 nisi
1342 2506 1496 2576 simplices
1507 2507 1641 2575 mentes,
1654 2504 1738 2560 velat

117 2594 205 2660 trum,
224 2615 235 2640 n
252 2593 309 2647 boe
324 2598 370 2648 est
385 2595 586 2651 hereditatam
602 2599 746 2668 Dionysii,
764 2597 857 2668 quiin
873 2595 957 2649 exsi-
1012 2597 1078 2651 dem
1094 2595 1247 2651 candidam
1257 2599 1285 2650 et
1295 2595 1568 2667 puramsequentes
1578 2595 1593 2648 ⁶?
1604 2593 1675 2664 Ego
1685 2606 1738 2666 erp

121 2679 161 2735 lio
176 2681 205 2734 in
220 2697 311 2736 causa
326 2683 393 2738 fidei
410 2685 567 2740 defunctus
588 2691 644 2751 cst,
662 2686 865 2740 haereditatem
880 2685 957 2738 Eus-
1014 2703 1078 2741 cam
1093 2686 1124 2741 in
1134 2686 1284 2757 templum,
1299 2700 1388 2757 quem
1397 2683 1536 2738 Christus
1553 2679 1738 2739 excluditii

119 2771 209 2842 lorgii
224 2772 485 2844 (iilconlcssoris,
498 2775 857 2846 baer'editatemblyroclis,
869 2777 957 2844 atque
1014 2777 1091 2831 enim
1100 2775 1415 2847 exire,quidignitates
1424 2772 1524 2828 vendit
1534 2776 1563 2826 et
1571 2771 1708 2827 honores
1717 2785 1738 2842 :,·

118 2859 250 2914 omnium
260 2865 340 2917 retro
355 2862 486 2918 bdelium
494 2865 714 2935 episcoporum.
726 2862 878 2934 Respondi
887 2877 956 2932 ego,
1013 2866 1105 2936 exire,
1122 2865 1172 2936 qui
1193 2864 1321 2919 rendere
1334 2864 1397 2917 vult
1413 2861 1568 2932 simplices
1583 2858 1738 2916 mentesfl(

120 2949 201 3020 quod
217 2951 382 3007 sacerdotis
397 2956 453 3021 est,
477 2954 556 3026 quod
578 2953 765 3024 imperatoris
789 2955 845 3023 est,
869 2951 958 3007 faciat
1048 2956 1092 3009 ΕΞ.
1114 2954 1194 3026 Ergo
1209 2954 1376 3008 auxentius
1392 2951 1521 3024 ejicitur,
1538 2950 1732 3005 blercurinus

118 3037 287 3109 imperator.
304 3041 392 3097 Prius
407 3044 454 3098 est
467 3045 498 3097 ut
511 3042 639 3098 animam
660 3042 742 3113 mihi,
763 3056 852 3114 quam
866 3042 955 3097 tidem
1013 3044 1100 3099 ditur.
1118 3044 1388 3114 [numportentum
1397 3045 1453 3111 est,
1468 3041 1528 3095 duo
1544 3040 1678 3095 nomina.
1693 3036 1738 3094 m

119 3128 243 3184 auferat.
1012 3136 1248 3205 cognosceretur
1261 3132 1313 3203 qui
1327 3134 1419 3199 esset,
1434 3130 1560 3185 mutavit
1578 3128 1641 3183 sibi
1655 3124 1738 3184 vocal

151 3218 194 3274 19.
208 3222 244 3274 ht
259 3220 306 3276 eui
322 3222 459 3276 tradam?
473 3223 613 3277 Praesens
629 3221 715 3276 lectio
731 3221 884 3293 Evangelii
901 3221 953 3275 de·
970 3188 996 3249 c
1011 3228 1043 3278 ut
1057 3223 1126 3294 quia
1141 3221 1189 3275 hie
1204 3220 1300 3276 luerat
1311 3220 1476 3275 :turentius
1492 3215 1738 3290 episcopushriu

117 3325 185 3365 cere
200 3326 256 3365 nos
271 3311 368 3380 debet,
384 3312 455 3383 quid
469 3314 595 3383 petatur,
607 3327 623 3365 a
637 3311 746 3383 quibus
758 3313 881 3380 petatur.
894 3312 954 3365 hu·
1011 3310 1214 3382 decipiendam
1236 3310 1369 3381 plebem,
1391 3324 1479 3380 quam
1500 3308 1551 3362 ille
1576 3308 1721 3376 tenuerat,
1736 3327 1738 3359 ι

116 3399 204 3454 distis
224 3416 329 3471 nempe
345 3401 414 3473 legi,
431 3401 510 3472 quod
528 3418 596 3456 cum
619 3400 756 3455 Christus
780 3415 872 3470 super
886 3400 954 3471 pul·
1010 3399 1277 3455 carethuxentium
1288 3399 1354 3469 (it).
1372 3394 1738 3469 blutavitergovoeabulu

116 3487 177 3542 lam
192 3489 285 3545 asinae
300 3490 428 3560 sederet,
446 3490 611 3544 clamabant
632 3490 760 3560 pueruli,
786 3493 814 3544 et
830 3489 952 3544 moleste
1009 3491 1161 3561 perfidiam
1172 3505 1232 3543 non
1248 3488 1369 3542 mutavit
1386 3504 1393 3542 ε
1410 3486 1491 3542 exuit
1507 3487 1623 3557 lupum,
1640 3481 1738 3541 sedini

115 3577 250 3633 ferebant
262 3580 359 3635 ludaei
373 3581 456 3649 (Lae.
468 3597 530 3649 xix,
546 3580 655 3649 35-38).
669 3579 800 3650 Denique
815 3579 954 3648 interpel·
1008 3596 1089 3650 pum.
1106 3579 1188 3633 Nihil
1203 3577 1325 3648 prodest
1344 3577 1424 3648 quod
1439 3576 1564 3632 mutavit
1581 3589 1691 3631 nomen
1701 3587 1738 3645 3q

114 3667 550 3737 laveruntDominumJesum,
568 3670 702 3723 dieentes
727 3675 756 3723 ut
775 3669 883 3724 laceret
898 3684 952 3723 eos
1008 3668 1192 3740 agnoscitur.
1218 3667 1306 3721 Alius
1321 3667 1351 3721 in
1374 3665 1504 3737 Scythiae
1529 3665 1667 3736 partibus
1686 3662 1738 3719 diei

113 3759 232 3824 tucero;
248 3759 417 3828 respondit:
433 3779 443 3807 ι
457 3758 488 3811 Si
503 3759 534 3811 hi
548 3758 701 3821 tacuerint,
715 3758 829 3828 lapides
844 3757 951 3811 clama·
1007 3758 1083 3812 alius
1099 3756 1146 3810 hic
1161 3760 1285 3811 vocatur
1301 3771 1308 3809 ε
1325 3755 1443 3810 nomina
1469 3771 1522 3825 pro
1547 3753 1723 3826 regionibus

112 3842 186 3898 bunt
200 3844 289 3910 (Ibid.
300 3845 357 3915 lo).
375 3846 486 3901 Deinde
510 3847 669 3920 ingressus
695 3848 846 3917 templum,
863 3846 950 3917 ejecit
1007 3846 1102 3901 Habet
1117 3861 1190 3918 ergo
1202 3845 1264 3917 jam
1275 3844 1333 3899 duo
1348 3844 1484 3913 nomina3
1500 3848 1529 3898 et
1545 3845 1572 3898 si
1588 3844 1659 3898 hino
1673 3841 1728 3897 alio

47 3969 50 3974 .
111 3931 336 4001 nummularios,
352 3936 381 3988 et
395 3934 562 4003 cathedras
578 3938 607 3990 et
617 3936 771 3991 columbas
783 3934 948 3990 vendentes
1005 3936 1091 4004 uerit,
1108 3934 1228 3990 habehit
1243 3937 1271 3989 et
1286 3934 1414 3989 tertium.
1440 3932 1598 3998 Quomodo
1623 3932 1702 3987 enim
1718 3946 1738 4002 p

109 4019 263 4090 intemplo
279 4019 342 4075 Dei.
360 4022 461 4077 Lectio
478 4039 583 4093 nempe
592 4025 649 4078 ieta
661 4023 742 4078 nullu
757 4024 830 4088 869
846 4028 948 4078 nostra
1004 4029 1036 4080 ut
1051 4028 1166 4079 maneat
1177 4025 1203 4079 ci
1219 4023 1397 4078 vocabulum
1411 4021 1448 4078 ed
1464 4021 1537 4076 tanti
1552 4022 1680 4076 sceleris
1694 4018 1738 4075 ind

111 4107 309 4178 dispositione
333 4111 454 4165 recitata
477 4115 532 4180 est,
549 4112 602 4167 sed
624 4128 697 4166 ensa
714 4129 720 4166 :
737 4129 804 4183 quae
818 4127 950 4183 proesen·
1006 4114 1118 4169 llinora
1132 4114 1201 4168 iecit
1216 4115 1245 4167 in
1261 4113 1399 4183 Scythia,
1424 4113 1506 4166 etita
1523 4111 1654 4180 erubuit,
1677 4113 1738 4165 utu

111 4197 191 4252 tibus
206 4198 608 4270 beneaptaturtemporibus.
620 4201 825 4272 Semperergo
836 4202 948 4256 Christi
1004 4204 1182 4259 vocabulum
1206 4219 1213 4258 1
1237 4203 1427 4258 sceleratiora
1447 4201 1496 4256 bic
1519 4217 1618 4255 ausus
1632 4198 1738 4271 est30l

110 4286 214 4343 laudes
229 4288 354 4343 verbera
368 4289 548 4359 perildorum
564 4293 642 4344 suat.
661 4291 695 4344 Et
711 4306 789 4344 nune
805 4308 872 4345 cum
884 4292 950 4345 lau·
1005 4309 1183 4364 quoeunque
1198 4292 1373 4363 perrexerit,
1398 4292 1518 4346 nomine
1540 4305 1598 4344 suo
1614 4288 1723 4361 prodi?

110 4378 198 4434 datur
209 4377 360 4449 Christus,
378 4378 479 4433 dicunt
500 4378 631 4432 haeretici
653 4379 721 4450 quia
741 4379 848 4435 seditio
864 4396 947 4433 com·
1004 4399 1069 4436 rum
1093 4382 1271 4452 populorum
1291 4381 1468 4453 sanguinem
1492 4394 1584 4433 mauu
1609 4376 1738 4434 suasori

110 4471 259 4524 movetur:
270 4468 371 4524 dieunt
381 4467 513 4523 haeretici
524 4467 592 4539 quia
612 4467 660 4522 bis
671 4484 752 4523 mors
768 4469 947 4541 parabatur3
1003 4472 1110 4543 poterit
1126 4471 1294 4525 consistere
1310 4469 1433 4525 animo?

110 4559 138 4612 et
148 4574 217 4614 vere
230 4555 783 4614 mortemhabentinlaudibusChristi.
793 4557 947 4623 Quomodo
1038 4560 1083 4615 23.
1097 4560 1214 4615 Paucos
1229 4557 1406 4615 excludebat
1421 4557 1567 4613 Dominus
1582 4556 1676 4613 lesus
1689 4554 1738 4611 del

144 4700 201 4769 (il)
217 4702 323 4759 Plures
338 4720 425 4770 mss,
442 4724 454 4754 ι
472 4703 724 4773 blisibasilicam3
743 4724 754 4752 ι
771 4701 821 4757 alii
832 4703 861 4757 et
875 4702 944 4757 edit.
1002 4703 1081 4775 quod
1096 4702 1291 4758 Athanasium
1309 4702 1340 4756 iu
1357 4701 1473 4772 synodo
1488 4700 1609 4756 blediol.
1636 4700 1738 4756 damna

109 4782 232 4841 omnes,
260 4793 271 4822 a
295 4776 390 4830 bteam
412 4775 582 4846 basilicam,
608 4797 620 4827 ι
644 4776 701 4830 hoe
717 4777 773 4843 est,
796 4789 885 4829 unam
909 4789 946 4829 ex
1002 4778 1169 4844 trectasset,
1193 4773 1403 4828 aConstantio
1428 4772 1557 4828 e'ectum
1584 4773 1615 4827 in
1639 4770 1738 4827 exsilia

110 4839 200 4925 meis3
217 4847 299 4898 erunt
313 4846 421 4926 quippe
436 4863 495 4902 non
515 4864 617 4918 paueae
634 4846 803 4902 Mediolani.
1001 4847 1051 4901 illo
1068 4847 1144 4900 diem
1159 4845 1273 4900 obiisse
1288 4845 1375 4898 tradit
1391 4791 1518 4899 Rufinus
1529 4843 1582 4898 lib.
1598 4843 1698 4898 1Hist.
1712 4854 1738 4897 et

145 4908 155 4987 t
164 4910 201 4977 1⁶2)
216 4911 247 4964 ln
263 4916 417 4971 codicibus
432 4920 513 4973 varie
524 4920 696 4973 scribuntur
706 4920 824 4973 nomina
839 4915 945 4970 horum
1002 4917 1140 4973 Socrates
1154 4917 1207 4972 lib.
1223 4934 1254 4985 u,
1271 4931 1335 4985 cap.
1352 4916 1396 4985 36,
1413 4918 1501 4986 atque
1517 4915 1577 4969 alii.

110 4992 337 5059 episcoporum:
353 4988 461 5042 namin
476 4991 654 5060 quibusdam
670 4990 809 5059 Ie'rlmpi.
821 4992 848 5042 et
863 4988 946 5041 Eur·
1038 4989 1094 5057 (73)
1110 4987 1183 5042 llss.
1200 5003 1260 5042 non
1283 4989 1379 5058 pauci,
1402 5010 1413 5033 ιι
1432 4990 1461 5041 et
1480 5002 1573 5041 senes
1598 4980 1738 5047 istilanth

108 5055 199 5119 torpa.
211 5066 264 5118 pro
274 5053 440 5133 Eustorqii,
454 5060 530 5115 sicut
546 5064 575 5116 et
587 5061 739 5127 ileu-aeli,
756 5077 790 5114 ac
805 5059 942 5122 ,ilci-oeli,
1002 5060 1094 5127 illum,
1112 5062 1168 5114 ete.
1188 5077 1200 5108 a

108 5119 464 5193 prollyroobshabetur.
482 5129 548 5186 Fuit
562 5132 823 5201 nutemhlprocles,
840 5131 867 5184 si
879 5145 945 5184 cro·
1038 5131 1096 5198 (ill
1111 5131 1221 5199 Omnes
1239 5130 1321 5197 edit,
1348 5152 1359 5175 a
1385 5144 1418 5182 se
1443 5135 1565 5184 vocaret
1590 5127 1738 5184 blercurini

108 5191 237 5272 dandum
247 5192 943 5273 Ughello‚octavusMediolanensisepiscopum
1000 5218 1104 5257 earnes
1126 5218 1216 5269 mss,
1241 5200 1433 5255 durentiam.
1461 5200 1496 5254 Et
1521 5203 1602 5254 certe
1628 5200 1738 5255 correct

110 5277 157 5317 sm
166 5278 238 5316 vero
245 5279 408 5343 sequamur
416 5273 651 5326 uetustissimum
664 5274 830 5344 catalogum
841 5275 871 5328 in
883 5274 945 5327 llu-
1000 5275 1076 5327 hanc
1096 5289 1206 5327 sensus
1224 5273 1327 5344 exigit.
1350 5273 1379 5324 ld
1396 5272 1474 5325 enim
1490 5272 1548 5326 hoe
1564 5272 1623 5326 loci
1642 5271 1738 5326 indica

107 5350 166 5388 seeo
181 5332 284 5388 liabeo
298 5350 366 5416 pag.
387 5337 439 5418 tlt)
461 5341 622 5418 uulgatum,
646 5346 791 5411 septimus
807 5362 823 5399 a
839 5348 942 5399 sancto
1000 5346 1121 5399 tuosius
1137 5345 1225 5397 istum
1242 5344 1292 5414 qui
1317 5343 1373 5397 suh
1397 5343 1561 5397 blei-curini
1585 5344 1704 5398 nomino
1716 5356 1738 5397 oa

110 5406 524 5488 Barnaba,quirecenussuna
533 5416 942 5485 manuexeiiiplariuscriptus
999 5418 1145 5482 evaserat,
1156 5419 1185 5469 ut
1198 5416 1226 5468 iu
1239 5416 1415 5468 hrianorum
1427 5413 1738 5485 alediolancnsium,ep

107 5477 548 5551 traditur.Euslorgiusetapud
558 5483 944 5556 Ughcllumetapudblabil·
1000 5488 1120 5542 ultimus
1137 5487 1415 5557 pseudoepiscopus
1427 5487 1597 5540 huxentius
1610 5489 1713 5556 luerat,
1727 5498 1738 5539 a

107 5552 219 5608 lonium
233 5550 367 5606 decimus
383 5553 563 5606 numeratur.
580 5556 698 5608 Atvero
710 5555 880 5628 Dionysius,
893 5559 943 5628 qui
999 5559 1129 5614 nominis
1155 5558 1348 5612 similitudine
1373 5555 1493 5612 facilius
1520 5559 1685 5630 irreperet,
1704 5560 1738 5614 Λι

108 5626 220 5678 tantum
234 5623 320 5679 tertio
336 5622 451 5677 decimo
475 5620 541 5677 loco
565 5623 595 5676 in
620 5623 706 5678 ltalia
719 5641 805 5683 sacra
845 5630 944 5685 onitur
999 5630 1250 5701 nuncupationem
1259 5629 1430 5700 adoptasse.

112 5693 304 5769 Eustorgiurn
312 5693 557 5751 incitauMuseo
565 5709 642 5766 pone
653 5697 797 5768 sequitur.
809 5645 942 5756 linaceo
