3900 6128
121 204 183 273 ate

848 201 882 267 S.
903 198 1126 266 Ameaoslt.

1784 200 1847 270 216

123 422 230 465 cavere
253 403 323 480 quid
348 403 469 474 debeas,
493 419 549 460 aec
569 419 668 460 meum
690 406 737 460 est
760 404 879 473 dooere,
900 383 994 459 nach
1012 404 1095 459 oanis
1111 404 1224 460 landes.
1240 403 1316 470 Quid
1330 403 1435 459 luciam
1450 402 1500 476 qui
1516 403 1620 460 eadem
1633 404 1765 477 quotidie
1779 419 1848 462 can·

122 501 205 552 tunm
221 497 352 562 discere3
368 492 508 564 perfectae
524 494 602 549 caim
617 493 734 548 virtutis
753 509 827 548 usus
842 493 955 565 megis-

122 586 229 642 terium
244 599 301 639 aaa
313 583 471 653 desiderat,
484 583 538 638 sed
548 582 696 638 informat.
713 581 819 638 Cernis
830 585 861 637 ut
874 597 955 652 pom·

122 690 226 746 param
249 672 370 727 ferculis
387 671 493 727 similis
509 672 635 742 incedat,
658 688 725 745 quae
748 687 782 726 so
807 673 956 742 componit

121 765 155 819 ut
168 762 291 834 placeat,
307 762 437 818 amnium
451 763 482 817 ia
497 777 531 817 se
546 761 646 817 vultus
661 764 689 816 et
699 777 750 817 ara
766 763 953 831 convertere,

122 867 159 908 eo
174 852 240 923 ipsa
255 867 314 924 qno
329 851 427 906 studet
442 852 574 921 plaeere,
591 851 767 919 deiormi0r3
785 851 856 915 160
871 851 954 920 prins

122 939 200 996 enim
223 940 330 1012 popula
355 939 501 1010 displicet,
527 955 614 1011 quam
635 940 838 1010 placeatviro.
864 940 901 994 dt
925 940 955 993 in

122 1029 210 1085 vobis
225 1028 336 1100 rejecta
352 1028 469 1083 decoris
486 1044 555 1083 aura
572 1029 639 1099 plns
655 1029 740 1084 decet
759 1028 831 1100 (aa),
848 1033 876 1084 ei
898 1028 955 1083 boc

122 1118 220 1189 ipsum
236 1117 315 1189 quod
329 1134 384 1172 vos
400 1133 459 1172 non
474 1118 596 1188 ornatis,
614 1121 736 1173 ornatus
752 1120 807 1173 est.

158 1208 204 1263 55.
220 1207 314 1263 Cerne
329 1206 444 1262 laceros
455 1207 629 1262 vulneribus
645 1223 743 1278 auree,
760 1211 788 1262 ct
803 1207 956 1278 depressae

123 1312 213 1352 onera
229 1296 371 1351 miserare
387 1296 523 1352 cervicis.
541 1297 607 1351 Non
622 1300 691 1351 sunt
705 1297 762 1368 (aa)
772 1297 958 1351 alleviamen-

123 1390 152 1442 ta
167 1401 320 1457 poenarum
341 1385 513 1440 discrimina
529 1385 722 1441 metallorum.
747 1386 823 1440 Hinc
849 1385 956 1440 collum

124 1477 227 1531 catena
252 1474 437 1546 constringit,
463 1475 530 1529 iude
549 1474 653 1545 pedem
678 1491 798 1544 compes
823 1474 955 1529 includit.

123 1565 205 1622 Nihil
222 1564 392 1620 reiertauro
409 1580 518 1636 corpus
530 1568 669 1621 oneretur
681 1582 718 1620 an
734 1567 823 1620 sarra.
836 1565 884 1621 Sic
897 1581 957 1620 cer·

123 1654 175 1710 vix
189 1654 350 1726 premitur,
366 1654 410 1708 sic
432 1658 574 1727 gravatur
587 1655 737 1710 incessus.
760 1655 807 1709 Nil
832 1655 957 1726 pretinm

124 1743 182 1814 (68)
195 1743 294 1814 javat;
317 1742 376 1798 nisi
391 1744 470 1815 quod
485 1760 541 1799 vos
565 1744 720 1813 muliereS,
738 1760 774 1798 nc
790 1747 889 1814 pereat
903 1759 953 1798 ro·
976 1763 1000 1826 Β
1050 1777 1093 1832 59¹
1116 1777 1302 1832 Conluemin,

123 1831 172 1888 bis
187 1847 284 1903 poenu,
310 1832 474 1904 trepidatis.
500 1832 575 1899 Quid
591 1833 724 1900 interest,
751 1837 847 1888 utrum
863 1833 958 1887 aliana

125 1920 288 1991 sententia,
304 1936 342 1975 aa
357 1923 457 1978 restra
471 1937 527 1977 aas
542 1920 679 1977 damnat?
699 1921 775 1976 Hinc
798 1938 852 1977 vos
873 1922 960 1976 etiem

124 2009 360 2066 miserabiliores
376 2026 464 2082 quam
479 2011 529 2082 qui
545 2011 664 2082 publico
685 2010 753 2084 jare
768 2011 958 2082 damnantur,

125 2098 204 2172 quod
220 2098 261 2153 illi
277 2102 377 2169 optent
392 2099 471 2167 exui,
488 2116 544 2156 vos
560 2101 657 2172 ligari.

160 2188 205 2244 56.
222 2187 315 2253 Quam
338 2204 410 2245 vero
432 2188 613 2244 miserabilia
638 2189 687 2244 illa
711 2190 856 2259 conditio,
882 2191 960 2262 quod

124 2279 264 2350 tanquam
278 2277 417 2349 mancipii
431 2277 526 2333 forma
540 2279 666 2348 venalis,
677 2282 803 2350 nuptura
817 2279 960 2349 licitatum

124 2368 157 2422 ut
180 2366 230 2438 qui
252 2366 346 2437 pretio
381 2367 501 2438 vicerit,
527 2370 613 2424 emat.
644 2368 841 2424 Tolerabilius
864 2372 961 2424 tamen

124 2455 270 2526 mancipia
279 2458 424 2526 veneunt,
437 2473 504 2529 qnae
517 2473 598 2529 saepe
609 2458 667 2514 sibi
677 2459 815 2514 dominos
826 2458 938 2531 eligunt
954 2475 960 2514 :

124 2544 212 2617 virgo
229 2545 254 2599 si
271 2544 371 2616 eligat,
388 2545 500 2601 crimen
515 2548 616 2617 est3si
633 2547 799 2620 noueligat,
816 2551 964 2602 coutume-

126 2632 175 2689 lia.
191 2632 263 2697 Qua
277 2633 414 2703 quemvis
429 2634 553 2705 pulchra
576 2636 616 2690 sit
639 2639 668 2691 et
687 2636 814 2704 deeora,
832 2639 860 2691 et
881 2639 964 2692 timet

129 2724 159 2777 et
173 2721 255 2791 cnpit
269 2721 365 2776 videri
382 2738 387 2776 :
406 2724 494 2793 cupit,
512 2726 542 2779 ut
557 2740 591 2779 ee
607 2725 705 2779 carius
720 2725 828 2780 vendat
845 2743 850 2779 :
867 2728 962 2792 timet,

127 2825 165 2869 ne
190 2810 248 2864 hoc
263 2810 361 2879 ipsum
389 2811 529 2867 dedeceat
546 2813 625 2884 qaod
640 2814 764 2869 videtur.
784 2816 896 2880 Quanta
911 2832 965 2870 an-

128 2901 189 2957 tem
204 2901 341 2954 votorum
351 2899 478 2955 ludibria
494 2904 522 2956 et
537 2902 574 2957 ad
588 2918 747 2973 procorum
758 2907 882 2959 eventus
898 2921 966 2960 sns-

127 2987 206 3061 peoti
221 2990 327 3058 meins,
345 3005 381 3044 ne
397 3006 510 3062 pauper
524 2992 636 3061 illudat,
662 3008 698 3048 ne
714 2994 799 3049 divas
824 2994 964 3065 fastidiat,

128 3092 166 3136 ne
181 3076 305 3149 pulcher
318 3078 432 3151 irideat,
450 3097 487 3136 ne
504 3081 614 3137 nobilis
628 3081 763 3154 spernetl

457 3223 582 3280 CAPUT
601 3226 638 3281 X.

131 3363 351 3438 thicientibns
365 3366 566 3439 frequentium
581 3367 737 3426 Ambrosii
758 3370 796 3425 ad
814 3370 968 3443 virginita-

166 3445 225 3492 tem
236 3436 475 3492 exhortationum
488 3438 597 3493 riulinm
608 3440 736 3495 [ructum
753 3457 820 3497 esse
835 3450 864 3497 nt
880 3443 968 3497 satis·

166 3507 268 3576 iaciat,
285 3507 404 3563 adducit
420 3511 553 3582 exempla
573 3528 636 3566 cnm
658 3512 783 3567 alierum
807 3515 965 3586 virginum,

168 3584 227 3633 tum
246 3578 517 3636 Mauritanenainm
537 3599 570 3637 ec
590 3582 822 3639 Bononiensium
843 3584 898 3640 sed
919 3586 969 3640 ha·

166 3665 232 3707 rom
255 3649 403 3722 imprimis
421 3653 549 3709 virtutes
564 3670 597 3709 aa
617 3655 819 3728 propagandos
841 3656 968 3729 rirpini-

168 3722 240 3777 tatis
254 3722 393 3778 ardorem
406 3722 517 3780 landet.

168 3863 213 3920 m.
230 3863 314 3922 Dicet
337 3865 445 3939 aliquis
461 3883 468 3922 t
487 3869 530 3923 Tu
552 3868 640 3924 nobie
665 3869 796 3942 qnotidie
821 3871 969 3943 virginum

133 4007 168 4064 et
183 4011 343 4080 usurpatur
359 4025 366 4066 ε
385 4013 541 4083 utrumqne
560 4011 795 4083 exscripsimus,
821 4013 970 4084 posterio-

133 4095 197 4136 rem
212 4080 358 4137 asterisco
373 4082 539 4154 signantes.
559 4083 639 4138 Idem
655 4084 818 4152 aesterisci,
835 4085 969 4156 quotics-

135 4168 252 4278 oungne
267 4168 390 4209 numero
406 4152 557 4226 affligitur,
574 4171 695 4210 seusus.
713 4156 786 4210 Ean.

170 4223 198 4290 (6
218 4225 227 4292 )
244 4223 330 4292 noia,
348 4224 461 4296 rejecta
478 4225 599 4280 decoris
613 4242 684 4280 cura
697 4225 882 4298 plnsplacet.

170 4295 228 4368 (tii)
241 4295 350 4351 Omnes
366 4295 435 4350 edit.
454 4312 520 4351 oum
537 4312 610 4352 mss.
628 4313 686 4353 uno
702 4298 749 4364 vel
765 4299 865 4360 altero,
881 4298 971 4353 Certa

122 4350 245 4423 ‘lacerae
256 4365 431 4421 rnlnerihns
441 4383 539 4436 arares,
551 4373 580 4423 et
591 4369 743 4439 depressae
754 4370 972 4425 oneramiserra

137 4437 275 4495 cervices
286 4454 343 4493 aon
361 4444 429 4493 snat
441 4438 639 4494 allevamenta
647 4455 811 4511 paenarum,
830 4441 895 4507 sed,
914 4444 969 4495 etc.

137 4509 212 4565 Mae.
223 4509 385 4581 aonpanci,
396 4510 512 4564 Carnos
521 4510 638 4565 laceras
650 4510 833 4580 vulneribus,
841 4528 931 4566 nores
942 4518 971 4567 et
983 4497 1012 4560 D

48 4630 52 4634 .
139 4579 290 4652 depressae
305 4597 395 4636 onera
417 4581 549 4636 cervicis
564 4583 720 4637 miserare.
738 4583 805 4638 Non
820 4589 898 4638 sunt.
915 4588 971 4638 etc.

138 4649 258 4721 Reliqui
271 4650 388 4708 demum
404 4651 521 4722 melius,
537 4656 569 4708 ut
582 4653 613 4707 ia
624 4657 714 4709 textu.
732 4653 824 4709 Porro
839 4654 865 4708 si
880 4656 972 4709 totam

139 4719 219 4776 hane
232 4721 332 4778 locum
346 4723 436 4779 libeat
451 4739 518 4780 aum
541 4724 580 4778 iis
594 4740 662 4797 quae
676 4726 708 4780 in
731 4725 863 4780 eamdem
880 4729 972 4780 mete-

139 4791 214 4848 riem
228 4791 368 4864 leguntur
391 4794 467 4865 apud
483 4794 574 4851 Ciam.
591 4795 676 4850 Alex.
692 4796 749 4864 lib,
765 4813 785 4851 n
812 4796 974 4869 Predaqoqi

141 4863 199 4934 sni,
216 4879 280 4934 cap.
306 4864 350 4934 lt,
367 4867 395 4919 et
418 4865 538 4921 Tertull.
565 4866 609 4940 Bc
631 4867 710 4922 culta
733 4867 836 4923 tamin.
854 4882 917 4937 cap.
945 4869 972 4936 d,

141 4948 337 5006 componere;
362 4936 439 4991 haud
462 4953 542 5008 aegre
567 4937 784 4993 animadvertes
813 4939 972 4994 Ambrosio

140 5006 360 5078 priscoshosoo
374 5006 474 5062 Patras
485 5023 671 5080 nequaquam
681 5009 776 5065 inisse
793 5010 973 5082 incognitos.

176 5077 234 5150 (68)
250 5079 291 5134 lta
306 5094 379 5133 mse.
396 5095 504 5150 magno
520 5095 661 5135 numera:
677 5080 810 5135 nonnulli
833 5084 930 5135 tamea
947 5085 975 5137 et

142 5149 212 5205 edit.
229 5150 265 5206 Si
279 5150 387 5206 carvin
399 5151 548 5222 premitur
562 5152 591 5206 si
604 5156 752 5224 gravatur
767 5153 915 5222 incessus,
932 5151 977 5207 nil

139 5221 280 5295 pretinm,
296 5225 353 5278 eto.

178 5290 235 5364 (69)
251 5291 325 5349 ltlss.
341 5293 461 5364 aliquot,
478 5293 515 5348 cle
534 5293 744 5350 Placentinosa
763 5295 895 5368 prandes
912 5295 975 5350 rir-

142 5364 231 5436 gines
244 5364 380 5428 veniant·
396 5380 454 5418 non
470 5366 560 5420 reete.

178 5435 235 5506 (Ἶο)
250 5435 295 5491 Be
310 5436 493 5492 Bononiensi
508 5436 682 5508 venientia
692 5453 765 5493 mse.
781 5453 873 5510 prope
888 5439 978 5494 omui·

142 5505 201 5563 bus
217 5506 412 5563 desideretur.

179 5577 236 5647 (ili
249 5577 373 5643 Quidam
385 5594 472 5646 mss,
490 5584 520 5633 ut
536 5580 610 5635 elihi
620 5581 827 5653 persuadeam.

180 5649 237 5721 (it)
256 5649 333 5707 Edit.
356 5650 393 5707 Si
418 5649 565 5709 hominem
591 5657 740 5718 amarent·
760 5668 835 5708 mse.
864 5652 976 5708 vellent

1012 493 1074 563 tito,
1101 496 1129 547 et
1143 494 1265 564 proficio
1281 494 1374 548 nibil?
1399 494 1456 549 Sed
1473 511 1532 549 non
1550 510 1613 549 mea
1638 495 1735 565 culpa.
1752 495 1843 551 Deni-

1012 597 1069 654 que
1084 582 1119 636 de
1135 583 1305 638 Placentino
1321 583 1475 638 sacrandae
1490 584 1623 655 virgines
1638 584 1760 638 veniunt
1774 584 1842 656 (69t,

1012 671 1048 726 de
1063 671 1244 726 Bononiensi
1261 672 1383 727 veniunt
1397 672 1463 742 (70),
1474 673 1509 727 de
1525 672 1698 728 Mauritania
1712 673 1844 743 veninat,

1013 763 1043 815 nt
1058 760 1106 814 hic
1120 761 1264 815 velentur.
1282 761 1418 834 Magnam
1443 776 1506 816 rem
1521 760 1638 817 videtis.
1656 762 1712 817 Hic
1735 765 1845 831 tracto,

1012 851 1039 904 et
1056 850 1125 904 alibi
1139 836 1314 922 persuadeo.
1340 851 1371 906 Si
1386 851 1426 905 iia
1450 852 1505 921 est,
1523 850 1593 905 alibi
1613 853 1774 906 tractemus
1785 839 1802 922 ,⁴
1816 855 1849 906 nt

1012 939 1099 994 vobis
1114 940 1347 1010 persuadeamus
1362 940 1429 1011 (tl).

1047 1045 1091 1100 58.
1107 1045 1192 1116 Quid,
1216 1047 1294 1117 quod
1317 1047 1404 1102 etiam
1429 1046 1479 1119 qni
1494 1063 1540 1102 me
1556 1063 1615 1101 non
1638 1046 1773 1117 audiunt,
1797 1062 1848 1101 se-

1012 1137 1142 1206 quuntur
1157 1151 1163 1190 :
1181 1135 1231 1207 qai
1246 1136 1376 1205 audiunt,
1388 1136 1722 1209 nonseqannturtNam
1733 1137 1850 1208 pleras-

1012 1239 1070 1295 que
1088 1225 1222 1297 rirgines
1252 1226 1379 1298 cognovi
1404 1225 1490 1293 velle,
1521 1229 1549 1280 et
1578 1224 1729 1295 prohiberi
1757 1226 1849 1280 etiam

1012 1314 1162 1384 prodires
1187 1315 1341 1381 matribuS,
1364 1317 1393 1368 et
1417 1315 1496 1384 quod
1519 1316 1565 1369 ost
1580 1314 1714 1387 gravius,
1738 1314 1848 1384 viduis,

1014 1418 1080 1457 cum
1096 1402 1205 1474 quibus
1221 1403 1269 1457 hic
1286 1403 1357 1457 mihi
1371 1419 1471 1458 sermo
1493 1405 1548 1458 est.
1565 1403 1679 1474 Nempe
1704 1401 1731 1457 si
1751 1402 1850 1458 hami·
1919 1397 1925 1408 '

1013 1507 1081 1547 nem
1100 1492 1209 1547 vellent
1224 1492 1387 1562 amerelli)
1404 1492 1471 1547 filiae
1482 1495 1601 1562 vestrm,
1614 1508 1668 1563 per
1681 1491 1764 1564 leges
1779 1492 1846 1555 161

1012 1584 1138 1652 possent
1152 1581 1264 1653 eligere
1279 1597 1367 1652 quem
1384 1581 1501 1636 vellent.
1519 1581 1632 1647 Quibus
1647 1581 1738 1654 igitar
1757 1580 1852 1637 homi-

1014 1686 1081 1725 nam
1096 1670 1207 1742 eligere
1223 1671 1301 1740 licet,
1320 1671 1413 1725 Deum
1429 1686 1489 1725 non
1504 1671 1596 1726 licet?

1323 1793 1410 1849 quam
1436 1777 1532 1832 duleis
1556 1777 1706 1848 pudicitiae
1733 1777 1851 1832 fructus

1015 1866 1064 1935 sit,
1080 1867 1129 1938 qni
1151 1866 1316 1922 barbaricis
1340 1882 1459 1939 quoque
1474 1866 1595 1922 inolevit
1616 1865 1783 1922 aflectibus
1800 1865 1846 1920 Ex

1015 1956 1127 2012 ultimis
1147 1956 1224 2010 inira
1239 1956 1373 2029 ultraque
1398 1957 1580 2013 Mauritaniae
1595 1956 1728 2028 partibus
1743 1956 1853 2011 deduc·

1015 2048 1053 2101 iae
1068 2045 1203 2117 virgines
1219 2045 1267 2100 hic
1283 2045 1397 2100 sacrari
1411 2046 1558 2118 gestiunt;
1576 2049 1604 2102 et
1629 2061 1696 2100 cnm
1711 2044 1772 2100 sint
1787 2060 1852 2100 am-

1016 2149 1070 2190 nes
1086 2134 1205 2189 familiae
1218 2134 1249 2189 ia
1273 2134 1400 2190 vinculis
1425 2134 1491 2205 (78),
1509 2134 1648 2205 pudicitia
1662 2138 1759 2189 manea
1780 2149 1852 2189 nes·

1017 2223 1056 2279 eit
1076 2239 1146 2279 esse
1175 2224 1299 2294 captiva.
1330 2223 1488 2278 Prohletur
1514 2240 1641 2297 regnum
1669 2222 1851 2294 aeternitatis,

1017 2328 1083 2386 quae
1095 2316 1198 2368 moerat
1214 2312 1352 2385 injuriam
1369 2313 1531 2368 sermintis.

1053 2420 1097 2477 60.
1113 2420 1273 2491 Numquid
1297 2421 1332 2475 de
1349 2420 1589 2476 Bononiensibus
1611 2419 1779 2493 virginibus
1806 2419 1852 2474 lo·

1018 2525 1101 2582 quar,
1120 2509 1247 2564 fecundo
1262 2510 1385 2580 pudoris
1409 2509 1621 2582 agminaque
1647 2509 1805 2563 mundanis
1820 2523 1853 2562 se

1019 2599 1134 2654 deliciis
1156 2598 1344 2670 abdicantes,
1378 2598 1541 2653 sacrarium
1564 2597 1743 2671 virginitatis
1767 2598 1853 2653 inco·

1018 2688 1100 2744 lunt?
1115 2687 1184 2743 Sine
1195 2688 1398 2743 contubernali
1414 2704 1489 2742 sexu
1505 2687 1572 2757 (74),
1586 2685 1788 2743 contubernali
1805 2702 1856 2757 pn·

1020 2779 1091 2834 dore
1106 2779 1254 2848 provectae
1276 2776 1312 2831 ad
1327 2776 1509 2831 vicenarium
1525 2792 1695 2847 nnmerum,
1712 2778 1741 2831 et
1753 2780 1855 2831 cente-

1021 2867 1132 2922 carium
1161 2866 1299 2933 fructum,
1333 2866 1496 2938 relictoque
1527 2868 1680 2936 parentum
1708 2864 1855 2936 hospitio,

1019 2956 1143 3013 tendunt
1159 2957 1188 3010 in
1203 2955 1402 3011 tabernaculis
1426 2953 1548 3023 Christi,
1569 2953 1732 3009 indelessae
1748 2954 1856 3010 milites

998 3045 1183 3132 castitatis:
1210 3060 1288 3099 nunc
1315 3042 1438 3098 canticis
1473 3043 1658 3115 spiritalibus
1683 3046 1855 3114 personant,

983 3133 1099 3196 Cauno
1114 3135 1223 3189 victum
1239 3133 1380 3204 operibns
1396 3136 1547 3204 exerceat,
1559 3131 1726 3188 liberalitati
1737 3147 1856 3205 quoque

1021 3225 1189 3281 subsidium
1205 3239 1293 3278 mann
1308 3225 1454 3295 quaerunt.

1056 3332 1101 3387 61.
1118 3330 1201 3396 Quod
1217 3330 1243 3386 si
1263 3330 1462 3402 investigandi
1478 3330 1611 3402 virgines
1627 3329 1683 3399 (Ἲὸ)
1701 3327 1859 3385 inoleverit

1022 3421 1096 3479 odor
1106 3423 1243 3493 (namque
1255 3435 1315 3491 prm
1325 3419 1442 3475 caeteris
1451 3419 1624 3490 speculandi
1635 3421 1796 3474 venantum
1806 3435 1857 3490 pu·

1022 3511 1104 3567 doris
1121 3510 1296 3582 explorant),
1313 3509 1382 3564 totis
1405 3524 1542 3563 curarum
1566 3508 1704 3580 vestigiis
1727 3507 1858 3578 praedam

1022 3599 1159 3656 latentem
1180 3599 1327 3671 usquead
1347 3599 1411 3669 ipse
1426 3597 1535 3652 cubilia
1550 3602 1770 3668 persequuntur
1786 3613 1792 3651 :
1808 3600 1859 3652 aut

1023 3690 1048 3746 ei
1064 3689 1187 3744 liberior
1207 3687 1336 3760 alicujus
1358 3687 1474 3742 volatus
1489 3685 1643 3757 affulserit,
1660 3687 1729 3741 totis
1753 3702 1858 3742 omnes

1023 3779 1126 3834 videas
1141 3792 1303 3850 assurgere
1316 3776 1384 3848 alis,
1400 3791 1579 3847 concrepare
1594 3777 1711 3848 pennis,
1729 3775 1858 3832 emicare

1023 3868 1130 3941 plausu
1147 3885 1153 3922 :
1170 3870 1291 3923 nicasio
1302 3866 1450 3938 pudicitiae
1462 3866 1553 3921 ahora
1566 3865 1686 3938 cingant
1695 3864 1858 3935 volantem,

1025 4026 1136 4080 amere,
1152 4009 1213 4075 Qua
1229 4013 1325 4066 autem
1341 4009 1454 4064 ratione
1477 4008 1562 4064 locus
1585 4007 1634 4062 hic
1650 4024 1716 4063 cnm
1741 4008 1798 4063 alio
1822 4023 1860 4063 ex

1024 4083 1077 4138 lib.
1094 4100 1103 4135 r
1119 4083 1156 4137 de
1171 4082 1334 4146 Abraham,
1352 4097 1415 4150 cap.
1432 4081 1464 4148 9,
1482 4079 1685 4135 conciliandus
1709 4081 1757 4150 sit,
1783 4078 1860 4134 inira

1025 4154 1221 4223 explicabitur
1236 4153 1264 4207 in
1281 4153 1404 4223 epistola
1421 4152 1456 4206 od
1470 4151 1643 4207 Sisiauinm.

1060 4224 1127 4295 (73).
1155 4225 1335 4296 Designatur
1349 4222 1406 4278 hoc
1426 4224 1491 4278 loco
1516 4221 1649 4294 tyrannis
1674 4220 1857 4287 nanniano,

1025 4297 1190 4367 etquidem
1219 4295 1331 4362 volunt,
1358 4310 1424 4348 aum
1444 4294 1492 4349 ille
1521 4293 1658 4348 acomite
1685 4293 1857 4348 Theodosio

1025 4368 1186 4423 Theodosii
1196 4368 1295 4438 magui
1312 4370 1488 4435 pareatean.
1505 4366 1558 4420 373
1572 4365 1670 4418 victus
1685 4363 1774 4419 inerit
1787 4380 1792 4418 :
1805 4364 1860 4418 sed

1025 4439 1159 4495 Gildonis
1185 4440 1234 4510 qni
1257 4439 1326 4493 licet
1347 4438 1377 4491 in
1402 4437 1531 4490 Firmum
1557 4436 1676 4490 iralrem
1692 4438 1859 4508 pugnasset

1026 4527 1079 4583 pro
1096 4511 1249 4577 Romanis,
1265 4525 1301 4564 eo
1323 4512 1420 4563 tamen
1435 4508 1596 4572 exstincto,
1622 4506 1753 4560 Africam
1778 4507 1860 4576 ipse-

1026 4585 1086 4637 met
1100 4581 1259 4652 oppressit,
1286 4595 1321 4634 ao
1336 4579 1554 4635 Donatistarum
1578 4578 1717 4632 atrociter
1739 4577 1861 4631 catholi-

1027 4669 1080 4709 cos
1096 4652 1296 4707 divexantium
1310 4655 1408 4721 partes
1423 4650 1545 4721 adjuvit.
1557 4648 1641 4713 Quod
1657 4654 1754 4703 autem
1769 4649 1805 4702 ad
1821 4648 1861 4702 le·

1026 4740 1094 4797 gem
1109 4740 1176 4796 qnae
1192 4723 1248 4778 hoc
1264 4738 1340 4778 anno
1356 4721 1421 4777 data
1436 4722 1561 4776 babetur
1574 4721 1604 4774 iu
1615 4720 1686 4774 Cod.
1704 4719 1815 4775 Thead.
1834 4723 1862 4774 et

1027 4812 1084 4878 qua
1100 4795 1284 4920 baptismatis
1300 4794 1413 4848 iteratio
1434 4792 1621 4862 prohibetur,
1640 4807 1674 4845 aa
1699 4806 1766 4845 eum
1789 4791 1861 4845 des-

1026 4870 1117 4922 tinata
1152 4866 1228 4920 uerit
1251 4864 1390 4919 Flaviano
1406 4865 1515 4918 Africae
1539 4864 1661 4929 vicario,
1679 4864 1774 4934 quiet
1795 4864 1861 4932 ipse

1028 4938 1083 4992 bec
1098 4936 1201 4992 cedem
1216 4935 1307 4992 haersi
1328 4939 1390 4990 erat
1414 4935 1557 5004 inlectus,
1575 4949 1635 4990 noa
1650 4934 1798 4989 credenda
1815 4936 1862 4987 ost

1027 5008 1171 5063 Ecclesiae
1186 5008 1340 5079 peperisse
1356 5007 1514 5078 quidquam
1527 5005 1639 5060 anxilii.
1659 5005 1778 5059 Videsis
1797 5006 1860 5058 An-

1026 5083 1107 5152 gnst.
1124 5079 1176 5134 lib.
1193 5097 1213 5133 n
1228 5085 1330 5135 contra
1347 5078 1439 5133 Petit.
1457 5094 1519 5147 cap.
1536 5077 1581 5142 83,
1597 5079 1626 5131 et
1641 5076 1727 5145 epist.
1753 5077 1784 5130 ia
1806 5092 1861 5129 no-

1027 5167 1064 5206 va
1078 5152 1147 5206 edii.
1165 5151 1208 5217 m,
1225 5166 1305 5206 anm.
1322 5150 1348 5203 8.
1366 5150 1436 5204 ltem
1453 5150 1548 5203 hrum.
1565 5147 1695 5202 Marcell.
1711 5146 1752 5201 lib
1768 5163 1861 5201 xxvrn

1028 5227 1057 5278 et
1071 5222 1273 5289 Claudianum,
1290 5222 1327 5277 de
1341 5220 1426 5275 Bello
1448 5220 1564 5275 Gildon.

1063 5294 1130 5365 (lt).
1146 5294 1178 5348 ld
1193 5297 1248 5362 est,
1265 5290 1444 5361 masculino,
1460 5291 1527 5363 quia
1543 5291 1668 5346 laminas
1684 5289 1749 5345 sine
1765 5288 1862 5344 virum

1028 5365 1221 5423 contubernio
1238 5365 1346 5436 degere
1361 5368 1430 5418 tnnc
1446 5379 1544 5417 rarum
1560 5368 1632 5418 eret.

1063 5438 1129 5508 (75).
1147 5437 1255 5491 Omnes
1272 5437 1340 5491 cdii.
1357 5437 1385 5490 et
1395 5452 1469 5489 mss,
1485 5434 1553 5502 duo,
1570 5433 1791 5505 investigandae
1805 5432 1863 5486 vir·

1028 5509 1167 5578 pinitetis
1183 5524 1189 5561 :
1207 5508 1256 5561 alii
1272 5507 1392 5578 aliquot,
1404 5505 1624 5576 investiganda·
1642 5504 1794 5578 virginis:
1812 5519 1861 5557 re-

1027 5580 1099 5652 liqui
1116 5578 1220 5651 majori
1237 5593 1370 5649 numero,
1387 5577 1462 5631 utin
1477 5579 1569 5632 textu.
