3900 6128
73 268 120 353 m
651 263 1344 338 ιιιιιιιιιιιιιιιιι.-ιιιιιοιιιιιο.
1732 274 1792 342 ιιι

84 476 124 533 ἢ
153 476 321 533 Docuimus
337 493 390 548 pro
419 479 506 547 captu
529 477 632 531 nostro
662 475 786 531 forsitan
812 473 890 544 quod
910 455 940 517 Α
958 472 1114 546 gnaculum
1130 473 1336 544 recognoscat,
1353 474 1384 528 ut
1399 475 1426 528 et
1439 472 1497 544 ipsi
1513 473 1550 529 ad
1571 475 1696 546 gratiam
1710 480 1739 532 et
1753 476 1790 532 ad

63 583 105 624 noa
119 566 284 639 didicimus
300 567 356 635 (ιθ)
369 582 376 634 ;
391 569 419 621 et
434 569 465 619 ut
486 565 646 636 potuimus,
673 564 888 634 expressimus.
955 563 1076 633 praemia
1092 562 1231 615 virtutum
1246 562 1400 630 parvenire
1415 563 1548 632 possitis,
1566 580 1619 633 per
1634 565 1789 622 Dominum

62 655 195 711 Sanctitas
211 661 312 711 vestra
327 655 470 709 institutis
485 653 724 709 sacerdotalibus
743 652 888 707 informa·
956 656 1090 706 nostrum
1111 651 1214 705 iesum
1238 650 1402 704 Christum:
1421 652 1468 705 cui
1491 656 1536 706 cst
1553 653 1657 724 gloria,
1683 655 1787 726 honor,

62 744 212 809 inlabere
238 745 433 815 tenereqncd
459 743 697 812 accepitafleo:
732 741 886 796 ctohlatio
924 788 928 797 .
956 738 1790 814 laus,perpetuitasasaeculiS,etnunc,etsemper,el

66 835 125 889 sicut
140 833 238 887 hostia
262 848 346 902 pura,
363 833 393 886 in
418 832 506 887 vobis
526 832 583 901 (dl)
607 846 727 900 semper
741 846 828 884 suum
844 830 889 882 si·
956 830 985 882 in
1002 829 1098 883 omnia
1115 828 1224 882 seacula
1241 827 1430 881 saeculorum.
1447 829 1551 883 Amen.

97 974 143 1044 itt)
160 975 246 1030 llam.
263 975 332 1028 edit.
350 974 423 1040 sola,
443 973 570 1028 forsitan
588 973 662 1045 quod
677 990 692 1026 a
709 971 890 1026 Dorninedi-
956 972 997 1025 sit
1014 977 1052 1040 ut,
1078 986 1136 1025 non
1162 971 1335 1041 incongrue.
1362 968 1480 1040 Reliqui
1502 970 1618 1024 tandem
1635 973 1663 1026 et
1686 989 1789 1029 omnes

74 1050 188 1103 dicimus.
957 1043 1025 1096 edit.
1051 1043 1138 1096 nohis
1164 1043 1250 1095 etiam
1274 1040 1428 1108 accedunt,
1452 1044 1575 1110 excepta
1600 1044 1716 1111 vocula,
1748 1053 1787 1114 et,

99 1119 146 1186 (tt)
156 1117 229 1172 tiss.
242 1132 302 1171 non
312 1115 408 1187 pauci,
427 1121 456 1169 ut
472 1114 582 1170 oblatio
597 1115 673 1169 sicut
690 1115 786 1168 hestia
804 1130 889 1185 pura,
957 1129 1044 1184 quam
1069 1113 1248 1183 praemittunt
1271 1112 1450 1165 dictionibus
1466 1113 1497 1165 ιἰι
1517 1112 1608 1183 volus,
1632 1113 1688 1168 hoc
1703 1116 1790 1170 modo

74 1193 99 1245 in
111 1189 195 1257 vebis,
211 1191 281 1258 etc„
303 1187 376 1241 satis
393 1187 547 1242 commode
559 1207 567 1240 :
593 1186 642 1239 alii
657 1185 759 1254 plures
785 1186 890 1240 nobis·
957 1184 1132 1239 sententiam
1148 1185 1266 1238 omnino
1282 1186 1516 1253 corrumpentes.

76 1276 126 1316 cun
145 1259 264 1329 faciunt,
291 1258 350 1313 nisi
374 1258 453 1330 quod
469 1273 522 1328 pro
547 1258 624 1312 sicut
648 1256 783 1311 l‘altiluc.
806 1256 888 1327 legit,

81 1452 459 1483 a·
470 1453 475 1458 ι
480 1448 1761 1480 -ssmmm

299 1600 357 1684 ΙΝ
404 1600 609 1680 LIBROS
653 1601 717 1679 DE
758 1597 1168 1681 restituerit
1208 1600 1562 1683 anttoht'lte

103 1905 330 1979 Quandoquidem
345 1903 377 1959 hi
391 1904 448 1959 duo
464 1903 531 1958 libri
547 1903 694 1958 adversus
709 1902 892 1958 Novatianos
908 1904 1011 1974 scripti
1028 1904 1121 1974 fuere,
1139 1908 1169 1959 ut
1185 1904 1335 1958 Ambrosii
1352 1905 1519 1970 consilium,
1538 1907 1637 1976 operis
1653 1907 1725 1963 ordo
1746 1911 1792 1962 at-

10 2040 13 2057 ,
79 1997 225 2068 queaerieS,
241 1995 289 2049 vis
305 2009 340 2048 ac
355 1994 472 2066 pondus
487 1993 728 2065 argumentorum
743 1992 923 2062 percipiatur
937 1992 1043 2047 minori
1059 1995 1188 2065 negotio,
1206 2009 1264 2047 non
1281 1994 1427 2063 ingratum
1443 1993 1546 2049 lectori
1558 1994 1687 2051 futurum
1703 1997 1793 2051 duxi-

80 2102 136 2153 nus,
151 2085 174 2140 si
189 2084 257 2155 ejus
273 2083 370 2138 oculis
385 2083 463 2137 unde
478 2086 541 2137 orta
556 2082 594 2136 sit
609 2081 658 2135 illa
674 2081 811 2152 haeresis,
829 2097 905 2152 quos
921 2081 1256 2154 habueritprogressus,
1268 2098 1364 2153 quove
1379 2082 1409 2136 in
1420 2085 1498 2137 statu
1511 2083 1609 2154 fuerit,
1627 2101 1694 2141 cum
1704 2086 1793 2142 iidem

78 2174 128 2228 libri
140 2173 374 2241 lucubrareutur,
390 2186 601 2242 proponamus.

104 2263 167 2317 llicti
181 2264 250 2318 sunt
265 2260 422 2316 Novatiani
436 2261 472 2314 ab
497 2259 670 2315 auctoribus
686 2261 776 2314 sectae
792 2259 907 2314 Novato
930 2261 959 2314 et
974 2259 1148 2330 Novatiano,
1171 2276 1246 2331 quos
1261 2260 1337 2314 inter
1360 2276 1393 2314 se
1410 2276 1477 2315 cum
1500 2260 1633 2333 plerique
1649 2266 1791 2335 veterum,

78 2352 262 2408 atGraecornm
273 2349 428 2420 imprimis,
441 2347 516 2403 male
527 2347 718 2418 confundant,
735 2363 886 2419 nunquam
902 2363 961 2402 non
975 2348 1132 2421 distinguit
1147 2349 1335 2404 Ambrosius.
1353 2349 1466 2404 Horum
1481 2350 1563 2419 prior
1577 2349 1793 2425 Carthaginen-

77 2439 259 2496 aisEcclesiae
282 2438 441 2509 presbyter
455 2437 520 2508 fuit,
545 2452 695 2508 nunquam
716 2452 788 2492 vero
803 2437 840 2491 ad
863 2437 1064 2508 episcopalem
1078 2437 1213 2509 pervenit
1226 2437 1416 2510 dignitatem3
1442 2438 1510 2509 quia
1532 2439 1562 2492 in
1578 2455 1609 2494 re
1634 2440 1791 2513 Baronius,

76 2527 202 2592 leterius,
219 2525 338 2581 labeus
353 2525 442 2581 etalii
456 2525 590 2580 nonnulli
607 2531 789 2580 erraverunt.
813 2526 841 2579 ls
858 2529 921 2580 erat
944 2527 1041 2581 animo
1057 2527 1187 2598 inquieto
1204 2530 1231 2582 et
1246 2527 1402 2596 scelerato,
1430 2528 1578 2599 nequead
1602 2529 1680 2584 aliud
1695 2531 1793 2603 magis

75 2617 188 2690 quemad
203 2632 253 2671 res
277 2630 371 2670 noras
388 2617 566 2685 comparato.
582 2614 662 2668 Idem
678 2629 711 2669 se
723 2613 920 2685 conjunxerat
934 2614 1131 2685 Felicissimo,
1155 2617 1206 2687 qui
1219 2616 1312 2686 lapsis
1328 2615 1359 2669 in
1382 2615 1577 2670 idololatriam
1593 2617 1672 2672 nulla
1697 2618 1793 2689 impo-

76 2707 116 2763 sita
127 2721 212 2777 poena
227 2703 407 2759 reddendam
421 2719 525 2774 pacem
547 2702 699 2758 delirabat.
716 2701 819 2774 Cujus¹
836 2703 944 2759 haeresi
960 2720 1018 2776 quo
1033 2704 1202 2774 plusculum
1226 2704 1398 2759 conciliaret
1421 2705 1603 2759 auctoritatis
1632 2721 1697 2760 cum
1715 2708 1794 2762 omni

75 2799 218 2868 adeatque
233 2793 344 2851 ambitu
360 2793 506 2865 protrudit
519 2793 556 2847 ad
580 2793 776 2860 diaconatum,
793 2808 853 2846 non
876 2792 964 2847 modo
979 2807 1039 2847 non
1061 2794 1218 2859 annuente,
1242 2792 1296 2846 sed
1312 2807 1348 2846 ne
1372 2791 1508 2846 consulto
1524 2792 1642 2863 quidem
1664 2794 1794 2850 antistite

77 2883 151 2954 ipsius
164 2883 323 2954 Capriane.
341 2882 417 2937 Huic
433 2882 558 2936 facinori
574 2882 630 2936 alia
646 2885 706 2936 tum
721 2881 921 2952 impudicitiae,
940 2884 1000 2935 tum
1014 2880 1126 2935 atrocis
1136 2879 1318 2935 crudelitatis
1332 2881 1419 2950 plena
1439 2880 1588 2935 cumulum
1606 2879 1793 2955 addiderunt,

75 2976 172 3044 propter
185 2988 254 3044 quae
269 2971 365 3026 dicsa
382 2970 523 3024 fratribus
540 2971 566 3024 ei
582 2970 679 3024 dictus
695 2973 741 3024 ost
755 2970 833 3040 apud
846 2970 1041 3040 cyprianum:
1059 2970 1113 3023 sed
1130 2973 1270 3024 renovata
1285 2985 1338 3040 per
1351 2968 1381 3023 id
1394 2969 1537 3039 temporis
1548 2972 1727 3039 persecutio,
1740 2989 1795 3028 nec

75 3060 177 3116 denus
205 3061 238 3115 in
258 3058 394 3114 eumdem
410 3059 618 3130 inquireretur,
636 3057 795 3128 prohibuit.
823 3057 905 3113 Usus
921 3074 955 3113 ea
971 3058 1129 3113 occasione
1145 3058 1279 3112 Novatus
1306 3057 1429 3112 Romam
1442 3056 1594 3128 protegit,
1619 3074 1713 3131 eoque
1728 3077 1795 3117 cum

76 3150 114 3204 aab
127 3151 195 3204 anni
209 3147 260 3202 itt
279 3147 392 3203 initium
406 3147 549 3216 venisset,
567 3148 679 3202 clerum
694 3163 729 3201 ac
743 3146 884 3219 populum
899 3146 941 3201 ihi
958 3144 1079 3202 offendit
1100 3146 1136 3200 do
1151 3143 1328 3200 sufficiendo
1354 3144 1492 3214 pontifice
1508 3144 1538 3199 in
1559 3145 1657 3200 locum
1673 3147 1795 3205 Fabiani

10 3302 12 3311 Ι
76 3253 114 3294 aon
127 3239 242 3310 pridem
258 3237 398 3307 martyrio
412 3234 509 3291 allecti
525 3235 749 3291 dissentientes.

98 3327 190 3383 llirisa
206 3327 409 3382 Romanorum
425 3325 521 3379 studia
535 3325 594 3380 duo
608 3325 785 3396 presbyterii
801 3326 831 3380 in
847 3341 880 3380 se
896 3325 1112 3391 converterant,
1130 3321 1285 3376 Cornelius
1300 3322 1328 3376 et
1344 3319 1536 3376 Novatianus.
1555 3321 1610 3377 Hic
1634 3323 1796 3382 stoicorum

75 3415 301 3488 nlosopborum
316 3415 389 3469 scita
404 3413 606 3485 profitebatur,
623 3415 711 3468 homo
735 3415 872 3469 acerrimi
886 3413 1008 3485 ingenii,
1025 3411 1108 3466 multi
1127 3410 1209 3482 jugae
1225 3410 1378 3481 doctrinae,
1396 3426 1450 3465 nec
1467 3410 1612 3466 facundiae
1635 3412 1790 3485 vulgaris:

74 3519 154 3561 aarum
168 3503 462 3577 praeterquamquod
478 3501 656 3557 exorcismis
672 3501 829 3573 subjectus
844 3503 950 3570 fuerat,
966 3516 1034 3555 eum
1048 3500 1163 3555 inlecto
1178 3502 1299 3570 propter
1313 3499 1470 3554 adversam
1484 3500 1683 3556 valetudinem
1698 3502 1797 3575 bapti·

76 3599 148 3649 ntum
162 3609 251 3648 sacra
266 3591 404 3646 unctione
419 3590 580 3661 episcopus
596 3606 655 3645 non
669 3591 908 3662 consignaverat.
926 3590 1079 3662 Neglectis
1095 3592 1192 3643 tamen
1202 3589 1286 3643 hisce
1296 3588 1473 3658 defectibus,
1485 3589 1584 3660 ipsum
1594 3589 1672 3645 idem
1685 3592 1795 3662 praesul

77 3679 166 3738 honore
180 3679 360 3738 sacerdotali
376 3680 515 3752 dignatus
531 3682 596 3747 est;
613 3679 690 3734 unde
705 3680 733 3734 in
748 3680 855 3734 animis
871 3678 970 3750 populi
996 3677 1073 3732 haud
1090 3693 1210 3747 parvam
1225 3677 1364 3730 excitavit
1387 3675 1591 3732 offensionem.
1614 3678 1712 3750 ltaque
1729 3696 1796 3736 oum

10 3808 13 3815 .
75 3768 268 3842 upontificem
285 3768 368 3839 plura
381 3767 567 3839 justioraque
583 3766 725 3839 suffragia
739 3766 910 3822 Cornelium
926 3766 1108 3835 retulissent,
1126 3766 1221 3821 virum
1237 3766 1354 3820 eximiae
1369 3766 1496 3836 virtutis,
1514 3770 1601 3839 atqua
1621 3769 1651 3823 in
1667 3769 1796 3843 singulis

10 3918 12 3931 ,
76 3856 199 3916 Ecclesiae
214 3856 361 3930 gradibus
376 3857 578 3925 exercitatum,
594 3856 778 3911 Novatianus
793 3856 922 3927 repulsae
938 3856 1093 3925 impatiens
1118 3854 1293 3910 electionem
1308 3855 1385 3909 illam
1409 3858 1542 3911 evertere
1566 3871 1669 3911 secum
1684 3860 1795 3915 statuit.

10 3984 14 3995 .
75 3944 118 4004 flac
141 3949 293 4018 inceptum
309 3949 339 4000 ut
363 3944 527 4016 perficeret,
555 3945 702 3999 famosum
723 3944 856 3999 libellum
880 3943 1003 4015 scripsit
1018 3944 1047 3997 in
1071 3943 1257 3998 Cornelium:
1280 3959 1314 3997 ac
1339 3943 1466 4015 denique
1483 3944 1699 4002 ordinationem
1723 3948 1792 4019 ejus

75 4033 164 4095 dcirco
178 4035 344 4109 legitimam
358 4048 427 4090 esse
443 4034 572 4106 negavit,
589 4032 669 4106 quod
683 4048 736 4090 eos
750 4032 937 4090 Christianos
952 4033 1003 4105 qui
1018 4032 1154 4088 sevienti
1167 4032 1375 4103 persecutione
1390 4032 1475 4088 thura
1490 4033 1578 4089 idolis
1594 4034 1794 4108 adoleverant,

73 4140 140 4183 rana
154 4124 364 4182 communione
383 4139 443 4179 non
458 4124 604 4194 rejiceret.
630 4123 754 4178 Pellexit
769 4125 799 4177 in
824 4124 982 4178 factionem
996 4138 1082 4176 suam
1098 4138 1156 4176 non
1180 4138 1292 4191 paucos
1308 4137 1324 4177 e
1340 4122 1467 4193 populo:
1485 4122 1585 4194 tquam
1608 4126 1797 4181 occasionem

74 4213 187 4272 bovatas
202 4214 296 4270 rebus
312 4213 377 4268 suis
388 4216 581 4285 opportunam
597 4216 688 4282 ratus,
702 4213 865 4268 Novatiauo
880 4229 914 4267 se
931 4212 1114 4282 mancipavit.
1132 4211 1225 4282 lgitur
1239 4214 1270 4266 ut
1285 4227 1339 4281 pre
1354 4211 1431 4266 virili
1445 4216 1634 4282 promoveret
1657 4212 1796 4283 ejusdem

72 4309 162 4373 partes,
179 4304 207 4358 id
223 4301 342 4358 technis
357 4302 423 4357 suis
438 4305 485 4356 est
499 4305 689 4368 consecutus,
708 4305 738 4355 ut
752 4301 802 4355 ille
819 4317 836 4354 a
861 4301 957 4354 tribus
973 4301 1135 4370 episcopis,
1161 4316 1237 4370 quos
1255 4300 1345 4355 rudes
1370 4304 1398 4354 et
1414 4300 1566 4370 simplices
1591 4300 1627 4356 ab
1643 4301 1752 4374 exigua
1768 4304 1797 4357 et

72 4394 202 4448 citissima
218 4391 310 4446 ltaliae
323 4393 406 4462 parte
421 4390 457 4444 ad
480 4390 537 4445 hoc
552 4389 713 4459 exciverat,
735 4389 922 4444 ordinaretur
942 4388 973 4442 in
997 4388 1184 4458 pontificem3
1200 4388 1278 4442 unde
1303 4391 1363 4442 tum
1378 4389 1505 4459 primum
1529 4390 1674 4460 antipapae
1689 4403 1797 4444 nomen

69 4482 246 4538 acoaetituta
261 4479 373 4535 Christi
390 4478 533 4550 religione
547 4478 730 4549 incognitum
741 4477 835 4532 audiri
847 4478 944 4548 coepit.
956 4476 1175 4532 Ordinationem
1192 4493 1276 4531 suam
1292 4477 1368 4530 datis
1383 4477 1488 4531 litteris
1504 4476 1666 4548 missisque
1689 4477 1796 4550 legatis

69 4571 204 4626 ficiem
219 4572 308 4640 atqua
322 4566 461 4622 Orientali
477 4566 620 4621 Ecclesiae
636 4566 834 4638 significavit:
850 4566 904 4621 sed
919 4581 953 4621 ea
967 4566 1076 4636 ubique
1091 4566 1242 4635 repudiata
1259 4569 1313 4620 cst.

96 4659 211 4715 iuterim
220 4653 683 4719 ntinvidiamCornelioconflare
693 4656 840 4726 pergeret,
856 4669 890 4708 uc
901 4649 959 4709 sibi
971 4655 1172 4709 auctoritatam
1188 4654 1315 4725 quodam
1329 4653 1494 4724 disciplinae
1511 4653 1578 4707 fuco
1601 4658 1796 4726 compararet,

66 4747 181 4805 docebat
195 4763 231 4802 ea
246 4747 392 4817 potestate
408 4759 509 4799 carere
526 4743 692 4798 Ecclesiam
706 4759 764 4815 qua
781 4743 943 4813 lapsorum,
961 4759 1037 4814 quos
1054 4744 1083 4797 in
1101 4741 1301 4806 LibellaticoS,
1328 4740 1560 4796 Thurifrcotorcs
1580 4749 1610 4798 ct
1624 4745 1795 4815 Apestatas,

10 4900 12 4907 ,
65 4835 292 4911 distinguebant,
307 4832 420 4888 crimen
435 4832 638 4901 dimitteretur,
657 4848 722 4886 cum
738 4835 835 4886 tamen
849 4831 970 4887 eosdem
985 4832 1022 4886 ad
1036 4831 1216 4902 peanitentiae
1224 4846 1312 4901 opera
1330 4829 1531 4886 exhortandos
1543 4847 1612 4887 esse
1628 4833 1799 4906 neutiquam

10 4910 14 4951 ²
64 4931 188 5000 agaret.
208 4924 307 4980 Primo
322 4922 441 4994 quidem
456 4921 506 4976 isti
521 4921 578 4977 hos
602 4921 679 4975 intra
694 4921 768 4976 fines
792 4936 824 4975 se
841 4919 1041 4976 continebant.
1066 4919 1125 4974 Sed
1140 4935 1206 4972 cum
1221 4920 1330 4973 acriter
1351 4923 1587 4989 premerentura
1610 4920 1756 4993 Cypriane
1771 4925 1801 4978 et

63 5015 122 5071 aliis
138 5013 290 5079 Patribus,
306 5010 355 5083 qui
371 5027 431 5066 non
446 5010 511 5065 sina
527 5026 642 5065 summa
658 5009 766 5081 injuria
780 5026 869 5081 quam
884 5009 999 5064 veniam
1015 5007 1212 5063 atrocioribus
1228 5008 1368 5078 peccatis,
1393 5011 1463 5078 puta
1479 5009 1649 5080 homicidio,
1666 5013 1694 5066 et
1714 5009 1800 5066 adul-

62 5106 130 5160 ferio
143 5100 361 5170 concedebant,
378 5099 457 5154 illam
473 5099 548 5154 solis
564 5099 656 5170 lapsis
672 5101 774 5171 negari
791 5099 1050 5166 demonstrabant,
1066 5113 1101 5152 eo
1114 5097 1240 5167 denique
1264 5097 1410 5168 compulsi
1424 5103 1503 5168 sunt,
1521 5101 1551 5153 ut
1566 5103 1686 5170 peccata
1702 5098 1801 5155 omnia

64 5192 275 5249 matendcrent
296 5205 381 5260 aequa
396 5204 466 5244 esse
486 5188 715 5243 irremissibilia.
733 5188 839 5242 Puduit
853 5191 949 5242 tamen
960 5202 1063 5242 eorum
1074 5188 1237 5240 sectatores
1256 5185 1347 5258 hujus
1363 5188 1516 5257 amentiae,
1532 5191 1636 5259 postea
1647 5186 1726 5244 enim
1741 5203 1801 5243 non

62 5280 188 5345 defuere,
206 5280 260 5353 qui
270 5278 347 5333 hanc
361 5277 537 5332 sententiam
553 5277 589 5331 nd
605 5277 669 5332 sola
684 5276 822 5349 graviora
837 5277 960 5331 crimina
975 5275 1141 5330 restrictam
1157 5275 1275 5330 vellent.

94 5371 203 5426 Arrisit
216 5367 356 5440 plurimis
370 5365 540 5421 severitatis
556 5364 605 5419 ille
621 5366 750 5435 species,
765 5365 908 5436 brevique
924 5381 962 5420 ex
975 5365 1024 5420 his
1040 5368 1120 5419 scota
1137 5380 1295 5420 numerosa
1310 5364 1495 5436 coalescens,
1517 5368 1548 5419 ut
1571 5364 1608 5421 ab
1626 5361 1801 5421 orthodoxis

63 5464 306 5541 distingueretur,
323 5463 381 5521 sibi
396 5463 594 5518 vanissimum
615 5462 751 5535 Καθαρῶν,
776 5464 806 5519 id
832 5465 888 5533 est,
912 5463 1089 5518 mundorum
1113 5477 1221 5518 nomen
1242 5463 1401 5534 arrogavit.
1425 5461 1640 5533 Episcoporum
1665 5456 1802 5530 ejusdam

62 5560 148 5613 aecta
162 5553 297 5627 amplum
313 5551 481 5626 catalogum
504 5567 694 5624 magnacum
718 5551 804 5607 laude
819 5552 891 5607 texit
914 5551 1052 5606 Socrates
1077 5550 1140 5618 (lib.
1158 5568 1188 5604 vv
1201 5550 1293 5620 Hice,
1310 5567 1374 5622 cnp.
1391 5548 1446 5622 at).
1467 5549 1617 5604 Describit
1627 5548 1713 5602 etiam
1728 5559 1802 5598 eus-

61 5645 195 5718 mab
217 5641 359 5716 ejusdem
382 5640 607 5713 professoribus
622 5657 675 5712 pro
699 5640 811 5696 Christi
836 5639 986 5696 divinitate
1002 5639 1172 5707 certamina,
1198 5655 1360 5710 eorumque
1383 5642 1442 5692 tam
1467 5636 1576 5691 claram
1589 5635 1623 5690 in
1641 5629 1804 5704 suppliciis

61 5733 258 5793 mnam
267 5730 365 5791 tuisse
375 5729 471 5802 tradit,
482 5732 515 5787 ul
525 5744 559 5786 ea
570 5727 681 5787 inducti
692 5728 749 5802 ipat
758 5729 911 5803 Catholici,
923 5743 1029 5804 preces
1041 5744 1106 5785 cum
1118 5728 1177 5784 iltis
1197 5726 1227 5784 in
1236 5727 1354 5799 templis
1371 5727 1504 5800 ipsorum
1515 5722 1650 5797 optarent
1674 5717 1804 5784 sociare.

62 5816 129 5903 Qu
148 5820 277 5911 qum
296 5818 478 5887 uberante
498 5821 649 5906 suspecta,
676 5819 704 5883 ei
726 5835 744 5881 a
767 5819 913 5899 scriptore
935 5820 969 5883 in
992 5832 1044 5880 aas
1065 5820 1165 5899 partae
1189 5831 1249 5878 nan
1276 5821 1334 5878 tam
1356 5824 1505 5896 propenso
1530 5810 1796 5913 proficiscerentu-J
