3900 6128
123 276 183 348 991
852 280 886 347 S.
902 280 1126 347 tueaosu.

123 498 183 538 non
198 485 256 538 tam
272 483 464 557 subrogatus,
476 500 563 558 qaam
575 484 785 557 superpositus
800 485 956 541 asseritur.
969 463 1007 552 Β,
1018 498 1087 539 esse
1103 471 1284 539 censuimus.
1298 483 1379 539 Adeo
1390 483 1447 556 (40)
1457 484 1523 556 ipso
1538 486 1672 556 tempore

161 572 188 627 3.
206 575 301 645 Atque
318 574 374 629 hoe
402 575 511 630 iactum
533 576 678 648 allegatur
704 576 904 630 consensione
926 575 954 628 et
1015 574 1076 628 rale
1091 573 1248 627 concilium
1273 573 1505 643 declinaverunt,
1527 571 1684 628 Constanti

125 662 250 716 consilio
267 663 396 717 Nectarii
410 664 477 733 (38),
495 664 583 735 cujus
608 664 753 719 ordinatio
769 679 857 735 quem
875 663 957 729 ordi·
1016 664 1154 734 gessisse
1169 662 1325 732 dicuntur3
1341 679 1408 717 nam
1423 678 1489 717 eam
1505 661 1685 734 cognovisse

123 766 191 805 nem
207 751 351 820 babuerit,
377 769 435 806 nou
451 753 596 807 videmus
622 754 755 824 Namque
771 754 801 806 in
828 752 957 806 eoncilia
1015 751 1140 822 partium
1163 751 1284 806 venisse
1308 752 1467 806 blaximum
1483 754 1514 807 ut
1532 766 1654 806 causam
1680 749 1685 805 i

124 854 227 908 nuper,
246 856 311 894 eum
328 841 473 897 Maximus
489 843 650 912 episeopus
675 841 883 895 Alexandrinae
899 841 957 895 Ee·
1015 840 1437 912 age1·etsuam(quodetiamsi
1455 841 1595 896 indictum
1614 854 1685 895 con<

126 927 226 982 clasiae
242 931 478 985 communionem
500 946 619 985 manere
645 945 758 997 secum,
775 929 861 984 lectis
877 929 957 983 Petri
1015 927 1132 996 suisset,
1154 928 1222 1001 jure
1252 932 1279 983 et
1303 945 1385 984 more
1409 929 1566 1001 majorum,
1593 929 1675 985 sieut

123 1018 235 1073 sanctae
250 1019 400 1075 memoriae
417 1020 471 1074 viri
486 1020 602 1075 litteris.
615 1019 813 1090 prodidissetq
830 1017 957 1090 ejusque
1014 1019 1164 1072 memoriae
1180 1018 1372 1088 Athanasius,
1389 1021 1417 1072 et
1441 1018 1550 1083 dudum
1573 1018 1685 1073 Petrus

123 1104 198 1159 intra
215 1108 344 1176 privatas
359 1108 450 1178 aedes,
467 1109 535 1180 quia
550 1108 649 1163 Ariani
662 1107 805 1163 Ecclesiae
815 1107 956 1162 basilicas

123 1193 219 1248 adhue
234 1196 381 1266 tenebant,
394 1199 542 1252 secretum
552 1213 632 1266 esse,
643 1197 865 1251 mandatoribus
877 1197 957 1266 epis-

120 1284 204 1352 copis
220 1284 423 1340 ordinantibus
439 1286 508 1355 (39),
524 1286 653 1340 dilucida
678 1285 883 1340 testificatione
899 1284 955 1339 do-

125 1371 248 1442 cuisset,
273 1373 346 1428 nihil
377 1374 545 1444 habuimuS,
576 1375 748 1430 beatissime
777 1374 954 1445 principum,

122 1459 152 1515 in
163 1476 221 1532 quo
233 1463 269 1516 de
280 1463 453 1534 episcopatu
461 1462 528 1534 ejus
538 1463 672 1519 dubitare
689 1478 869 1535 possumus3
887 1478 952 1517 cum

122 1549 183 1603 vim
199 1550 257 1605 sibi
279 1552 456 1624 repugnanti
482 1568 499 1607 a
514 1553 664 1625 plerisque
692 1552 779 1608 etiam
795 1552 831 1606 de
845 1551 953 1622 populo

123 1639 151 1692 et
167 1638 246 1694 clero
261 1642 386 1696 testatus
401 1644 484 1695 esset
499 1641 617 1695 illatam.

134 1726 184 1781 t.
210 1727 319 1783 Tamen
343 1745 390 1798 ne,
411 1729 584 1784 absentibus
608 1730 752 1799 partibus,
774 1731 954 1800 praesumpte

1014 1105 1107 1161 driaae
1123 1106 1267 1162 Ecclesia
1291 1107 1434 1177 episcopi,
1452 1110 1480 1161 et
1504 1106 1685 1163 Orientaliua

1014 1193 1147 1249 fecerunt
1163 1196 1241 1251 atad
1258 1195 1401 1250 Ecclesiae
1418 1196 1568 1265 Romanae,
1594 1195 1685 1251 ltaliae

1013 1281 1182 1339 Occidentis
1197 1284 1372 1356 confugisse
1397 1283 1543 1356 judicium
1558 1283 1685 1341 viderea

1014 1387 1091 1441 eum,
1106 1373 1184 1428 sieut
1199 1373 1339 1443 diximus,
1366 1373 1496 1443 experiri
1517 1373 1594 1428 velle
1616 1374 1685 1428 cdvi

1012 1462 1063 1532 qui
1092 1463 1294 1531 episcopatum
1322 1461 1579 1532 ejusabnaeraat,
1608 1476 1685 1534 canu

1011 1550 1177 1619 praestolari
1193 1550 1293 1621 utique
1309 1551 1396 1604 ctiam
1420 1553 1552 1605 nostram
1566 1565 1685 1620 supera

1011 1639 1260 1693 tiamdebuerant.
1273 1639 1339 1693 Non
1348 1641 1574 1711 praerogativam
1584 1639 1685 1696 vindic

1011 1728 1110 1797 minis,
1122 1729 1176 1782 sed
1197 1728 1379 1783 consortium
1398 1731 1494 1782 tamen
1509 1728 1611 1783 debuit
1627 1743 1685 1785 ess

122 1815 232 1887 aliquid
247 1816 389 1871 delinisse
405 1818 583 1887 videremur,
601 1819 785 1873 clementiam
800 1821 888 1888 tuam,
905 1818 954 1871 da·
969 1839 997 1904 B
1011 1818 1058 1871 nis
1073 1817 1197 1872 arbitrii.

121 1903 161 1958 tis
187 1904 303 1975 litteris,
320 1907 488 1975 putavimus
517 1907 740 1976 instruendaur;
757 1909 788 1961 ut
803 1907 829 1960 ci
846 1922 954 1961 eonsu-

1045 1907 1071 1959 5.
1082 1907 1235 1961 Postremo
1245 1907 1327 1978 prius
1348 1908 1485 1962 constare
1505 1908 1685 1979 oportuit,a

120 1990 231 2047 leretur
244 2007 282 2047 ex
290 1994 482 2063 usupublicaa
491 1995 573 2064 pacis
585 1998 671 2066 atque
682 1995 848 2050 concordie
862 2012 869 2066 3
886 1997 954 2067 quia
1009 1994 1222 2067 abrogandum,
1239 2012 1326 2066 qaam
1346 1996 1395 2049 alii
1414 1995 1632 2050 eonferendum
1648 2011 1685 2051 sa

120 2094 224 2135 revera
247 2081 473 2136 advertebamus
495 2083 672 2156 Gregorium
696 2100 882 2156 nequaquam
898 2100 952 2139 se·
1009 2083 1178 2153 videretur3
1196 2084 1232 2138 ab
1248 2085 1295 2138 his
1306 2086 1510 2155 praesertima
1525 2085 1685 2154 quibussa

121 2169 249 2224 eundum
263 2171 449 2225 traditionem
467 2175 592 2242 patrum,
618 2172 949 2244 Constantinopolitanae
1010 2174 1058 2228 vel
1074 2173 1253 2239 destitutum,
1270 2173 1316 2228 vel
1332 2174 1492 2244 appetitum
1511 2173 1624 2246 injuria
1653 2190 1685 2246 qt

120 2256 951 2335 Ecclesiaesibisacerdot-iumvindicare.Nosigituriu
1008 2262 1107 2332 ltaque
1133 2277 1199 2316 cum
1229 2262 1388 2316 Maximum
1416 2262 1591 2333 episcopum
1623 2277 1685 2319 raca

119 2347 234 2417 synodo
249 2363 292 2417 aa,
310 2364 375 2420 quae
392 2351 482 2404 totius
506 2350 588 2405 orbis
601 2341 674 2404 816
692 2351 842 2421 episcopis
866 2352 950 2406 vide·
1007 2350 1244 2406 communionem
1273 2352 1376 2405 nostra
1399 2352 1561 2421 consortia,
1579 2350 1685 2422 quonia

117 2434 205 2490 batur
229 2452 297 2492 esse
312 2439 499 2508 praescripta,
524 2438 599 2494 nihil
623 2442 733 2494 temere
763 2441 951 2495 statuendum
1007 2438 1161 2495 catholicis
1177 2439 1308 2493 constitit
1333 2439 1493 2509 episeopus
1518 2439 1685 2495 ordinatam

118 2576 206 2685 quam
217 2560 388 2619 Flavianum
399 2579 406 2618 ε
423 2579 510 2635 quem
522 2567 621 2618 contra
632 2564 782 2634 proprium
791 2563 948 2636 jusjuran-

139 2649 187 2687 um
201 2632 524 2706 ajuniorumfaetione,
544 2635 949 2707 nequi‹.lqaamdisseutiente

117 2702 263 2775 Gregorio
279 2706 399 2760 Nazian.
416 2707 541 2761 electum
564 2709 696 2773 seimus;
720 2706 797 2761 unde
812 2723 871 2761 nou
888 2711 949 2762 tan-

117 2776 179 2828 tum
194 2776 249 2831 hae
274 2777 417 2847 synodica
445 2778 580 2847 epistola,
611 2778 664 2832 sed
679 2780 707 2831 et
731 2777 882 2833 Ambrosii
912 2780 948 2834 nd

117 2846 272 2917 Theophil.
289 2848 472 2918 improbatur
485 2848 565 2903 illius
581 2849 695 2904 electio.

151 2918 207 2988 (38)
223 2918 405 2974 Sozornenus
435 2920 552 2985 lib.vu‚
576 2936 639 2990 cap.
671 2919 714 2988 ll,
744 2919 948 2976 Occidentales

129 2989 275 3079 piscopos
285 2991 408 3045 Paulino
420 2991 658 3060 sempectavisse
669 2991 843 3045 tastilicatus
855 3007 861 3045 :
882 3015 893 3040 a
904 2993 949 3046 Ad

116 3003 132 3043 e

116 3058 288 3116 Flavianum
302 3077 384 3127 vera,
401 3062 505 3133 inquit,
522 3063 621 3118 nullus
636 3062 748 3117 litteras
764 3062 860 3117 dabat.
871 3063 946 3128 Quin

116 3135 144 3186 et
159 3131 320 3188 Diodorum
336 3133 431 3197 Tarsi,
448 3136 477 3189 et
500 3135 641 3188 Acacium
657 3133 806 3188 berrhaeae
829 3135 947 3203 episeo-
981 3135 1239 3200 consecraretur,
1253 3132 1311 3184 vim
1322 3131 1481 3185 adhibitam
1496 3132 1685 3187 asseveravit

114 3219 181 3273 pos,
198 3205 247 3275 qui
262 3205 344 3259 illum
369 3204 586 3275 ordinaverant,
611 3205 641 3258 in
657 3205 768 3259 crimen
790 3206 945 3274 vocabant,
965 3201 1068 3263 Coum
1083 3203 1461 3257 noctullcelcsiamsanctrc
1479 3203 1648 3258 Anastasia
1662 3218 1685 3257 or

115 3276 190 3329 etah
202 3291 304 3330 eorum
323 3276 528 3331 communione
547 3276 745 3331 abstinebant.
760 3298 771 3324 a
789 3275 845 3330 Ubi
862 3277 946 3331 vides

116 3345 226 3400 nullam
238 3346 368 3401 Nectarii
379 3348 442 3402 lieri
463 3348 640 3403 uacationem
654 3362 660 3402 :
676 3347 730 3401 sed
745 3362 812 3402 cam
827 3347 946 3402 ordina-

113 3416 204 3471 tionis
215 3415 345 3471 Flaviani
357 3423 506 3473 auctorem
524 3419 620 3473 fuisse
632 3418 781 3473 torsitane
799 3419 946 3473 communi

114 3503 232 3543 rumore
243 3493 397 3559 acceperat
408 3490 552 3560 synodus.
568 3489 650 3554 Quod
662 3492 759 3544 auteur
774 3489 810 3543 ad
826 3491 945 3545 ordina-

112 3559 223 3615 tionem
234 3560 329 3630 ipsius
342 3561 482 3630 Nectarii,
494 3578 560 3632 quae
576 3560 623 3615 hie
632 3559 842 3633 perstringitur
853 3561 947 3616 scian-

114 3631 182 3685 dum
199 3635 244 3686 est
259 3647 326 3687 eum
340 3633 370 3686 in
393 3631 745 3702 Constantinopolitanam
770 3631 872 3686 sedem
889 3631 945 3685 im-

112 3703 242 3769 positum
268 3703 373 3770 luisse,
400 3706 557 3774 postquam
572 3719 605 3758 oa
626 3719 660 3758 se
685 3702 761 3758 ultra
775 3702 946 3757 abdicasset

112 3772 326 3827 Nazianzenus.
343 3774 415 3837 Quae
438 3775 557 3844 quidam
579 3775 735 3842 abdicatio,
763 3788 878 3829 necnon
894 3790 944 3828 se·

113 3846 178 3896 autu
194 3844 324 3898 Nectarii
344 3845 498 3913 institutio,
526 3862 583 3916 qua
601 3845 713 3900 ratione
730 3847 856 3914 peractae
873 3846 941 3913 siut,

111 3913 238 3984 explicat
254 3914 391 3968 Socrates
406 3916 460 3970 lih.
477 3933 505 3981 v,
523 3932 587 3986 cap.
602 3915 629 3981 8,
651 3919 679 3970 at
693 3919 875 3970 Sozoiueuus
891 3917 941 3969 lib.

111 4001 162 4050 vu,
180 4000 243 4054 cup.
260 3985 296 4052 83
312 3985 380 4039 lieet
395 3986 443 4039 hie
458 3986 578 4041 ultimus
596 3987 709 4040 remita
726 3990 835 4052 narret,
853 3990 882 4040 ut
898 3989 943 4040 vi-

111 4054 215 4109 deatur
228 4070 331 4124 parum
355 4056 512 4110 admodum
536 4056 719 4111 verisimilis.
736 4056 942 4112 Thearlorotus

109 4124 162 4180 lib.
179 4141 207 4194 v,
226 4142 288 4195 eap.
302 4126 329 4196 9,
347 4127 519 4195 synodicam
534 4128 649 4182 concilii
671 4128 942 4198 Constantinopoli-

109 4196 170 4252 tani
186 4196 341 4267 epistolam
356 4197 455 4263 refert,
476 4214 533 4269 qua
549 4199 720 4253 Nectarium
735 4214 851 4253 summo
871 4200 943 4254 cleri

110 4283 262 4322 consensu
273 4284 307 4322 ae
324 4268 431 4338 plausu
448 4270 601 4324 civitatisa
617 4286 654 4324 sc·
666 4269 830 4324 ordinatam
846 4271 942 4340 signi-

109 4339 195 4395 fieat:
214 4341 267 4394 sed
293 4356 360 4411 quaa
376 4339 631 4411 Constantinopoli
651 4344 714 4394 aeta
738 4339 863 4405 fueraut,
881 4342 943 4395 ior·

107 4411 329 4465 tassenondum
345 4415 542 4482 pervenerant
555 4413 584 4466 in
606 4411 805 4482 cognitionem
822 4413 942 4466 lautino-

108 4497 194 4552 rum3
211 4497 306 4554 neque
321 4483 369 4536 his
384 4483 457 4537 satis
482 4488 671 4553 perspectum
695 4486 758 4537 erat
777 4482 892 4537 vafrum
907 4499 941 4537 ae

109 4553 267 4608 subdolum
284 4554 403 4607 Maximi
418 4555 579 4625 ingenium,
598 4558 628 4608 ut
642 4570 659 4607 a
674 4553 836 4608 mendaciis
851 4558 880 4608 et
894 4554 941 4608 in·
953 4558 981 4620 D
995 4551 1054 4605 lam
1068 4567 1159 4621 super
1186 4567 1220 4606 ea
1235 4567 1267 4605 re
1291 4552 1327 4605 ad
1358 4551 1438 4606 Theo

107 4625 249 4695 valueris,
265 4625 374 4696 quibus
393 4626 587 4682 ordinationis
610 4641 673 4680 suae
688 4625 759 4678 vitia
771 4627 873 4697 tegere
890 4642 940 4680 sa-

107 4695 235 4765 tagebat,
253 4711 358 4751 cavere
374 4701 507 4766 possent.

144 4765 202 4835 (39)
226 4766 364 4821 Valesius
378 4768 533 4823 Observat.
558 4768 588 4822 in
609 4768 659 4823 lib.
677 4784 717 4822 vu
741 4767 857 4823 Sozam.
875 4783 938 4836 cap.

109 4834 136 4905 9,
152 4836 237 4891 docet
251 4836 420 4909 legendum,
453 4856 515 4894 «se
545 4843 674 4894 creatum
698 4854 768 4894 esse
791 4839 938 4904 mandata,

108 4906 203 4960 trihus
228 4910 378 4978 episcopis
401 4910 647 4965 ordinantibus»
675 4910 804 4982 Egregia
819 4909 939 4980 quidem

109 4978 283 5044 emendatio,
314 4980 382 5034 licet
398 4982 427 5035 in
455 4985 567 5036 textum
592 4982 657 5036 siue
684 4997 759 5036 mss.
776 4981 938 5055 patrocinio

109 5062 169 5103 non
184 5049 371 5105 admittenda.
385 5053 478 5107 Porro
493 5069 560 5106 eum
576 5053 612 5107 de
627 5053 754 5107 Maximo
769 5051 844 5106 talea
859 5051 939 5105 veris

111 5120 222 5174 intexta
236 5120 284 5174 hic
311 5122 487 5190 reserantur,
504 5128 535 5178 ut
550 5123 586 5179 ab
615 5124 743 5179 invicem
757 5122 874 5178 taeilius
890 5138 940 5176 se-

108 5191 189 5246 cerni
205 5195 321 5263 queant,
339 5194 425 5263 paulo
448 5195 536 5249 altius
562 5196 719 5265 repetenda
736 5195 863 5249 narratio
880 5197 936 5247 est.

53 5292 57 5299 ·
108 5262 138 5318 ls
153 5265 246 5333 patria
261 5263 559 5336 sallustianorum,
585 5267 635 5338 qui
660 5267 831 5337 cynicorum
845 5264 940 5334 philo·

108 5334 271 5405 sophorum
287 5336 496 5406 impudentiam
516 5353 583 5391 cum
597 5337 775 5392 Christianis
797 5337 940 5390 institutis

108 5423 276 5479 aggressus
291 5409 417 5477 sociare,
435 5408 532 5462 varias
562 5407 663 5474 arbes,
687 5409 764 5463 uude
793 5408 941 5479 quampri-

110 5494 189 5532 mum
201 5479 238 5532 oh
250 5494 365 5531 morum
376 5478 590 5546 improbitatem
601 5476 785 5546 ejiciebatur,
801 5494 940 5548 peragra-

108 5551 159 5604 vit.
184 5548 315 5603 'laudem
337 5565 403 5602 rum
424 5548 557 5602 venisset
572 5549 865 5619 Constantinopolim,
883 5552 940 5604 tom

106 5619 310 5674 fraudulenter
342 5619 372 5672 in
406 5619 532 5672 animam
569 5618 707 5689 Gregorii
739 5621 873 5689 eiseopi
906 5636 938 5674 so

108 5690 279 5757 insinuavit,
303 5692 334 5743 ut
349 5689 385 5743 ab
408 5703 443 5743 co
468 5688 586 5758 publiea
608 5690 738 5745 erutione
757 5637 937 5746 inadoratur.

107 5757 216 5813 Verum
231 5760 315 5814 brevi
329 5762 398 5830 post
413 5761 443 5815 ia
458 5760 555 5830 ipsum
571 5759 749 5832 Gregorium
764 5760 937 5834 insurgens,

1006 2566 1117 2619 tantum
1132 2563 1229 2618 salitis
1245 2564 1309 2618 suis
1333 2564 1447 2617 artibus
1462 2564 1623 2633 promovit,
1645 2566 1678 2619 ot

1006 2651 1021 2689 a
1038 2636 1147 2706 quibus
1165 2651 1301 2689 manuum
1318 2635 1685 2704 impositionemaccipera

1007 2707 1193 2761 Alexandriae
1206 2707 1346 2775 episcopo
1358 2707 1552 2760 initiarentur.
1568 2705 1685 2761 Ordinat

1004 2778 1091 2832 domo
1116 2777 1266 2831 choraulae
1296 2776 1463 2848 eujusdam,
1494 2792 1553 2831 nan
1578 2780 1685 2848 propte

1003 2848 1138 2903 basilicae
1153 2848 1189 2900 ab
1207 2847 1325 2901 Arianis
1349 2851 1576 2916 occuparentur,
1603 2851 1636 2903 ut
1659 2864 1685 2903 m

1003 2920 1153 2989 persuasit
1178 2918 1291 2972 latinis
1319 2919 1522 2987 praesulihus3
1552 2919 1608 2974 scd
1637 2932 1676 2975 na

1004 2991 1217 3045 ordinationem
1241 2989 1337 3059 ipsius
1360 2990 1561 3058 prohiberent.
1588 2990 1666 3045 Hine

1003 3062 1082 3115 aliud
1112 3060 1248 3132 ejusdem
1275 3061 1546 3131 mendaciumque
1577 3062 1685 3116 scilicet

1001 3275 1070 3329 inde
1085 3290 1102 3327 a
1127 3275 1206 3328 clerc
1222 3277 1250 3327 et
1274 3273 1382 3343 populo
1399 3274 1543 3344 expulsus
1559 3277 1616 3329 est:
1642 3274 1683 3329 lta

1002 3344 1222 3414 stautinopolim
1232 3345 1371 3399 deserere
1383 3349 1515 3411 coactae,
1533 3344 1685 3401 Thessalo:

1000 3417 1043 3470 nit
1057 3417 1093 3469 ad
1109 3415 1327 3469 Theodosium:
1352 3431 1367 3468 a
1383 3431 1440 3485 qua
1465 3432 1533 3469 cum
1559 3415 1685 3487 rejectae

1001 3488 1210 3541 Alexandriam
1236 3502 1269 3540 se
1295 3487 1425 3554 eontulit,
1443 3486 1493 3540 ubi
1519 3485 1588 3558 ejus
1604 3489 1685 3559 impu

1000 3559 1144 3628 pervenit,
1156 3560 1188 3611 ut.
1197 3559 1284 3610 etiarn
1294 3558 1381 3611 Petro
1393 3572 1425 3611 se
1436 3557 1610 3611 invasurum
1624 3558 1683 3629 ipsi

1000 3630 1150 3682 minitatus
1162 3629 1215 3697 sit3
1235 3628 1382 3682 nisiahco
1402 3629 1610 3683 restitueretur
1628 3628 1685 3685 in(

1000 3700 1208 3769 napolitauam.
1223 3698 1531 3753 Veruurindae'ectus
1547 3716 1564 3752 a
1580 3699 1685 3769 praefat

999 3771 1050 3841 pti,
1081 3771 1226 3840 tantisper
1240 3770 1369 3839 quictem
1399 3717 1639 3826 celerandae-tus
1666 3786 1683 3827 a

1000 3842 1159 3896 concilium
1187 3843 1217 3895 in
1244 3841 1324 3895 ltalia
1353 3840 1493 3895 indictum
1523 3857 1595 3896 esse
1624 3857 1685 3915 cog.

999 3913 1081 3967 Tune
1097 3913 1188 3983 igitur
1211 3913 1290 3966 venit
1305 3912 1340 3965 ad
1356 3913 1515 3967 concilium
1540 3913 1633 3983 (quod
1658 3928 1685 3969 ea

999 3985 1063 4038 sius
1093 3983 1205 4037 litteras
1234 3985 1346 4036 tantum
1376 3983 1413 4036 ab
1443 3999 1477 4038 eo
1507 3984 1620 4038 missas
1645 3998 1685 4039 ex

998 4056 1098 4108 minus
1107 4070 1173 4110 cum
1185 4054 1277 4123 liujus
1288 4053 1422 4123 epistolae
1439 4055 1541 4108 verbis
1556 4056 1676 4111 videtur

999 4127 1192 4196 1·e),cumque
1207 4126 1286 4179 l'ctri
1302 4125 1504 4192 Alexandrini,
1523 4126 1614 4197 eujus
1633 4141 1685 4181 ma

998 4196 1075 4267 apud
1092 4197 1213 4250 Latinos
1229 4196 1400 4263 auetoritaS,
1427 4212 1528 4250 seeum
1545 4196 1685 4253 littcrnsa

997 4283 1014 4321 a
1045 4267 1182 4322 Patribus
1211 4267 1362 4320 admissus
1391 4270 1437 4320 est
1461 4267 1492 4320 in
1516 4268 1685 4325 communio

997 4342 1094 4392 tornea
1109 4354 1156 4403 ne,
1186 4342 1268 4407 parte
1292 4338 1424 4391 inaudita
1448 4337 1550 4406 altera,
1567 4339 1640 4410 qnid
1660 4340 1685 4395 at

997 4408 1125 4479 hujusce
1140 4409 1311 4479 impostoris
1329 4408 1484 4463 historiam
1509 4425 1578 4463 eum
1594 4410 1685 4467 Dama

995 4481 1062 4534 aliis
1072 4481 1164 4550 probo
1185 4480 1333 4552 cognitam
1348 4496 1417 4535 esse
1433 4480 1617 4549 icnorarent,
1629 4481 1685 4537 han

1441 4520 1561 4605 dasium
1584 4552 1685 4608 destin

997 4623 1091 4693 quaeri
1106 4626 1203 4692 petest
1218 4622 1254 4675 ad
1269 4622 1345 4675 hanc
1362 4638 1398 4677 ne
1414 4623 1573 4692 synodum,
1588 4639 1628 4677 aa
1644 4622 1681 4679 ad

995 4709 1057 4748 rern
1079 4693 1208 4764 aliquam
1235 4694 1399 4747 accesserit
1423 4693 1597 4748 Maximus?
1613 4694 1685 4749 Vera

995 4765 1124 4819 similius
1142 4764 1258 4818 videtur
1276 4765 1393 4818 eumad
1409 4764 1495 4818 aliam
1509 4765 1636 4820 venisse
1650 4781 1685 4836 pr

996 4839 1052 4890 tam
1066 4852 1072 4900 ς
1088 4836 1145 4890 hoe
1161 4836 1239 4890 enim
1254 4837 1283 4889 et
1297 4835 1470 4890 adverbium
1496 4857 1506 4884 a
1525 4852 1631 4907 nuper,
1650 4854 1663 4888 a

994 4907 1122 4977 ponitur,
1140 4909 1168 4961 et
1183 4906 1306 4975 epistola
1330 4908 1446 4960 al'etra
1471 4906 1569 4961 adhue
1592 4922 1685 4976 sapen

994 4984 1091 5032 tamen
1106 4979 1165 5032 vita
1180 4978 1299 5031 iunctus
1315 4977 1364 5031 hic
1379 4978 1534 5044 indicatur,
1553 4981 1685 5035 extortae

993 5049 1125 5104 tendant.

1029 5121 1084 5189 (aa)
1096 5119 1234 5174 Lablieus
1244 5119 1366 5173 ascribit
1378 5120 1408 5174 in
1418 5120 1564 5190 margine,
1581 5144 1592 5168 ιτ
1607 5120 1685 5177 Ateo

994 5192 1188 5246 incommode.
1206 5191 1264 5244 Sed
1287 5191 1365 5261 quod
1382 5191 1529 5260 synodum
1552 5206 1685 5248 cecumaa

993 5279 1050 5333 qua
1074 5263 1122 5316 hie
1139 5263 1246 5315 inentia
1269 5262 1309 5329 ht,
1335 5262 1444 5315 indicat
1459 5262 1569 5317 ibidem
1598 5262 1685 5318 camd

993 5349 1080 5403 quam
1096 5334 1131 5386 ab
1149 5333 1306 5387 Ambrosio
1335 5333 1514 5403 prohibitam
1529 5335 1561 5389 in
1584 5334 1685 5390 concili

993 5405 1098 5458 leiensi
1113 5405 1200 5458 toties
1217 5405 1346 5473 objectat
1362 5404 1534 5471 l’alladius3
1558 5405 1616 5460 hoc
1631 5404 1685 5479 quii

992 5477 1101 5529 tautam
1129 5492 1190 5545 pree
1206 5493 1239 5530 se
1265 5476 1321 5529 icrt
1340 5476 1472 5544 spamam
1493 5477 1641 5533 veritatis.
1654 5474 1685 5543 Qt

992 5548 1181 5617 pactoquina
1208 5547 1357 5617 generalis
1376 5549 1503 5602 essetca
1528 5548 1676 5620 synodus,

992 5619 1117 5681 fueraut,
1131 5617 1329 5672 Orientalibus
1340 5618 1419 5689 quod
1430 5617 1541 5673 adeam
1552 5620 1655 5677 vaenire
1666 5616 1685 5677 d

992 5692 1068 5757 sent,
1081 5690 1195 5743 crimini
1207 5690 1330 5744 darent?
1355 5692 1489 5744 Attamen
1501 5689 1541 5745 de
1561 5690 1678 5763 synodo

992 5762 1078 5816 dente
1091 5761 1238 5816 celebrata
1256 5761 1304 5814 hie
1327 5761 1375 5832 agi
1392 5761 1550 5832 sequentia
1567 5761 1685 5832 planata
