3900 6128
107 282 185 349 1³51
524 298 528 331 ³
710 294 713 299 “
827 274 860 340 S.
877 271 1099 348 auessostt.
1393 288 1400 295 ’
1746 277 1836 343 'titt

109 482 271 552 divinitate,
284 479 337 536 sed
348 494 487 552 corpore:
504 493 559 538 nec
574 476 727 536 discretus
744 493 760 532 a
776 479 875 547 Patre,
892 457 990 535 sed,t⁴-
1043 476 1087 532 16.
1104 477 1142 532 At
1162 479 1242 533 certe
1265 477 1352 534 nobis
1369 480 1400 533 tu
1419 478 1505 535 etiam
1526 477 1669 534 moeroris
1685 478 1775 535 iatius
1789 482 1837 536 mi·

111 575 255 642 exceptus
270 571 301 624 ia
315 585 451 625 munere:
470 584 593 624 manens
609 569 638 624 in
654 567 806 624 consortio
817 568 946 638 potesta·
1004 565 1075 620 nais
1091 564 1146 636 (15)
1163 566 1366 622 acerbitatem:
1383 582 1440 622 non
1458 568 1553 624 haheo
1565 569 1647 641 quod
1657 569 1787 634 timeam,
1795 571 1838 641 qui

110 662 160 731 tis,
177 661 356 732 segregatus
372 659 402 713 in
419 659 560 729 mysterio
576 657 739 729 passionis.
1005 655 1143 710 timebam
1159 655 1230 724 tibi3
1256 671 1315 710 non
1334 655 1429 713 habeo
1446 658 1524 728 quod
1545 657 1621 712 mihi
1636 656 1703 727 jarn
1719 658 1836 714 muudus

146 750 190 805 11.
207 749 296 803 Plura
311 747 368 802 loci
383 747 475 819 hujus
492 750 634 801 tractatus
650 746 786 816 exposcit
801 745 868 815 (11),
879 744 946 817 qui·
1005 744 1118 815 eripiat.
1140 744 1204 799 Etsi
1219 749 1322 799 sancta
1338 745 1469 815 supersit
1490 761 1587 816 soror,
1606 746 1781 818 integritate
1795 763 1838 801 ve-

110 840 169 895 bus
184 838 338 910 possimus
354 836 512 892 ostendere
528 835 731 891 auctoritatem
750 834 858 902 Patris,
875 847 946 903 pro·
1005 832 1158 903 nerabilis,
1176 833 1301 904 aequalis
1316 834 1459 904 moribus,
1472 850 1531 890 non
1542 835 1777 906 imparofticiis3
1791 837 1835 891 tibi

109 929 262 1003 prietatem
274 926 350 996 Filii,
362 925 514 979 Trinitatis
526 925 615 979 totius
632 924 786 978 unitatem:
804 922 856 976 sed
873 936 946 976 con·
1005 924 1103 975 tumen
1117 922 1203 977 ambo
1219 922 1286 993 plus
1303 923 1488 993 timebamus,
1505 925 1536 979 in
1552 929 1579 979 te
1596 925 1670 978 vitae
1686 923 1782 995 hujus
1797 924 1838 995 ju·

109 1017 226 1073 solandi
250 1014 339 1070 hodie
365 1014 432 1085 (13),
459 1029 518 1069 non
545 1013 689 1068 tractandi
710 1015 810 1083 partes
828 1010 945 1081 rerepi;
1006 1011 1352 1081 canditatemrepositam
1363 1013 1549 1082 putabamus.
1565 1013 1697 1083 Propter
1709 1015 1738 1067 te
1750 1014 1838 1068 vivere

111 1120 279 1178 quanquam
295 1103 444 1158 abducere
460 1119 476 1157 a
492 1117 618 1157 maerore
638 1101 767 1156 animum
785 1099 947 1155 intentione
1006 1099 1179 1170 delectabat,
1197 1104 1360 1170 propterte
1376 1102 1451 1156 mori
1471 1118 1530 1158 non
1549 1101 1699 1174 pigeba13
1723 1105 1754 1156 te
1774 1104 1838 1157 enin

109 1193 254 1250 tractandi
270 1191 484 1247 consolationis
499 1192 538 1245 sit
557 1207 643 1249 usus.
660 1190 719 1245 Sed
738 1187 947 1259 temperandus
1004 1189 1092 1245 ambo
1103 1188 1567 1260 superstitcmprecahamur,tibi
1578 1206 1640 1246 nos
1652 1191 1837 1263 supervivere

109 1282 293 1354 mihi-magia
308 1295 418 1336 maeror
434 1280 501 1351 (11),
515 1295 603 1349 quam
618 1278 791 1336 alienandus
808 1276 946 1347 allectus:
1005 1293 1064 1335 non
1085 1276 1217 1348 juvabat.
1238 1277 1361 1343 Quando
1382 1296 1441 1335 non
1463 1281 1621 1336 cohorruit
1642 1281 1769 1335 animus
1781 1280 1835 1349 (16),

103 1355 141 1428 111
165 1370 350 1426 mulceantur
378 1369 475 1441 magis
497 1368 646 1423 desideria
670 1383 759 1437 quam
783 1366 946 1439 sopiantur.
1005 1382 1072 1422 cum
1088 1371 1183 1422 metus
1199 1367 1371 1438 huiusmodi
1380 1368 1530 1429 titillaret?
1545 1369 1710 1435 Quomodo
1722 1373 1843 1449 ceaster¹

110 1460 178 1516 Non
192 1459 265 1515 libet
278 1458 356 1515 enim
376 1458 460 1513 abire
479 1473 496 1513 a
517 1456 606 1517 fratre
625 1456 757 1529 longius,
774 1458 802 1519 et
822 1470 948 1525 occupa·
1004 1460 1072 1513 nata
1086 1471 1171 1516 mane
1187 1459 1249 1514 erat
1265 1457 1452 1530 aegritudinis
1466 1461 1525 1514 tuae
1539 1456 1669 1514 nuntiol

109 1549 190 1605 tione
217 1548 362 1617 subduci:
392 1561 460 1604 cum
483 1544 564 1603 velut
583 1543 741 1600 comitandi
761 1542 828 1613 eius
853 1543 948 1615 gratia
1042 1545 1085 1601 11.
1102 1545 1155 1601 Vae
1171 1545 1288 1604 misera
1308 1545 1459 1618 opiniouil
1482 1548 1673 1604 Putabamus
1694 1547 1838 1618 redditura,

107 1638 156 1694 hic
167 1653 266 1692 sermo
277 1639 437 1713 susceptus
452 1634 501 1705 sit,
513 1637 546 1689 ut
556 1633 667 1691 diutius
679 1647 772 1688 sensu
784 1647 948 1707 prosequar
1005 1649 1094 1707 quem
1108 1633 1245 1693 videmus
1259 1634 1400 1705 dilatum:
1416 1636 1475 1693 tuis
1489 1636 1570 1693 enim
1584 1638 1671 1692 rotis
1688 1636 1769 1706 apud
1782 1653 1839 1693 aaa·

108 1726 368 1798 proticiscentem:
387 1725 415 1779 et
430 1737 518 1795 quem
533 1722 629 1778 oculis
644 1725 741 1793 teneo,
759 1725 856 1777 mente
871 1736 949 1776 com·
1005 1727 1085 1779 ctum
1100 1724 1258 1796 martyrem
1273 1724 1464 1784 Laurentium
1478 1725 1676 1797 impetratum
1689 1741 1762 1781 ease
1775 1741 1839 1781 nunc

109 1815 231 1887 plectar.
249 1813 281 1868 ln
302 1812 352 1868 illo
369 1812 448 1867 enim
467 1814 557 1867 totam
576 1809 730 1868 oculorum
745 1810 839 1865 nciam
853 1768 989 1887 figere„B
1006 1812 1218 1884 cognoscimus
1234 1817 1427 1869 commeatum
1450 1813 1517 1885 (11).
1535 1814 1639 1886 Atque
1659 1814 1776 1871 utinam
1791 1830 1837 1870 nan

110 1904 192 1973 libet,
216 1917 283 1958 cum
307 1901 357 1956 illo
377 1900 447 1955 totis
471 1901 637 1958 animorum
656 1898 766 1955 officiis
785 1884 971 1968 immorari*¹
1006 1901 1103 1956 solum
1120 1904 1324 1972 commeatum,
1342 1902 1497 1958 sedetiam
1516 1902 1678 1974 prolixum
1693 1903 1763 1959 vitae
1776 1907 1835 1959 ten·

110 1991 194 2048 illum
222 1993 282 2046 toto
307 1989 518 2045 blanditiarum
541 1988 653 2046 ambire
682 1987 847 2058 obsequio:
877 1987 947 2042 dum
1005 2006 1062 2062 pus
1077 1987 1240 2064 rogassesl
1263 1989 1388 2046 Potuisti
1406 2006 1500 2047 annos
1520 1992 1676 2062 plurimos
1697 1993 1837 2063 impetrare

113 2082 213 2151 stupet
231 2080 360 2149 animus,
382 2092 437 2134 nec
457 2076 603 2132 amissum
622 2076 722 2146 credo,
743 2091 831 2149 quem
851 2075 947 2131 adhuc
1006 2079 1135 2148 vivendi,
1159 2079 1209 2152 qui
1234 2079 1356 2152 potuisti
1379 2085 1575 2137 commeatum
1608 2082 1774 2152 impetrare
1798 2095 1836 2135 ar·

112 2185 201 2226 cerno
217 2170 415 2239 praesentem:
433 2167 739 2236 necmortuumputo,
752 2164 947 2236 cujusadhuc
1007 2169 1105 2224 niencti
1130 2168 1198 2238 (18).
1226 2167 1261 2222 ut
1284 2169 1403 2242 quidem
1426 2171 1488 2242 tibi,
1514 2170 1718 2242 omnipotens
1745 2174 1836 2227 eane

112 2259 210 2315 officia
225 2273 284 2313 nou
300 2255 431 2328 requiro,
444 2254 554 2326 quibus
569 2269 626 2327 ego
643 2256 712 2308 vitae
727 2269 801 2310 mete
816 2270 905 2310 usum
920 2255 949 2310 et
1007 2258 1098 2328 Deus,
1119 2258 1232 2330 gratias
1252 2273 1322 2329 ago,
1339 2259 1418 2328 qnod
1440 2258 1486 2314 vel
1508 2259 1577 2315 haec
1597 2260 1694 2315 nobis
1715 2275 1836 2330 suprema

112 2346 246 2421 spirandi
259 2360 346 2401 omne
362 2359 471 2398 munus
486 2343 668 2399 addixeram.
1009 2347 1115 2402 solatia
1137 2361 1198 2402 non
1220 2348 1348 2419 negasti,
1369 2348 1448 2419 quod
1467 2348 1675 2404 amantissimi
1695 2348 1791 2403 fratris
1808 2363 1836 2404 ex

149 2438 192 2493 15·
213 2435 290 2502 Quid
309 2434 388 2490 enim
411 2432 538 2488 referum
558 2435 646 2487 tantm
669 2431 782 2505 gratiae,
803 2434 883 2487 tanto
902 2429 947 2485 la·
1006 2435 1115 2492 Siculis
1130 2435 1318 2491 Africanisve
1328 2437 1504 2509 regionibus
1514 2440 1698 2510 exoptatum
1706 2437 1835 2493 nobisne-

111 2526 202 2585 hori‘l
225 2525 290 2597 Ego
313 2525 352 2594 te,
377 2522 479 2590 frater,
508 2520 657 2576 haerodem
682 2520 822 2592 feceram,
847 2524 878 2576 tu
900 2533 947 2574 me
1006 2525 1098 2581 ditum
1113 2525 1277 2580 contulisti:
1295 2525 1334 2580 ita
1350 2526 1426 2581 enim
1443 2530 1568 2597 mature,
1582 2531 1751 2600 postquam
1760 2527 1834 2594 venit,

112 2614 263 2672 hoeredam
278 2611 440 2683 reliquisti:
463 2625 521 2683 ego
544 2614 571 2664 te
591 2611 781 2680 superstitem
800 2610 946 2680 optabam,
1006 2617 1126 2685 ereptus
1147 2616 1211 2669 est:
1237 2614 1324 2685 quasi
1346 2618 1466 2684 propter
1487 2614 1545 2670 hoc
1571 2618 1678 2672 solnm
1702 2616 1835 2672 videratur

111 2709 143 2762 tu
167 2719 214 2760 me
237 2701 429 2772 superstitem
450 2698 599 2755 dimisisti.
617 2699 680 2771 Ego
700 2714 753 2771 pro
773 2699 947 2754 muneribus
1005 2719 1075 2759 ease
1089 2704 1211 2772 dirntus,
1227 2706 1257 2757 ut
1271 2703 1308 2757 act
1323 2702 1429 2759 fratres
1442 2704 1564 2759 rediret.

115 2794 186 2862 tuis,
205 2794 236 2847 ut
251 2804 475 2860 compensarem
498 2788 651 2858 beneficia,
676 2793 744 2843 vota
763 2787 946 2845 referebam:
1042 2792 1085 2847 18.
1103 2792 1204 2847 Habeo
1220 2792 1306 2863 plane
1322 2793 1431 2864 pignus
1447 2809 1556 2864 meum,
1574 2793 1660 2866 quod
1682 2795 1760 2851 nulla
1778 2793 1833 2849 mihi

111 2898 191 2940 nunc
206 2884 235 2936 et
249 2883 316 2934 vota
331 2878 455 2949 perdidi,
473 2877 526 2933 sed
543 2881 639 2932 tamen
659 2881 709 2933 tua
728 2876 873 2932 beneficia
888 2892 949 2932 non
1006 2881 1204 2953 peregrinatio
1216 2880 1279 2952 jam
1293 2882 1389 2952 possit
1405 2882 1532 2938 avellere
1546 2899 1552 2938 :
1573 2884 1677 2940 habeo
1689 2900 1763 2956 quas
1773 2899 1832 2937 con

116 2971 214 3029 amisi.
229 2969 305 3036 Quid
319 2982 416 3040 agam,
433 2968 490 3022 mei
512 2982 676 3023 successor
700 2966 854 3023 haeredis?
878 2966 949 3038 quid
1006 2971 1128 3041 plectar,
1144 2970 1304 3041 reliquias:
1326 2970 1420 3026 haheo
1435 2972 1593 3042 tumulum,
1611 2989 1708 3045 quem
1728 2986 1831 3043 corpora

114 3076 212 3135 agam,
228 3074 302 3114 meae
317 3058 386 3113 vitae
401 3058 577 3128 superstas?
591 3056 661 3128 quid
677 3071 763 3128 agam
777 3071 883 3111 exsors
899 3055 950 3111 lau·
968 3062 1123 3149 etagam3
1144 3058 1238 3114 habeo
1252 3058 1432 3131 sepulcrum,
1450 3075 1541 3130 super
1562 3063 1647 3132 quod
1667 3061 1830 3135 jecerunt

107 3151 163 3225 ius
178 3149 258 3223 quod
273 3149 356 3218 capio
372 3146 516 3201 luminis?
531 3161 606 3217 quas
622 3149 733 3218 grates,
745 3161 811 3217 quae
827 3159 948 3200 munera
1009 3147 1320 3204 commendabiliorem
1336 3148 1397 3203 Deo
1411 3148 1543 3204 futurum
1564 3166 1639 3206 esse
1658 3167 1707 3207 rne
1722 3151 1827 3218 credin,

111 3240 242 3298 referam
260 3237 337 3292 tibit
357 3235 437 3291 Nihil
453 3251 470 3290 a
491 3250 538 3291 me
553 3238 661 3305 praeter
680 3234 826 3305 lacrymas
843 3224 965 3289 habess'
1007 3236 1085 3308 quod
1102 3252 1192 3308 supra
1207 3238 1302 3292 sancti
1318 3239 1452 3307 corporis
1469 3254 1540 3294 ossa
1562 3241 1766 3312 requiescam.
1780 3239 1827 3295 Uti·

113 3331 173 3387 Aut
187 3329 315 3385 fortasse
330 3340 457 3381 securus
473 3324 569 3379 meriti
583 3325 635 3394 tui,
652 3339 728 3394 quaa
744 3323 826 3378 solas
841 3338 948 3393 super·
1005 3341 1075 3381 nam
1088 3325 1134 3380 sic
1149 3326 1315 3396 potuissem
1329 3327 1474 3382 adversus
1489 3332 1618 3384 mortem
1635 3346 1757 3402 quoque
1768 3333 1826 3384 tuan

114 3413 949 3485 stiteshabeolacrymas,nonrequi1·is.Nnmetiamcum
1006 3430 1105 3471 meum
1124 3431 1234 3486 corpus
1255 3414 1407 3489 objiceret
1432 3417 1463 3472 Si
1482 3416 1595 3488 gladiis
1615 3421 1732 3489 petitus
1749 3432 1824 3484 essen,

113 3508 211 3565 adhuc
228 3506 357 3575 viveres,
368 3504 440 3558 flere
451 3501 647 3575 prohibebas:
664 3517 881 3574 moeroremque
892 3517 951 3556 ma·
1007 3520 1053 3559 me
1068 3520 1121 3575 pro
1135 3506 1164 3560 te
1178 3506 1277 3576 potius
1292 3505 1494 3579 suffigendum
1505 3506 1686 3564 dedissem:
1704 3509 1825 3565 siexeur

112 3598 162 3672 gie
177 3596 323 3667 nostrum,
335 3607 423 3664 quam
437 3594 517 3647 tuam
532 3593 656 3647 mortem
669 3590 724 3645 tibi
738 3605 808 3646 esse
823 3590 949 3645 testaha·
1006 3595 1065 3648 tem
1079 3593 1244 3665 potuissem
1260 3609 1402 3651 revocare
1416 3594 1557 3666 animam,
1569 3612 1673 3653 meam
1688 3598 1780 3669 potius
1791 3596 1825 3651 ab

116 3688 160 3745 ris
192 3684 296 3741 dolori.
321 3681 482 3740 Prohibent
505 3679 629 3736 ulterius
648 3679 769 3751 prodire
791 3679 947 3752 lacrymae,
1005 3682 1153 3738 tulissem.
1372 3741 1375 3746 ,

116 3766 214 3832 1118
231 3774 377 3842 fletusque
393 3773 543 3825 revocant.
561 3767 702 3823 Prohibet
717 3768 803 3823 etiarn
819 3769 860 3823 tui
876 3784 947 3841 gra·
1043 3769 1087 3827 19.
1104 3770 1185 3827 Nihil
1200 3772 1270 3827 mihi
1281 3771 1391 3845 profuit
1401 3772 1521 3829 ultimos
1530 3773 1680 3832 hausisse
1688 3775 1823 3839 anhelitus,

113 3865 172 3934 tia:
189 3878 225 3918 ne
236 3861 306 3916 dum
317 3858 583 3929 nostradeltamua,
596 3859 631 3913 da
642 3859 702 3913 tuis
713 3857 827 3913 meritis
839 3857 947 3930 despe·
1005 3860 1080 3916 nihil
1094 3860 1193 3919 flattus
1208 3861 1282 3917 iuoa
1293 3861 1459 3933 inspirasse
1467 3862 1525 3934 (19)
1533 3865 1696 3936 morienti;
1711 3865 1825 3938 putatia

114 3967 181 4008 rare
199 3949 361 4005 videamur.
1006 3950 1085 4007 enim
1099 3950 1179 4023 qnod
1192 3954 1243 4006 aut
1257 3954 1337 4006 tuam
1355 3954 1480 4007 mortem
1494 3952 1563 4023 ipse
1578 3955 1778 4026 susciperem,
1790 3952 1825 4007 aut

150 4092 207 4165 (11)
227 4089 381 4145 'tractatus
403 4087 579 4170 quandoque
600 4086 677 4143 idem
697 4090 743 4144 cst
762 4105 796 4144 ac
820 4089 948 4162 simplex
1004 4093 1158 4148 millimum
1175 4091 1204 4148 in
1220 4093 1348 4149 Exhert.
1369 4093 1417 4148 vir
1437 4093 1479 4150 in.
1491 4110 1556 4166 cap.
1574 4095 1604 4165 3,
1622 4113 1707 4153 num.
1725 4096 1766 4152 15.
1775 4093 1825 4159 Oui·

114 4163 281 4236 expositio:
299 4160 347 4215 hic
362 4175 433 4213 vero
449 4159 526 4213 idem
542 4163 637 4229 sonat,
655 4176 688 4214 ac
704 4160 877 4231 disceptatio
893 4177 947 4217 seu
1004 4164 1061 4220 bus
1077 4164 1197 4219 addesis
1213 4165 1300 4229 etiam
1319 4180 1386 4236 quae
1425 4180 1441 4220 e
1461 4166 1656 4225 invocatione
1676 4167 1824 4225 eorumden

112 4235 258 4312 polemico
280 4233 450 4302 disputatio.
475 4229 537 4285 Nec
560 4231 723 4286 absurdum
742 4232 835 4287 videri
859 4233 947 4288 dehet
1005 4239 1175 4292 sanctorum
1189 4236 1241 4291 lib.
1258 4237 1303 4292 Dc
1321 4237 1420 4292 vrduis
1438 4252 1501 4308 cap.
1518 4236 1546 4309 9,
1557 4240 1722 4296 traduntur
1734 4256 1749 4294 a
1761 4240 1825 4294 barto

113 4309 194 4382 quod
216 4305 361 4361 hocloco
387 4302 621 4372 controversiam
647 4303 716 4358 fidei
744 4305 947 4377 perstringere
1005 4308 1135 4364 doctore.

96 4376 284 4450 'neutiquam
299 4375 426 4430 alienum
445 4374 557 4443 putavit
575 4374 764 4431 Ambrosius.
781 4376 845 4430 Hoc
863 4392 946 4431 nam·
1041 4380 1098 4451 (18)
1120 4377 1261 4435 Nonnulli
1281 4394 1355 4434 mss.
1374 4403 1385 4428 ιι
1407 4383 1607 4436 commeatum
1626 4382 1782 4454 impetrare
1792 4380 1824 4434 n-

112 4467 170 4525 que
185 4445 402 4505 attribuendum
417 4447 463 4499 est
483 4444 659 4500 Arianorum
677 4445 866 4517 improbitati,
884 4449 945 4520 qui,
1005 4449 1104 4505 vendi.
1123 4473 1134 4497 ι
1151 4449 1249 4504 Minus
1265 4451 1428 4506 commode.

112 4539 180 4579 cum
190 4518 467 4588 adhucfrequentes
479 4519 582 4571 essent
593 4515 762 4590 Mediolani,
775 4518 881 4573 crebro
896 4534 944 4573 ca·
1042 4521 1099 4591 (19)
1114 4520 1178 4575 Vet.
1195 4520 1263 4575 edit.
1280 4536 1315 4576 ac
1330 4521 1431 4592 plures
1445 4537 1532 4590 mss,
1551 4544 1563 4571 ιι
1586 4524 1680 4580 flatus
1698 4540 1777 4580 meos
1791 4523 1824 4576 in·

111 4595 239 4650 tholicos
254 4588 396 4646 versutiis
411 4588 476 4643 suis
497 4587 695 4659 exagitabant.
955 4592 960 4603 '
1007 4593 1161 4662 spirasse:
1187 4615 1198 4640 ι
1220 4592 1327 4647 melius
1352 4594 1436 4648 llom.
1462 4593 1543 4652 edit..
1569 4609 1642 4650 cum
1667 4597 1737 4652 aliis
1757 4608 1822 4660 msa,

151 4665 207 4736 (13)
228 4660 368 4718 Nonnulli
390 4675 477 4730 mss,
504 4682 515 4708 ι
540 4659 596 4715 sed
618 4660 793 4717 consulendi
814 4660 911 4732 hodie,
935 4682 946 4712 ι
1008 4664 1124 4718 «flatus
1139 4663 1170 4718 in
1186 4678 1220 4718 os
1241 4665 1417 4735 inspirasse.
1441 4685 1452 4715 ι
1473 4664 1505 4719 ln
1530 4664 1613 4721 hunc
1638 4683 1729 4738 porro
1748 4668 1822 4724 locun

115 4739 171 4790 eto.
1006 4736 1145 4790 observat
1161 4733 1296 4789 Nannius
1316 4735 1507 4791 Ambrosium
1528 4735 1577 4790 hic
1600 4737 1755 4795 decertare
1776 4750 1823 4791 eun

151 4803 207 4874 (11)
232 4804 322 4859 Pauci
351 4818 437 4874 mss,
463 4824 474 4850 ιι
503 4801 556 4858 sed
585 4800 776 4875 imperandos
801 4807 848 4860 cst
877 4804 948 4859 mihi
1005 4806 1122 4877 Virgilii
1138 4806 1229 4871 luctu,
1246 4808 1274 4861 et
1292 4807 1321 4859 in
1341 4822 1430 4876 prosa
1452 4809 1518 4878 ipsa
1537 4823 1685 4879 superare
1706 4807 1821 4865 carminis

115 4889 235 4931 maeror.
254 4897 264 4923 ι
1005 4879 1139 4949 gratinm.
1155 4876 1239 4942 Quod
1254 4879 1351 4932 autem
1366 4877 1446 4932 addit
1460 4878 1599 4933 cumdem
1624 4885 1759 4936 sanctum
1781 4891 1822 4932 aaa
1856 4912 1859 4917 -

163 4947 208 5015 15)
229 4946 269 4999 lta
288 4960 362 4999 mas.
383 4959 475 5016 prope
494 4945 531 5000 ad
555 4960 661 5017 unum:
689 4945 758 5003 edit.
780 4961 861 5016 vero,
883 4969 896 4994 ιι
918 4949 950 5002 ut
1005 4951 1140 5003 secutum
1157 4948 1205 5002 hic
1220 4962 1289 5002 esso
1304 4962 1423 5004 errores
1438 4950 1605 5021 gentilium,
1619 4951 1672 5022 qui
1686 4968 1724 5006 ex
1740 4950 1823 5020 rpra-

115 5034 155 5076 nc
177 5018 204 5072 is
219 5016 306 5072 etiam
319 5018 459 5072 moeroris
478 5017 567 5072 istius
583 5018 720 5089 minuas3
742 5040 753 5067 ι
777 5019 874 5090 Rom,
890 5019 949 5073 mi-
1027 5020 1108 5074 orica
1122 5018 1373 5090 metempsychosi
1388 5021 1542 5075 morientis
1557 5022 1688 5076 animam
1704 5026 1822 5091 excepta·

117 5089 219 5146 nuisti.
1005 5035 1075 5145 gant
1086 5090 1178 5145 hianti
1189 5106 1249 5158 ore,
1262 5091 1347 5162 quasi
1363 5091 1430 5161 eius
1449 5091 1556 5174 spiritu
1571 5094 1701 5173 posthac
1719 5091 1820 5148 victuri:

151 5161 208 5246 (16)
224 5158 298 5213 Mes.
313 5156 392 5212 haud
407 5159 525 5229 pauci,a
544 5175 602 5215 non
614 5160 774 5216 coarctavit
784 5160 916 5227 animus:
934 5183 945 5209 ιι
1005 5161 1078 5217 nihil
1094 5177 1167 5217 sane
1182 5162 1284 5217 verius
1303 5161 1353 5216 illa
1373 5162 1480 5216 Nannir
1501 5163 1654 5234 opimone,
1678 5180 1744 5219 cunr
1766 5163 1820 5216 alias

115 5233 165 5298 alia
188 5232 309 5306 aliquot,
332 5251 343 5276 ι
369 5243 429 5283 non
452 5232 563 5284 corruit
586 5233 720 5303 animus:
744 5256 754 5280 ιι
781 5233 948 5305 elegantius
1006 5249 1114 5288 causas
1138 5233 1317 5288 Arubrosius
1345 5233 1503 5288 confestim
1531 5235 1651 5290 subdat.
1678 5234 1819 5308 virgiliana

117 5304 217 5362 aaran
233 5318 268 5358 ac
284 5301 352 5357 edit.
369 5303 400 5353 ut
416 5301 446 5352 in
461 5303 552 5354 textu.
1005 5320 1077 5360 vero
1092 5305 1223 5359 carmina
1239 5319 1305 5376 quaa
1319 5303 1368 5360 ille
1384 5302 1483 5376 refert,
1497 5307 1655 5377 sequentia
1665 5311 1734 5362 sunt
1748 5303 1818 5360 attii.

152 5377 209 5448 (11)
223 5374 315 5440 Quam
330 5371 469 5442 antiquus
484 5384 518 5424 ac
534 5370 675 5442 frequens
695 5375 725 5429 in
744 5373 878 5430 Ecclesia
894 5391 949 5430 vo·
1005 5393 1035 5431 iv
1050 5376 1176 5431 AEneid.

115 5453 296 5505 torumusus
307 5444 442 5512 exsistat,
455 5443 484 5496 et
499 5455 586 5512 quam
602 5445 709 5497 efficax
723 5448 781 5499 tam
797 5447 949 5517 depellen·
1326 5500 1332 5511 ,
1384 5500 1390 5512 ,
1561 5502 1567 5514 ,

115 5521 163 5576 ais
182 5516 334 5590 penaeas,
351 5528 440 5586 quam
460 5512 614 5567 benencas
634 5530 649 5567 a
673 5515 733 5569 neo
756 5516 949 5588 imperandis
1114 5502 1147 5551 n
1159 5507 1292 5551 ⁰¹⁸r0m¹¹⁸
1308 5515 1332 5551 ⁸¹
1346 5514 1407 5563 tur
1422 5500 1616 5564 maeonius
1629 5506 1706 5564 0³²¹»

116 5592 287 5648 sanctornm
301 5583 507 5659 patrocinium,
523 5581 777 5655 locupletissimus
796 5589 881 5644 testis
902 5593 949 5647 ast
1069 5564 1118 5614 ΟΝ
1131 5564 1226 5630 ¹⁶⁸⁸m·

115 5659 304 5735 Ambrosius.
325 5657 434 5748 denter
452 5671 520 5715 oum
539 5654 595 5716 troc
615 5655 680 5716 loco
693 5656 782 5716 alium
796 5673 885 5737 quam
899 5661 944 5722 si·
1008 5661 1170 5751 subjungit
1183 5664 1213 5723 at
1226 5662 1301 5724 alios
1322 5661 1406 5724 Statii
1427 5677 1536 5741 varam
1554 5676 1572 5728 a
1590 5662 1643 5726 lib.
1661 5680 1684 5725 n
1702 5660 1817 5747 sytria,
