3900 6128
99 190 104 199 ¹
148 232 210 300 aaa
868 228 901 293 s
924 226 1144 293 aueaosu.
1805 222 1867 291 aee

123 434 163 489 tio
178 435 235 489 est.
251 431 326 496 Quid
342 429 420 486 enim
436 430 585 485 communi
599 429 739 501 loquendi
756 428 824 484 usui
835 429 932 501 magis
948 445 1123 502 congruum,
1141 444 1227 501 quam
1242 432 1273 485 ut
1296 429 1445 501 quispiam
1469 429 1519 485 ubi
1536 429 1648 485 crimea
1664 445 1680 484 a
1694 445 1728 486 se
1742 428 1866 501 propul-

122 537 190 576 sare
206 522 342 590 nequeal,
356 519 415 572 nisi
431 518 503 572 illud
519 518 678 572 transierat
693 518 723 572 in
738 517 838 587 alium,
856 518 884 571 id
901 517 1003 572 eadem
1018 519 1131 572 ratione
1146 519 1349 588 praemolliat‘?

156 610 222 663 darn
238 622 309 661 vero
327 607 414 660 istam
438 607 673 661 criminationem
698 622 834 676 quaenam
857 607 1000 678 excipiat,
1026 608 1262 662 consideremus.
1279 607 1392 676 Aliam,
1415 606 1510 678 inquit
1526 607 1699 663 albertinus
1713 607 1783 678 (loc.
1802 608 1865 677 cit,

120 713 188 769 pag.
210 695 272 765 508,
298 695 354 750 col.
372 695 410 764 2),
428 694 464 748 ab
480 710 514 749 ea
529 711 586 765 qua
599 693 737 748 utebatur
753 693 941 762 Ambrosius
957 699 1061 750 auctor
1075 695 1180 750 horum
1196 696 1339 751 librorum
1350 697 1486 767 sequitur
1499 696 1681 751 versionem.
1698 696 1729 750 ld
1744 696 1866 773 quidem

119 785 278 840 verissime
291 784 400 838 dicium
411 799 470 837 non
485 783 643 837 abnuimus
660 797 666 837 :
684 782 738 836 sed
750 797 790 836 ex
804 797 922 853 operum
935 786 1032 838 sancti
1047 784 1203 840 Ambrosii
1213 785 1341 840 lectione
1353 791 1477 849 constat,
1492 788 1523 839 ut
1537 784 1708 839 Alexander
1718 785 1798 855 (leco
1813 801 1865 840 su·

118 889 172 945 pra
188 872 249 927 citl
264 873 338 927 scite
353 872 478 942 reponit,
492 886 555 926 eum
564 887 619 925 non
631 870 737 925 iisdem
746 885 864 941 srrnpcr
879 870 981 926 verbis
990 872 1108 927 eosdem
1121 872 1286 944 Scriptura
1295 888 1390 926 sacrm
1402 872 1481 927 locos
1490 871 1639 928 laudasse.
1651 871 1865 942 Huicrespon·

122 962 201 1016 sioni
219 961 407 1016 brevissimae
419 959 505 1032 ,juxta
521 975 556 1014 ac
580 959 757 1013 certissimae
780 960 892 1013 tantum
915 959 1068 1028 addemus,
1095 975 1161 1014 eum
1186 962 1252 1015 sine
1268 976 1374 1032 magna
1388 960 1602 1030 praeparatione
1617 963 1768 1016 auctorem
1784 954 1865 1015 hanc

118 1055 254 1105 nostrum
272 1050 386 1103 dixisse
406 1064 464 1103 non
480 1048 519 1102 sit
534 1047 665 1115 dubium,
682 1048 851 1117 neutiquam
867 1062 938 1101 sane
955 1048 1061 1102 mirum
1081 1048 1185 1115 videri,
1212 1048 1238 1102 si
1254 1047 1435 1118 Scripturem
1450 1063 1509 1102 non
1530 1064 1649 1118 semper
1663 1048 1738 1117 suis,
1755 1048 1809 1103 sed
1827 1048 1865 1103 iis

117 1153 185 1209 quae
197 1136 238 1191 illi
256 1152 293 1191 cx
308 1139 439 1206 temporo
460 1136 595 1208 sugessit
615 1135 767 1203 memoria,
784 1134 886 1189 verbis
909 1135 1031 1189 citavit:
1050 1137 1186 1189 constare
1203 1138 1299 1189 antem
1319 1136 1487 1205 ipsummet,
1510 1151 1577 1189 cum
1593 1135 1753 1207 vulgatam,
1765 1138 1798 1190 ut
1812 1150 1867 1190 vo·

118 1229 195 1294 eant,
209 1240 357 1296 nusquam
374 1223 550 1291 adhibuerit,
567 1221 710 1277 Albertini
727 1222 867 1292 opinione
882 1223 1076 1294 antiquiorem
1088 1223 1244 1283 dicendum
1255 1239 1335 1278 esse.

154 1314 200 1368 ad
216 1315 380 1367 extromum
395 1312 468 1365 alias
484 1311 628 1383 quasdam
644 1311 782 1366 minutias
793 1315 941 1383 aggerunt
954 1328 961 1381 3
977 1315 1009 1367 ut
1023 1317 1091 1383 puta
1107 1313 1185 1384 quod
1204 1313 1286 1368 aiunt
1299 1316 1448 1367 auctorem
1464 1313 1569 1368 ludere
1583 1313 1667 1367 vanis
1685 1312 1864 1385 allegoriis:

116 1417 221 1458 verum
237 1417 311 1472 quas
327 1400 376 1454 alii
392 1415 483 1454 vanas
504 1398 662 1470 allegorias
685 1398 826 1468 dictitant,
854 1397 910 1454 hoc
929 1399 1027 1469 ipsum
1044 1405 1089 1456 est
1108 1417 1165 1472 quo
1180 1400 1313 1456 redditur
1329 1401 1533 1456 ambrosianae
1550 1400 1708 1456 elocutioni
1724 1400 1864 1458 vicinior.

115 1490 234 1545 Addunt
254 1490 283 1543 in
300 1489 365 1543 solo
382 1488 480 1543 libello
502 1488 547 1542 Do
565 1487 728 1560 ilpsteriis
741 1487 866 1557 reperiri
885 1504 919 1542 ea
933 1489 1111 1560 testimonia,
1133 1506 1199 1561 quae
1223 1490 1308 1560 quasi
1326 1506 1362 1545 ox
1378 1505 1467 1559 opere
1492 1489 1537 1544 De
1553 1489 1862 1560 Sacrameatispetile

114 1579 214 1635 laudat
230 1579 417 1632 Retramnus.
443 1578 480 1630 ut
504 1590 575 1630 vero
591 1574 662 1646 quid
678 1574 704 1629 si
724 1575 916 1645 imperfectus
943 1577 1036 1632 codex
1058 1578 1101 1631 illi
1125 1578 1288 1648 imposuit?
1303 1577 1379 1642 Quid
1394 1578 1421 1632 si
1435 1577 1534 1632 labilis
1545 1578 1716 1634 memorial
1737 1577 1773 1632 Et
1785 1592 1860 1633 sane

114 1667 164 1722 hic
179 1683 262 1722 error
278 1682 312 1721 eo
333 1665 428 1719 iuerat
445 1664 614 1736 proclivior,
632 1662 713 1735 quod
729 1666 852 1735 uterque
877 1668 1016 1721 tractatus
1036 1666 1179 1738 conjungi
1195 1667 1272 1722 solet
1286 1667 1315 1721 in
1331 1666 1552 1737 manuscriptis.
1564 1666 1697 1722 Clamant
1710 1670 1864 1738 postremo

113 1756 179 1827 ipsa
195 1755 261 1826 styli
273 1754 443 1808 diversitate
457 1755 610 1807 ariolorum
624 1768 741 1824 quoquc
757 1752 958 1809 diversitatem
965 1754 1050 1826 prodi
1062 1755 1327 1826 demonstrarique.
1344 1755 1402 1811 Sed
1417 1756 1481 1810 haec
1502 1755 1630 1827 objectio
1641 1755 1772 1828 alicujus
1787 1772 1861 1827 pon-

114 1844 195 1899 deris
203 1845 403 1914 negaturosse
415 1856 420 1894 :
432 1839 503 1906 Quia
511 1848 616 1912 patres
624 1841 655 1894 di
661 1856 747 1896 verse
757 1841 877 1895 dicendi
883 1858 997 1913 ponere
1002 1860 1058 1916 pro
1071 1851 1309 1915 argumentorum
1326 1844 1506 1900 diversitate
1528 1849 1649 1899 utuntur
1657 1845 1862 1917 (aloannia).

113 1931 208 1998 Quam
222 1930 450 2000 responsionem
470 1931 615 2000 quatenus
630 1928 747 1983 extendi
765 1929 874 1984 veritas
892 1931 980 2001 sinat,
1000 1931 1076 1987 inira
1103 1933 1288 2004 expendetur
1304 1949 1310 1988 τ
1328 1949 1407 1987 nunc
1423 1939 1521 1988 autem
1536 1934 1692 1990 contrariae
1709 1933 1862 2004 opinionis

113 2019 251 2075 audiendi
266 2021 513 2089 propugnatores.
983 2032 987 2041 ’

152 2107 283 2162 l'rimum
317 2106 446 2159 educunt
470 2104 510 2159 illi
527 2104 688 2175 (bellarm,
702 2105 914 2177 Sanctiboeuv.,
934 2109 1019 2164 Alex.
1038 2110 1143 2181 etalii)
1159 2126 1337 2165 numerosos
1366 2126 1401 2166 ac
1425 2113 1615 2182 pervetustos
1636 2108 1757 2166 codices
1773 2127 1864 2167 manu

114 2199 262 2265 exaratae,
281 2211 406 2265 cumque
426 2193 474 2248 his
489 2195 586 2248 editos
602 2209 706 2248 omues
721 2195 830 2267 quibus
846 2200 914 2267 post
929 2198 1077 2260 iuventam
1088 2199 1313 2270 typographiam
1326 2198 1414 2253 iidem
1425 2199 1493 2253 libri
1507 2199 1637 2270 evulgati
1653 2202 1732 2254 sunl.
1748 2199 1863 2255 Deinde

112 2286 200 2358 quasi
228 2283 480 2340 succenturiatum
505 2298 613 2354 agmen
644 2284 820 2338 submittunt
848 2286 969 2341 maximi
990 2288 1120 2342 nominis
1144 2288 1226 2342 viros
1250 2288 1440 2342 llincmarum
1462 2289 1651 2356 Remensem,
1675 2288 1863 2344 Deoduinum

111 2374 322 2443 Laodicasom,
353 2372 496 2426 Paschas.
526 2372 706 2427 liudbertum
729 2372 847 2443 Corbei,
866 2374 1012 2446 abbatem,
1030 2378 1221 2432 llatramnum
1237 2374 1372 2447 ejusdem
1384 2376 1520 2432 asceterii
1537 2377 1723 2432 monachum.
1740 2377 1863 2434 Florum

113 2465 271 2519 diaconum
287 2462 435 2533 Lugdun,
454 2460 673 2529 Lanlrancum,
693 2461 916 2533 Berengarium,
937 2464 1090 2537 algerum,
1106 2465 1325 2530 Guitmundum,
1354 2465 1523 2520 Durandum
1541 2465 1677 2533 Troum„
1700 2465 1862 2538 Hugonem

112 2553 252 2625 bingam,
269 2553 388 2606 lvoncm
401 2550 532 2620 Cernat,
549 2550 729 2620 Gratianum,
756 2551 931 2624 Magistrum
956 2552 1098 2625 Sentent,
1116 2570 1150 2608 ac
1175 2554 1292 2610 demum
1308 2557 1451 2626 quotquot
1466 2553 1503 2608 ab
1518 2555 1637 2609 ineunte
1652 2571 1730 2610 nono
1748 2555 1862 2613 saeculo

112 2643 293 2697 adnostrum
309 2639 355 2694 vel
370 2641 485 2709 patrum
499 2638 681 2708 memoriam,
699 2640 871 2695 eorumdem
888 2640 1032 2697 librorum
1046 2643 1217 2712 meminero,
1229 2658 1265 2697 ne
1282 2642 1528 2698 dissentientibus
1544 2642 1674 2714 quidem,
1687 2642 1713 2697 si
1725 2658 1862 2715 nuperos

113 2732 225 2802 aliquot
236 2728 380 2799 excipias,
406 2726 607 2781 heterodoxis.
635 2729 672 2780 at
700 2727 768 2782 licet
785 2727 841 2783 hoc
865 2734 1072 2802 argumentum
1098 2731 1227 2786 omnium
1248 2747 1314 2802 quae
1336 2730 1366 2784 in
1382 2731 1515 2785 eamdem
1531 2746 1594 2785 rem
1609 2731 1733 2801 proponi
1749 2731 1859 2798 solent,

112 2817 331 2873 validissimum
347 2829 416 2869 esse
432 2819 514 2869 extra
530 2813 651 2868 dubium
666 2815 714 2884 sit,
728 2831 786 2870 aon
801 2818 899 2873 tamen
909 2817 1018 2873 invicte
1029 2823 1057 2875 et
1070 2819 1243 2875 necessario
1261 2819 1419 2874 concludit.
1432 2819 1690 2890 Quatenimopera
1702 2823 1863 2893 postquam

114 2906 280 2963 diutissime
292 2905 348 2959 sub
364 2908 518 2958 unctorum
533 2904 726 2975 quorumdam
743 2905 826 2960 titulo
841 2910 1001 2978 pervagata
1017 2911 1128 2978 essent,
1147 2923 1182 2963 eo
1197 2907 1315 2962 tandem
1330 2911 1417 2962 exuta
1439 2910 1519 2977 sunt,
1536 2908 1727 2979 quotidieque
1743 2924 1859 2965 exuun-

114 2995 343 3052 turlCeetcrum
355 2993 517 3063 scriptores
547 2992 587 3046 illi
605 3007 665 3046 rem
683 2993 740 3063 ipsi
756 3010 809 3063 per
823 3010 856 3049 sc
876 3011 909 3050 ac
930 2996 1074 3051 destinata
1101 2997 1227 3052 consilio
1249 3012 1308 3051 non
1333 2996 1550 3064 discusserunt,
1566 2996 1619 3050 sed
1641 2996 1689 3051 vel
1712 2996 1763 3052 alii
1784 2980 1865 3054 alios

116 3085 211 3141 secuti
228 3087 306 3152 suat,
319 3083 366 3136 vel
378 3082 466 3135 tidem
481 3081 611 3136 habuere
627 3081 918 3155 suismanuscriplis,
932 3084 1078 3156 inquibus
1090 3085 1221 3139 eamdem
1232 3084 1357 3154 opellam
1368 3084 1438 3139 alibi
1448 3084 1566 3156 quidem
1578 3084 1861 3140 Ambrosiinomen·

116 3174 241 3229 elatione
257 3171 439 3240 inscriptam,
457 3169 609 3223 alibivero
622 3171 755 3224 tractatui
770 3172 859 3226 alicui
877 3174 1009 3228 eamdem
1033 3173 1257 3244 inscriptionem
1277 3173 1446 3244 praeierenti
1465 3173 1599 3245 ‚iunctam
1622 3188 1772 3243 reperere.
1785 3172 1861 3229 Nam

116 3279 183 3319 oum
199 3260 398 3332 antiquissimi
410 3259 519 3330 quique
536 3259 655 3313 codices
672 3260 783 3314 nullum
800 3262 930 3316 auctoris
947 3276 1053 3316 nomen
1069 3261 1238 3329 exhibeant,
1255 3261 1306 3333 qui
1320 3262 1528 3316 exscribendis
1541 3262 1578 3317 iis
1593 3265 1777 3317 navaverunt
1792 3278 1861 3333 ope·

115 3369 188 3421 ram,
202 3368 267 3405 cum
284 3349 474 3403 hmhrosium
492 3348 547 3402 hac
563 3349 627 3418 ipsu
653 3348 688 3402 do
713 3350 834 3403 materia
850 3351 1013 3421 scripsisse
1033 3350 1257 3422 cognovissent,
1273 3365 1331 3404 non
1346 3350 1517 3405 dubitarunt
1532 3351 1628 3406 eidem
1642 3351 1725 3422 ipsos
1741 3350 1862 3424 adjudi-

115 3456 183 3495 care
201 3455 207 3494 :
224 3439 274 3491 alii
290 3441 386 3491 autem
402 3436 458 3490 elsi
474 3436 689 3490 hmluosianos
705 3451 844 3492 essenon
859 3437 1081 3510 arbitrarentur,
1099 3439 1175 3495 libro
1190 3443 1288 3494 tamen
1303 3440 1347 3496 De
1365 3440 1529 3513 Mystcriis
1539 3440 1577 3495 ob
1592 3440 1759 3512 argumenti
1775 3440 1861 3496 simi-

114 3528 267 3584 litudinem
283 3527 430 3581 duxerunt
450 3525 689 3597 subjungendas,

152 3616 331 3688 l’roponilur
344 3615 475 3670 secundo
488 3614 641 3669 character
652 3615 801 3685 dictionis,
818 3632 905 3687 quam
920 3616 948 3671 in
960 3617 1121 3689 scriptione
1131 3617 1174 3673 Dc
1183 3618 1217 3672 M
1216 3617 1355 3691 ystoriiS,
1374 3621 1460 3690 atque
1473 3618 1502 3673 in
1513 3617 1569 3673 hoc
1581 3633 1669 3689 opere
1679 3616 1859 3675 simillimam

116 3723 185 3764 csse
201 3705 377 3777 pertendunt
394 3704 575 3758 :adversarii
592 3720 663 3758 xero
678 3705 750 3759 illud
767 3705 875 3759 obnixe
892 3705 1067 3760 inficiantur.
1095 3706 1171 3761 Sane
1187 3706 1306 3777 quidem
1322 3706 1401 3760 haud
1413 3706 1575 3776 immorit03
1605 3706 1644 3760 ita
1667 3708 1861 3762 enimauetor

116 3798 239 3852 conatur
254 3795 420 3865 exprimere
435 3809 502 3847 eum
517 3792 658 3863 libellum,
675 3797 706 3847 ut
722 3794 813 3848 termo
829 3794 925 3848 omnia
942 3794 971 3848 in
982 3795 1090 3866 stylum
1106 3812 1205 3860 suurn,
1221 3795 1278 3849 hoc
1303 3797 1359 3863 cst,
1385 3794 1476 3850 multo
1492 3795 1678 3864 deteriorem,
1698 3795 1861 3851 transierat

115 3887 336 3954 convertatque.
354 3882 411 3936 Sed
427 3897 463 3935 ax
479 3882 581 3936 eodem
599 3881 654 3936 hoc
671 3881 736 3936 loco
752 3883 809 3953 ipsi
825 3883 866 3936 illi
889 3883 1052 3939 adversarii
1077 3884 1262 3938 ratiocinium
1280 3884 1390 3938 ducunt
1408 3884 1494 3953 plane
1512 3884 1701 3938 contrarium.
1719 3883 1796 3938 Nam
1813 3884 1861 3938 cui

113 3974 276 4031 verisimile
293 3972 340 4039 sit,
353 3970 498 4041 inquiunt,
515 3971 706 4025 Aeduosium
721 3971 799 4042 quod
815 3973 843 4025 in
855 3972 1052 4042 disputatione
1064 3972 1108 4025 lle
1126 3971 1360 4043 Mysteriisjam
1382 3975 1587 4041 tranctavcrat,
1602 3972 1706 4026 iterum
1715 3972 1860 4028 recudere

113 4069 201 4136 atquc
219 4075 380 4131 recoquere
396 4061 425 4112 in
449 4058 504 4112 aliu
520 4062 533 4113 ἰ)
558 4059 765 4114 Verumtamen
788 4060 845 4114 hoc
866 4063 1071 4133 argumentum
1096 4061 1187 4114 nihilo
1210 4060 1325 4114 tirmius
1348 4062 1398 4114 aut
1416 4059 1569 4114 elhcacius
1589 4062 1644 4128 est,
1664 4075 1752 4130 quam
1768 4061 1858 4116 aliud.

113 4155 307 4224 Nequaquam
324 4149 400 4203 enim
416 4148 577 4202 inauditum
593 4152 648 4217 cst,
665 4152 696 4202 ut
712 4149 814 4202 cadem
829 4151 949 4204 materia
966 4150 995 4204 in
1006 4148 1085 4202 binis
1097 4148 1289 4202 sermonibus
1304 4151 1354 4203 aut
1369 4147 1454 4202 libris
1471 4148 1615 4219 explicata
1633 4148 1721 4203 luerit
1736 4164 1753 4202 a
1770 4147 1859 4204 Patri·

111 4241 170 4297 bus
186 4256 193 4312 3
210 4255 276 4294 cum
292 4237 363 4292 illud
380 4237 476 4306 ipsum
492 4235 561 4288 alihi
573 4252 588 4288 a
604 4236 692 4289 uobis
705 4237 893 4291 observatum
910 4237 948 4291 sit
964 4237 994 4291 in
1011 4237 1179 4291 Arnbrosio.

147 4332 219 4395 Quae
230 4329 259 4382 in
275 4327 360 4381 tertio
376 4326 478 4379 ordino
495 4326 567 4378 iulio
579 4325 748 4389 rollosutur‚
766 4325 813 4378 his
828 4324 928 4379 verbis
945 4326 1109 4395 concipitur
1127 4342 1132 4380 :
1151 4326 1342 4380 Ambrosium
1357 4324 1489 4380 edidisse
1505 4341 1580 4396 opus
1597 4326 1641 4380 Do
1652 4325 1861 4382 Sacramentis

111 4421 198 4476 testis
215 4422 261 4473 est
275 4416 471 4489 augustiatus
487 4415 549 4482 (lib.
567 4431 595 4482 u,
615 4413 716 4468 Gonu.
734 4414 791 4468 dul.
804 4430 867 4484 cap.
885 4415 901 4468 5
916 4417 943 4469 et
959 4429 1023 4484 seq.
1042 4418 1086 4482 ;et
1103 4414 1189 4468 Iletr.
1207 4415 1259 4468 lib.
1277 4432 1307 4483 u,
1325 4430 1350 4468 a.
1370 4415 1407 4482 l),
1425 4414 1607 4484 proindeque
1623 4414 1754 4468 autillud
1770 4416 1859 4470 nobis

111 4510 190 4564 aiunt
205 4508 507 4578 1·cpraeseulclur,aut
523 4504 701 4558 conrodatur
719 4504 774 4557 hoe
791 4505 888 4574 ipsum
904 4519 973 4558 esse
988 4503 1024 4557 de
1039 4520 1097 4574 quo
1116 4505 1243 4574 agimus.
1260 4504 1369 4557 Verum
1395 4504 1423 4557 in
1440 4506 1577 4574 promptu
1603 4503 1763 4573 responsio
1781 4508 1829 4558 est
1852 4520 1859 4560 :

116 4597 306 4668 nequeenim
326 4594 481 4663 utriusque
491 4592 567 4645 idem
579 4595 783 4662 argumentum
800 4591 936 4659 refertur,
953 4607 1048 4662 neque
1060 4592 1137 4646 idem
1154 4593 1266 4645 titulus
1284 4591 1528 4662 Qiaandoquidem
1550 4590 1577 4644 id
1595 4590 1683 4662 eujus
1703 4593 1815 4647 mentio
1829 4592 1862 4648 fit

111 4686 148 4740 ab
164 4686 344 4755 Augustino,
355 4699 413 4735 nou
425 4681 599 4751 simpliciter
614 4680 833 4734 inscribebatur
842 4680 885 4734 llo
897 4679 1102 4734 Sarrameulis
1118 4697 1124 4736 :
1142 4681 1196 4734 sed
1218 4679 1413 4751 adjiciebatur
1429 4680 1496 4734 sire
1514 4680 1558 4733 Dc
1568 4678 1774 4750 Philosophia,
1793 4696 1861 4736 eum

110 4777 219 4841 autem,
231 4772 335 4825 collem
351 4771 518 4841 augustino
539 4773 623 4838 teste,
650 4769 846 4840 compositum
872 4773 953 4824 osset
977 4769 1123 4825 adversus
1139 4769 1318 4839 Platonicos,
1335 4768 1485 4823 diversam
1501 4769 1531 4823 in
1547 4784 1582 4823 eo
1597 4771 1749 4823 tractatam
1765 4773 1861 4825 mate-

110 4863 185 4919 riam
197 4860 357 4913 obscurum
372 4874 430 4911 nou
446 4862 500 4912 est.

147 4950 302 5005 Postremo
314 4946 449 5017 ‹prracdam
464 4947 520 5000 alia
535 4949 564 5002 in
583 4948 711 5002 medium
730 4946 857 5018 prolerri
875 4950 1013 5017 possunt,
1029 4950 1060 5001 ut
1078 4947 1104 5000 si
1123 4947 1236 5000 dixeris
1252 4949 1401 5000 auctorem
1419 4945 1481 5013 (lib.
1499 4962 1519 5012 1,
1532 4961 1558 5000 c.
1574 4945 1602 5014 G)
1617 4945 1653 5000 de
1669 4945 1753 5001 vocis
1770 4944 1860 5017 queri

109 5039 280 5111 fragilitate,
297 5037 332 5089 de
348 5052 404 5106 qua
420 5035 544 5105 ipsomet
560 5037 737 5090 Ambrosius
752 5038 781 5091 in
797 5036 941 5109 Apologia
958 5036 1057 5090 David
1077 5036 1207 5090 ser-uuila
1229 5035 1385 5104 quiritatur
1408 5038 1484 5104 (rap.
1507 5035 1532 5099 5,
1546 5050 1626 5088 narn.
1643 5032 1697 5104 28),
1710 5050 1861 5106 quamque

107 5130 152 5186 illi
166 5127 253 5182 lucilc
272 5126 404 5188 obtundi,
431 5125 547 5179 solitam
563 5130 741 5180 memoratus
766 5125 904 5197 ejusdem
928 5128 1052 5179 testatur
1075 5125 1232 5193 discipulis
1244 5124 1306 5193 tlih.
1324 5138 1352 5176 v1
1367 5121 1463 5192 Cous„
1481 5137 1545 5192 cap.
1563 5123 1589 5189 3,
1607 5138 1688 5176 urim.
1704 5121 1743 5191 8).
1761 5120 1793 5178 Si
1805 5122 1861 5177 ad·

108 5214 521 5275 dideriscuuulemconliteri
549 5212 665 5283 dibri,
697 5230 760 5284 cap.
794 5216 822 5284 i»)
839 5231 905 5286 quae
922 5215 986 5285 ipse
1002 5231 1062 5269 non
1073 5215 1219 5282 didicerit,
1237 5229 1306 5268 sese
1324 5213 1431 5267 docere
1459 5227 1465 5267 :
1494 5210 1572 5283 quod
1603 5211 1691 5266 etiam
1709 5210 1860 5283 haudpa·

106 5324 174 5366 rum
191 5305 334 5362 familiare
346 5309 391 5358 est
403 5302 571 5356 Ambrosio.
589 5301 620 5354 Si
647 5303 763 5357 tandem
780 5303 925 5358 institoris
937 5303 1099 5358 Dominicae
1117 5301 1265 5356 Orationis
1281 5301 1508 5371 expositionem,
1530 5315 1619 5372 quam
1633 5298 1772 5370 ejusdem
1790 5300 1861 5354 Ana·

106 5397 203 5455 brosii
218 5396 248 5449 ia
258 5395 368 5450 Lucam
385 5391 553 5463 postulabat
567 5390 783 5460 commentatio,
796 5406 855 5446 non
872 5391 998 5447 abaliud
1011 5392 1080 5447 istic
1096 5392 1249 5460 omissam,
1266 5390 1324 5445 nisi
1344 5390 1424 5462 quod
1444 5388 1516 5443 alibi
1524 5388 1659 5443 traditam
1674 5387 1712 5443 ab
1728 5403 1765 5443 se
1780 5388 1860 5444 idem

106 5483 390 5545 meminerat‘lCum
418 5484 515 5535 autem
544 5495 582 5534 ex
599 5479 736 5534 omuibus
765 5495 831 5551 quae
848 5480 944 5549 ipsius
974 5480 1092 5537 nomine
1112 5479 1363 5534 circumferuntur
1386 5474 1739 5548 operibus,inhocsolo
1760 5475 1859 5547 expli·

107 5581 171 5634 cata
187 5576 330 5633 habeatur
344 5571 447 5627 eadem
459 5570 563 5639 oratio,
579 5584 633 5623 car
648 5567 727 5623 illius
741 5567 817 5622 hanc
835 5582 905 5622 esso
925 5584 984 5624 non
1000 5584 1201 5642 agnoscamus
1218 5570 1233 5623 ‘l
1251 5568 1310 5624 Sed
1329 5567 1438 5638 opponi
1454 5565 1665 5638 potestprimte
1684 5563 1858 5639 objectioni,

106 5661 393 5740 praeterquamquod
408 5657 567 5716 Ambrosie
587 5656 662 5731 male
683 5655 773 5712 tribui
791 5655 914 5731 alteram
926 5656 1129 5729 illamDavid.
1143 5657 1325 5732 ¹apologiam
1350 5655 1537 5730 probabilius
1558 5657 1616 5729 est,
1636 5652 1809 5728 complures
1830 5658 1860 5715 et

109 5754 179 5823 olim
194 5753 289 5815 tuisse
309 5754 338 5815 et
360 5749 535 5817 esseorum
554 5762 643 5831 aune,
665 5744 716 5829 qui
737 5744 886 5807 debilitate
902 5745 987 5811 vocis
1002 5761 1037 5807 ac
1058 5745 1232 5826 pulmonum
1248 5745 1351 5817 labore
1374 5760 1407 5806 se
1435 5743 1513 5809 inter
1533 5742 1774 5813 concionandum
1797 5757 1862 5815 aaa
