3900 6128
107 304 186 373 ltro

838 305 871 376 S.
888 308 1109 377 AMBROSH.

1755 311 1833 379 tlte

107 507 251 566 naturalis
267 508 380 581 peperit
396 506 497 580 biario,
510 512 538 566 et
549 509 633 584 virgo
643 516 811 583 permanet,
827 485 982 584 qrranool
1001 512 1175 584 magistrum
1186 512 1291 569 fuisse.
1305 513 1418 586 Atquis
1430 512 1485 568 erit
1496 512 1668 570 sobrietatis
1681 514 1834 587 magister,

109 604 211 655 contra
227 614 315 653 usum
331 602 443 654 naturae
459 615 539 656 mare
563 601 635 656 vidit
658 605 686 656 et
710 601 795 674 iugit,
812 606 898 673 atque
914 602 943 656 in

108 690 219 745 fontem
243 705 330 743 suum
354 689 491 743 iordanis
516 690 624 744 ssuentn
653 696 820 746 remearunt
844 691 941 752 (Psal.

107 792 188 845 exui,
205 777 258 847 8)9
282 777 348 832 Νοιι
372 794 444 850 ergo
467 778 582 834 excedit
597 779 684 834 iidem
699 781 777 852 quod
793 781 878 853 virgo
893 797 942 851 po·

105 869 191 939 perit,
217 867 333 940 quando
358 868 488 940 legimus
511 870 589 939 quod
613 875 695 939 petra
718 872 830 924 vomuit
849 885 942 941 aquas

106 955 215 1027 (tired.
231 974 302 1026 xvii,
319 957 354 1029 8),
372 963 399 1012 et
414 957 442 1011 iu
458 959 533 1013 muri
551 959 679 1028 speciem
695 961 786 1014 maris
801 960 879 1013 nuda
895 975 942 1013 so·

106 1047 195 1102 lidata
212 1051 258 1100 est
272 1047 381 1116 (tired.
399 1064 459 1116 ιιιιι,
480 1045 536 1116 99).
556 1047 621 1101 Νοιι
637 1063 709 1120 ergo
725 1048 841 1104 excedit
856 1049 943 1102 tidem

107 1137 185 1207 quod
209 1135 297 1190 bomo
321 1135 412 1190 exivit
433 1136 469 1190 de
493 1136 619 1208 virgine,
645 1138 762 1209 quando
781 1143 863 1208 petre
880 1137 943 1193 ton·

1002 601 1028 656 si
1044 600 1098 655 init
1112 601 1160 657 illc
1177 601 1311 671 luxuriae,
1328 603 1380 674 qui
1394 602 1553 676 castigavit
1567 618 1678 674 corpus
1694 617 1793 672 suum,
1810 609 1838 660 et

1001 691 1136 745 servituti
1151 691 1266 762 redegit
1282 692 1309 760 (Ι
1323 692 1391 747 Gor.
1404 709 1443 760 rx,
1456 691 1512 762 97),
1527 697 1614 765 atque
1629 691 1757 763 jejuniis
1769 694 1840 748 mul·

1000 779 1038 834 tis
1054 795 1087 834 se
1103 779 1230 834 debitam
1246 780 1364 836 Christo
1380 781 1598 836 observantiam
1613 781 1761 836 detulisse
1776 798 1838 838 me·

1001 871 1125 924 moravit
1140 869 1178 936 (Ιι
1196 869 1263 925 Cor.
1281 886 1320 940 vi,
1337 870 1388 939 5)‘.>
1403 886 1461 925 non
1477 873 1552 925 utse
1564 885 1679 943 suaque
1695 870 1840 941 laudaret,

1001 958 1054 1012 sed
1077 960 1108 1012 ut
1131 973 1186 1013 nos
1212 959 1281 1029 quid
1306 974 1511 1030 sequeremur,
1530 960 1680 1014 edoceret.
1698 958 1753 1014 lile
1769 972 1840 1033 ergo

1000 1045 1147 1101 luxuriam
1172 1047 1281 1116 docuit,
1306 1048 1356 1118 qui
1382 1049 1444 1103 ait:
1474 1072 1484 1096 i·
1503 1046 1577 1112 Quid
1593 1047 1692 1103 adhue
1706 1047 1781 1104 velit
1796 1048 1840 1102 vi·

1001 1137 1106 1191 ventes
1121 1136 1157 1190 de
1172 1135 1228 1191 hoc
1243 1135 1352 1192 niundo
1368 1136 1550 1192 decernitis?
1565 1136 1610 1192 Ne
1620 1136 1796 1209 tetigeritis,
1807 1152 1841 1195 ne

107 1229 165 1280 tem
181 1225 327 1294 pronaum
343 1223 399 1294 (89)
412 1225 565 1280 scaturivit
575 1225 674 1297 (dium.
691 1244 741 1295 xx,
760 1227 814 1295 tt),
833 1226 944 1281 serrum
1000 1224 1253 1294 attaminaveritis,
1279 1241 1315 1280 ne
1339 1226 1542 1298 gustaveritis,
1564 1242 1631 1298 quae
1658 1229 1731 1281 sunt
1747 1227 1840 1282 omnia

108 1329 199 1383 super
214 1330 306 1384 aquas
324 1315 433 1368 natavit
444 1314 471 1383 (1
477 1313 582 1386 Vltcg.
594 1332 634 1384 vi,
645 1314 683 1385 6),
696 1315 856 1370 ambulavit
870 1314 945 1380 968
1001 1313 1031 1367 in
1047 1314 1243 1384 corruptelam
1258 1312 1384 1383 (Coloss.
1401 1332 1432 1385 rr,
1448 1315 1493 1386 90,
1508 1315 1564 1386 bl).
1580 1335 1590 1363 i·
1607 1315 1665 1380 Qui
1676 1317 1769 1370 etiam
1784 1316 1838 1372 ait:

108 1403 197 1456 homo
213 1417 304 1472 super
319 1418 411 1473 aquus
426 1403 545 1471 (itratth.
562 1420 623 1471 xiv,
639 1403 694 1473 06).
712 1403 791 1476 Ergo
807 1404 832 1457 si
849 1403 945 1459 homi·
1004 1423 1015 1450 ι
1033 1402 1099 1457 Νοιι
1115 1402 1144 1456 iu
1158 1403 1341 1475 indulgentia
1357 1403 1504 1474 emperie,
1528 1419 1587 1458 non
1607 1402 1639 1458 in
1656 1404 1774 1459 honore
1789 1402 1839 1459 ali·

107 1504 174 1548 nem
188 1492 265 1545 unda
280 1491 417 1561 portavit,
435 1506 493 1545 non
515 1493 608 1562 potuit
630 1491 779 1547 hominem
793 1493 879 1564 virgo
897 1509 945 1565 ge·
1001 1507 1060 1562 quo
1075 1492 1112 1545 ad
1129 1490 1312 1547 saturitatem
1336 1494 1365 1547 et
1388 1491 1571 1566 diligentiam
1593 1494 1713 1563 carnis,
1740 1492 1839 1548 nonin

107 1583 234 1636 neraro‘?
248 1581 285 1636 at
301 1595 387 1651 quem
404 1579 576 1635 hominem?
592 1580 633 1636 De
650 1597 707 1652 quo
722 1581 779 1651 (88)
794 1581 921 1654 legimus
936 1597 943 1637 :
1001 1579 1158 1634 desideriis
1171 1581 1283 1636 erroris
1296 1597 1302 1636 :
1316 1581 1369 1636 sed
1381 1582 1410 1636 in
1419 1580 1539 1653 Spiritu,
1552 1598 1611 1654 quo
1622 1596 1836 1652 renovamur„

110 1693 121 1716 ι
138 1669 174 1724 Et
199 1669 293 1724 mittet
316 1669 375 1723 illis
400 1669 543 1724 Dominus
558 1669 706 1725 hominem
720 1671 770 1741 qui
786 1671 887 1725 salvos
903 1671 944 1725 la·
1001 1684 1071 1724 esse
1086 1668 1245 1726 vivendum
1260 1668 1349 1740 (ibid.
1365 1670 1410 1742 22,
1426 1671 1482 1741 98).

108 1759 165 1814 ciet
188 1774 251 1826 eos,
277 1763 305 1813 et
331 1762 419 1813 notus
441 1759 496 1813 erit
519 1759 663 1813 Dominus
686 1759 839 1831 AEgvptiis
868 1758 943 1830 (Iso.
1038 1756 1080 1813 H.
1107 1757 1136 1814 Si
1162 1774 1265 1830 parum
1287 1762 1333 1815 est
1348 1759 1427 1832 quod
1442 1760 1604 1831 Apostolus
1621 1760 1709 1829 dixit,
1727 1761 1839 1817 audiant

107 1866 169 1916 xix,
184 1848 229 1916 00,
246 1845 302 1920 li).
322 1866 333 1896 ι
360 1847 391 1901 ln
414 1847 509 1902 veteri
532 1847 629 1919 itaque
654 1848 842 1904 Testameuto
858 1851 987 1932 virgeg
1002 1845 1179 1917 Prophetam
1194 1848 1340 1904 dicentem
1358 1866 1364 1904 :
1384 1872 1395 1898 ι
1413 1848 1448 1904 Et
1464 1849 1603 1920 cooperui
1615 1848 1776 1921 iniojunio
1787 1851 1838 1906 sni·

110 1936 307 1992 Hebraeorum
331 1935 388 2005 (et)
413 1953 466 2006 per
488 1952 570 1991 mare
593 1936 676 1991 duxit
700 1939 861 1993 exercitum
884 1956 890 1995 z
917 1940 946 1994 iu
1002 1948 1078 1990 mam
1094 1952 1187 1992 meam
1204 1936 1299 2008 (Psal.
1316 1955 1417 2007 nxvru,
1430 1937 1508 2010 11).»
1527 1938 1606 2011 Ergo
1621 1940 1675 2011 qui
1690 1953 1754 1995 non
1766 1939 1835 2011 jeju·

109 2043 186 2081 novo
201 2026 390 2080 Testamenta
407 2025 499 2098 Virgo
514 2026 606 2099 regis,
625 2028 690 2081 aula
705 2027 837 2082 coelestis
853 2028 946 2084 electa
1002 2028 1062 2096 nat,
1078 2026 1204 2081 intectus
1219 2030 1275 2094 est,
1291 2031 1320 2080 et
1335 2027 1443 2098 nudus,
1461 2029 1489 2083 et
1504 2031 1582 2098 patet
1595 2028 1729 2084 vulneri.
1755 2029 1834 2084 Doni·

109 2118 156 2170 est
171 2114 206 2168 ad
224 2115 359 2170 salutem.
1003 2130 1061 2187 que
1070 2115 1097 2170 si
1108 2115 1201 2170 Adam
1213 2131 1246 2171 se
1258 2115 1384 2171 texisset
1399 2117 1427 2170 in
1436 2115 1563 2188 jejunio,
1576 2133 1636 2172 nou
1648 2116 1762 2172 inisset
1772 2116 1833 2182 989

144 2205 170 2258 8.
187 2204 262 2270 Quid
278 2205 398 2259 autem?
414 2203 502 2259 etiam
516 2204 666 2260 viduitatis
686 2209 852 2262 attexamus
866 2222 945 2278 prae-
1005 2203 1103 2258 nudus
1119 2202 1242 2258 effectus
1258 2201 1314 2274 (88)
1330 2204 1417 2273 (Gen.
1433 2221 1475 2275 ιιι,
1492 2205 1530 2272 Ἰ).
1543 2205 1653 2259 Ninive
1670 2221 1706 2260 se
1722 2222 1738 2259 a
1753 2209 1833 2260 morto

110 2294 205 2365 conia,
229 2309 296 2348 cum
319 2294 348 2347 in
373 2292 535 2366 Evangelio
558 2299 627 2364 post
643 2294 776 2368 Virginis
792 2295 948 2352 celeberri-
1000 2291 1117 2364 jejunio
1132 2292 1270 2348 liberavit
1284 2294 1376 2351 idonee
1386 2310 1428 2364 ιιι,
1440 2295 1479 2364 5).
1492 2293 1526 2349 Et
1540 2294 1604 2365 ipse
1621 2295 1769 2350 Dominus
1784 2293 1830 2350 ait:

108 2399 189 2438 mum
203 2386 318 2452 partum
336 2383 418 2436 :turra
434 2383 521 2437 vidua
539 2383 729 2455 subrogetur,
751 2408 762 2431 r
780 2402 847 2455 quie
861 2386 946 2441 vixe-

110 2476 154 2528 rat
169 2487 236 2526 cum
253 2471 316 2526 viro
331 2487 387 2525 suo
404 2471 489 2526 aunis
514 2476 627 2542 septem
651 2489 667 2526 n
692 2473 859 2546 virginitate
881 2492 946 2545 sua,

110 2566 138 2617 et
157 2560 223 2616 heee
237 2560 325 2615 vidua
342 2575 484 2615 annorum
497 2562 645 2633 octoginta
656 2565 790 2633 quatuor,
808 2580 874 2635 quae
889 2580 948 2620 nou

112 2649 285 2705 discedebat
299 2650 335 2704 de
351 2650 469 2719 templo,
490 2649 615 2721 jejuniis
637 2654 665 2706 ot
688 2651 947 2708 obsecrationibus

112 2740 248 2794 serviens
264 2737 310 2792 die
326 2754 360 2792 ac
375 2742 461 2793 noete
476 2740 558 2810 (Luc.
574 2757 604 2809 ιι,
621 2739 665 2810 86,
682 2741 738 2808 8)).
757 2764 768 2790 ι»

146 2826 174 2882 9.
190 2826 226 2880 Et
240 2826 345 2881 merito
360 2826 397 2880 ab
413 2826 471 2881 illis
487 2827 615 2882 viduitas
632 2828 811 2900 despieetur,
823 2847 889 2902 quae
902 2846 949 2886 so·

111 2916 152 2971 let
168 2914 331 2970 observare
345 2914 458 2986 jejunia
475 2915 541 2986 (85),
560 2917 668 2988 quibus
686 2935 719 2974 se
730 2919 828 2975 dolent
839 2920 887 2975 isti
897 2921 949 2975 uli·

113 3021 171 3077 quo
186 3008 318 3074 tompore
334 3021 403 3060 csse
412 3010 587 3077 maceratos,
600 3011 628 3062 et
639 3007 786 3078 propriam
796 3008 949 3064 ulciscun-

1005 2402 1016 2431 ι
1034 2381 1101 2436 Νοιι
1117 2381 1253 2452 ejicietur
1275 2382 1331 2437 hoe
1347 2398 1443 2454 genus
1460 2383 1687 2453 daemoniorum,
1710 2384 1769 2438 nisi
1789 2397 1831 2454 per

1003 2471 1166 2526 orationem
1183 2476 1210 2526 et
1223 2470 1370 2543 jejunium
1387 2471 1505 2540 (Matth.
1523 2490 1594 2541 xvii,
1611 2473 1669 2543 90).
1691 2496 1703 2520 ·

1038 2560 1082 2614 19.
1100 2560 1158 2616 Sed
1173 2561 1243 2633 quid
1257 2560 1341 2631 plura
1357 2561 1433 2631 apud
1451 2561 1626 2632 magistrum
1643 2564 1733 2633 atque
1747 2561 1828 2616 docto

1004 2651 1091 2704 rem?
1115 2666 1180 2704 cum
1204 2649 1265 2721 jam
1290 2650 1412 2722 dignum
1434 2650 1587 2720 praemium
1618 2650 1773 2706 retulerint
1794 2649 1826 2704 illi

1003 2738 1136 2808 pertidia}
1160 2755 1234 2806 suae,
1257 2738 1307 2809 qui
1332 2738 1398 2793 ideo
1423 2754 1518 2809 usque
1537 2739 1594 2792 hue
1611 2742 1758 2795 venerunt
1771 2737 1823 2809 (89),

1003 2842 1040 2880 ne
1056 2829 1230 2896 superesset
1244 2826 1340 2896 tecue,
1358 2827 1387 2880 in
1401 2843 1459 2898 quo
1474 2842 1531 2882 non
1543 2828 1755 2884 damnarentur
1765 2844 1772 2898 ;
1784 2827 1824 2900 qui

993 2930 1074 2971 ,rere
1090 2930 1123 2969 se
1138 2914 1320 2969 Manichacus
1336 2916 1537 2985 probaverunt
1551 2913 1619 2988 (90),
1637 2930 1697 2972 uon
1716 2917 1822 2972 credon-

1004 3007 1049 3059 tes
1066 3003 1134 3075 quia
1149 3018 1186 3057 ex
1200 3002 1323 3074 Virgine
1338 3003 1439 3076 utique
1454 3005 1588 3060 venisset
1607 3006 1675 3076 (91).
1701 3005 1821 3071 Quaenam

113 3099 161 3148 tur
175 3091 325 3165 iujuriam,
341 3094 521 3164 quotidianis
538 3112 655 3167 quoque
672 3097 817 3152 conviviis
834 3115 950 3170 usuque
1004 3093 1069 3147 hmo
1084 3095 1130 3147 esi
1145 3107 1256 3162 suppar
1279 3109 1422 3147 novorum
1448 3093 1618 3149 ludaeoruni
1644 3092 1821 3150 umentielSl

113 3183 239 3238 luxuriae
249 3182 380 3238 laborem
390 3183 759 3256 abstinentioepropulsure
769 3187 965 3256 desiderant„
986 3182 1126 3237 -t'enlsse
1141 3196 1198 3235 ¹1⁰ss
1215 3182 1354 3251 creditur,
1377 3198 1432 3237 nec
1456 3198 1574 3238 curnem
1591 3183 1723 3239 ereditur
1736 3197 1819 3239 suere·

966 3228 993 3297 b

113 3271 168 3338 Qui
190 3272 263 3328 nihil
289 3272 401 3329 rectius
424 3271 546 3343 iaciunt,
572 3290 659 3345 quam
682 3275 760 3346 quod
774 3276 832 3346 ipsi
846 3293 901 3332 suo
917 3293 951 3333 se
1005 3270 1106 3342 pisse:
1124 3286 1196 3341 ergo
1220 3270 1248 3324 in
1273 3271 1476 3340 phantasmate
1500 3271 1585 3326 visus
1609 3277 1665 3343 est,
1692 3273 1721 3326 in
1744 3272 1819 3342 phen-

114 3377 167 3417 ore
184 3361 390 3417 condemnent.
1005 3362 1128 3414 tasmate
1150 3359 1311 3414 crucifixus
1327 3363 1383 3414 est.
1399 3359 1457 3414 Sed
1473 3360 1560 3415 uobis
1587 3361 1617 3414 in
1637 3361 1757 3416 veritato
1768 3376 1820 3415 eru·

151 3450 195 3505 10.
211 3449 270 3506 Sed
285 3453 313 3504 et
327 3455 459 3505 metuunt
475 3466 512 3506 ne
527 3451 556 3506 in
571 3452 638 3506 istis
655 3452 726 3507 illud
738 3451 886 3525 jejunium
902 3470 951 3511 re·
1007 3448 1113 3504 eiflxus
1129 3449 1184 3518 esi,
1202 3448 1232 3501 in
1247 3449 1368 3502 t'erilflle
1385 3448 1553 3518 redemptor
1568 3453 1671 3505 noster
1686 3452 1740 3504 est.

115 3539 234 3613 putetur
249 3538 315 3610 (80).
332 3539 449 3613 Eligant
464 3541 542 3612 quod
557 3541 660 3596 volunt
676 3557 682 3597 :
699 3541 725 3596 si
743 3541 952 3615 aliquundoje·
1043 3535 1086 3592 13·
1109 3536 1290 3592 Manichaeus
1315 3539 1361 3592 esi
1383 3537 1434 3609 qul
1458 3538 1587 3609 abnegat
1609 3539 1768 3609 veritatem,
1782 3533 1819 3609 qui

113 3626 294 3701 junaverint,
311 3634 416 3702 gerant
426 3645 499 3703 ergo
510 3630 582 3686 boni
593 3629 662 3685 iacti
674 3630 722 3686 sui
732 3630 951 3702 paenitentiam:
1007 3642 1125 3681 curnem
1139 3624 1250 3682 Christi
1265 3629 1370 3698 negat;
1387 3629 1414 3680 et
1429 3625 1495 3682 ideo
1506 3642 1564 3681 uon
1576 3628 1623 3682 est
1633 3625 1819 3683 illisremisaio

117 3718 144 3772 si
155 3734 313 3788 nunquam,
326 3734 410 3772 suam
421 3734 493 3790 ergo
502 3719 560 3790 ipsi
572 3719 861 3790 intemperantiamet
871 3721 954 3776 luxu·
1007 3718 1194 3786 peccatorum
1208 3731 1216 3785 ς
1231 3715 1284 3770 sed
1296 3718 1342 3769 est
1352 3715 1487 3787 impietas
1500 3715 1742 3787 hinnichaeorum,
1753 3728 1820 3789 quin

118 3806 953 3881 rinmoonflteantur.Etideodierintl’aulum(8'i)luxuriae
1007 3807 1036 3860 et
1051 3804 1301 3860 clementissimus
1325 3807 1499 3860 exsecratus
1522 3807 1569 3860 est
1589 3806 1749 3876 imperetur
1769 3803 1819 3875 (99),

154 3946 211 4017 (89)
236 3947 277 4001 lta
301 3947 370 4002 edit.
398 3950 482 4003 Rom.
508 3953 536 4003 et
559 3948 671 4014 Quesn.
691 3967 707 4005 a
728 3952 837 4022 quihus
859 3952 952 4010 laabb.
1007 3947 1131 4015 bemvit,
1149 3967 1162 3998 ιι
1179 3946 1230 4002 ubi
1245 3946 1322 4002 idem
1336 3946 1446 4012 Quesn.
1463 3962 1529 4002 cum
1547 3948 1632 4003 Hom.
1649 3949 1678 4004 et
1692 3948 1778 4004 Labb.
1791 3945 1820 4000 te

120 4033 179 4073 non
194 4019 314 4087 recedit,
329 4018 388 4074 nisi
403 4020 481 4089 quod
496 4020 578 4092 legit,
598 4042 609 4070 ι
625 4036 679 4092 pro
694 4021 774 4078 iente
789 4023 908 4092 flumen,
940 4045 951 4074 ι
1008 4020 1061 4093 git,
1077 4022 1109 4074 ut
1122 4019 1152 4074 in
1168 4021 1313 4074 contextu·

120 4088 263 4146 etevat.
286 4093 383 4144 autem
406 4090 475 4145 edit.
500 4095 636 4162 corrupte
658 4097 687 4148 et
710 4092 838 4151 absurde
857 4094 955 4151 locum
1045 4090 1100 4160 (89)
1115 4089 1237 4158 Quesn.,
1256 4111 1267 4137 ι
1284 4090 1405 4162 dignum
1422 4089 1580 4160 pretium...
1604 4089 1672 4147 ideo
1694 4090 1752 4147 huc
1764 4101 1821 4162 ‘11¹0‘

121 4159 292 4218 efferebant.
1009 4178 1066 4233 que
1082 4164 1234 4216 venerunt.
1254 4184 1264 4208 ι

157 4232 214 4304 (88)
239 4231 349 4287 Omnes
371 4233 440 4288 edit.
463 4237 492 4288 et
514 4232 636 4306 Quesn.,
664 4236 778 4309 «virgo
798 4252 952 4309 generare,
1044 4232 1100 4304 (90)
1116 4233 1262 4288 Duronius
1278 4232 1313 4287 ad
1328 4247 1436 4287 aunum
1451 4233 1504 4287 389
1523 4234 1579 4288 hoc
1602 4235 1698 4288 saneti
1715 4232 1823 4287 Ambro-

123 4308 151 4359 at
173 4319 210 4360 ue
226 4304 384 4374 bominem,
400 4306 437 4360 de
459 4321 557 4377 quo,»
584 4310 640 4361 ete.
666 4307 757 4363 Multo
782 4309 955 4365 concinnius
1009 4304 1045 4359 sii
1062 4304 1127 4359 loeo
1143 4303 1247 4372 fretus,
1263 4303 1449 4359 lovinianum
1475 4304 1522 4358 his
1546 4305 1731 4372 temporibus
1745 4304 1825 4373 aliqua

122 4320 216 4431 uilio.
233 4392 321 4449 quem
335 4376 383 4430 hie
398 4377 560 4448 sequimur.
1009 4391 1047 4430 ex
1062 4378 1143 4446 parte
1158 4377 1294 4430 sensisse
1310 4391 1376 4429 eum
1392 4375 1562 4429 Hanichaeis
1578 4374 1717 4430 attirmat.
1735 4375 1826 4454 Verurp

158 4449 214 4517 (et)
232 4449 316 4503 Horu.
332 4448 401 4503 edit.
418 4452 446 4503 et
459 4448 581 4518 Quesn.,
596 4449 704 4521 ‹vii-ga
716 4449 909 4505 Hebraeorum
922 4466 953 4519 ς»
1009 4450 1104 4501 tamen
1121 4463 1188 4501 eum
1203 4446 1377 4501 „Iovinianus
1394 4447 1557 4514 catholicis,
1575 4463 1612 4500 cx
1628 4462 1663 4502 eo
1678 4446 1756 4518 quod
1772 4446 1828 4500 Der·

122 4520 229 4574 melius
244 4523 303 4575 vet.
319 4519 387 4574 edit.
404 4536 439 4574 ac
462 4519 567 4585 laobh„
592 4543 604 4566 ι
621 4520 707 4591 virge
723 4520 927 4590 Hebraeorum,
943 4543 954 4570 ι
1010 4533 1109 4588 param
1126 4518 1212 4572 etiam
1236 4521 1303 4586 post
1324 4520 1439 4587 parturn
1465 4518 1664 4587 virginitatem
1678 4533 1764 4572 suam
1776 4530 1831 4571 con

123 4590 261 4645 nimirum
277 4606 364 4646 soror
378 4590 502 4662 Moysis.
521 4590 638 4646 Rursus
653 4607 724 4646 vcro
740 4591 789 4646 uhi
800 4593 927 4647 vetedit.
943 4586 995 4658 »ὓ
1011 4604 1151 4643 servasse
1165 4589 1382 4660 profiterentur,
1400 4587 1574 4642 calumniam
1601 4588 1730 4643 heresis
1748 4584 1830 4642 biani-

1011 4660 1159 4715 choeorum
1176 4661 1326 4724 conflaret,
1344 4660 1384 4713 uti
1399 4660 1474 4728 opud
1494 4661 1704 4728 Aiigustinum,
1722 4660 1772 4714 lib.
1787 4677 1794 4712 ι
1808 4657 1832 4710 in

1011 4730 1119 4787 Julian.
1136 4747 1199 4800 cap.
1216 4731 1242 4798 9,
1258 4730 1422 4801 legoreest,
1434 4729 1523 4783 inulto
1539 4730 1713 4785 credibilius
1729 4732 1834 4784 videtur

1011 4818 1069 4857 non
1084 4802 1162 4855 aliud
1178 4801 1333 4857 loviniuno
1361 4799 1408 4855 hie
1434 4800 1522 4870 objici
1546 4817 1562 4853 a
1588 4805 1692 4855 sancto
1711 4802 1834 4866 doctore,

1010 4888 1098 4945 quam
1114 4873 1353 4928 consecutionem
1370 4870 1490 4942 exejus
1508 4871 1672 4939 erroribus,
1688 4875 1722 4926 ut
1736 4873 1766 4926 in
1780 4871 1835 4926 dis·

1012 4943 1227 5015 captationibus
1251 4943 1315 4997 lleri
1338 4943 1423 4997 solet.
1448 4944 1543 5012 Atque
1566 4942 1605 4995 ita
1629 4943 1743 4997 crimen
1765 4939 1838 5024 qued

1010 5016 1059 5071 ille
1075 5015 1248 5070 orthodoxis
1263 5028 1417 5084 perperam
1434 5012 1604 5082 intentabat,
1621 5013 1651 5066 in
1666 5016 1763 5068 seruet
1774 5027 1839 5085 Jure

1010 5087 1113 5140 merito
1129 5088 1270 5140 retortum
1285 5085 1389 5138 sensit.

1045 5157 1101 5224 (9))
1116 5156 1238 5224 Quesn.,
1259 5179 1269 5203 ι
1286 5170 1323 5209 ex
1338 5155 1453 5226 virgine
1469 5155 1582 5208 venerit
1595 5153 1746 5209 Christus.
1765 5179 1776 5203 t

1044 5227 1100 5297 (99)
1115 5228 1265 5292 Quodnam
1282 5227 1467 5294 imperatoris
1478 5226 1606 5280 edictum
1623 5225 1671 5279 hie
1686 5225 1842 5295 indicetur,

1009 5299 1180 5370 ambiguum
1191 5300 1246 5354 est.
1258 5298 1421 5352 Occurrunt
1431 5297 1549 5366 quidem
1560 5300 1622 5350 tres
1633 5297 1720 5368 leges
1730 5298 1761 5352 iu
1772 5296 1842 5353 coa.

1010 5370 1121 5424 Theod.
1135 5371 1176 5424 tit.
1189 5370 1226 5424 de
1236 5367 1406 5434 Haeretieis,
1419 5383 1543 5436 quarum
1554 5368 1649 5435 prima
1658 5367 1843 5436 hinniebaeis,

1009 5457 1046 5496 ue
1062 5444 1225 5496 conventus
1251 5440 1327 5494 ullos
1352 5437 1469 5504 iaciant,
1495 5437 1686 5508 prohibetur;
1714 5439 1848 5495 secunda

123 5507 173 5563 lud
186 5509 475 5582 jejuniumueputet.
494 5530 505 5554 ι
1009 5529 1079 5568 vero
1094 5516 1123 5567 et
1137 5515 1223 5567 tertia
1238 5512 1325 5564 iidem
1340 5509 1470 5562 baeretici
1481 5509 1548 5577 pelli
1558 5507 1711 5578 jubentur.
1730 5509 1776 5563 nd
1788 5511 1847 5581 pri-

159 5579 215 5649 (87)
231 5581 312 5636 ldem
325 5579 446 5647 Quesn.,
465 5600 475 5627 ι
493 5581 520 5633 et
535 5577 623 5633 iidem
639 5579 736 5635 dicant
752 5582 913 5638 Paolum.»
1009 5600 1086 5638 irioni
1108 5584 1186 5637 ittam
1212 5599 1276 5635 eum
1302 5598 1317 5633 a
1344 5580 1548 5634 Valentiniano
1572 5581 1692 5634 seniore
1720 5581 1785 5650 jain
1807 5581 1847 5636 nb

159 5648 215 5720 (88)
230 5653 340 5718 Quesn.
358 5651 452 5720 solus,
470 5649 588 5705 «nudus
604 5650 753 5721 ejectus.»
771 5655 807 5706 Α)
818 5657 956 5711 contiuuo
1009 5669 1085 5709 aurio
1110 5654 1162 5709 372
1187 5655 1252 5707 data
1273 5651 1370 5718 tuerit,
1394 5650 1472 5705 liuue
1495 5649 1647 5705 Ambrosii
1671 5649 1772 5706 iocum
1786 5667 1847 5707 nou

123 5725 190 5791 post
209 5728 267 5780 vot.
288 5723 357 5780 edit.
377 5726 488 5794 ponunt
505 5737 511 5778 :
528 5742 542 5768 α
557 5722 684 5781 Ninivon
700 5736 782 5778 amor
794 5722 904 5795 jejunii
918 5727 957 5793 ti-.
1008 5724 1155 5811 portinere
1170 5722 1354 5779 inconfesse
1369 5725 1414 5776 est
1431 5737 1438 5777 :
1455 5721 1509 5779 sed
1524 5737 1592 5778 eum
1605 5721 1644 5777 nd
1659 5722 1845 5795 secundam,

126 4681 137 4707 a
155 4662 240 4732 virgo
257 4662 387 4733 generis,
406 4685 417 4711 ι
435 4666 464 4717 et
480 4663 576 4731 uem,
595 4663 705 4735 *virga
720 4663 813 4734 regis,
832 4683 843 4712 ι
861 4662 955 4718 labb.

123 4735 153 4784 et
166 4730 276 4795 Quesn.
295 4734 404 4788 rectius
421 4734 531 4807 legunt,
554 4756 565 4781 a
585 4735 671 4807 virgo
691 4733 790 4804 regis3
809 4757 820 4781 ι
837 4738 868 4789 ut
883 4736 956 4787 lim-

123 4799 246 4855 hrosius
270 4802 299 4855 in
317 4803 446 4859 Exhort.
472 4805 510 4859 ad
539 4804 653 4877 Virqi'n.
679 4809 707 4861 et
725 4805 777 4860 lib.
798 4805 835 4860 de
855 4805 954 4860 Instit.

131 4869 212 4940 Virq.
229 4887 287 4924 non
303 4874 405 4928 semel.

128 5009 135 5022 ·
159 4939 314 5021 §degeneri
330 4942 507 5000 Ambrosius
517 4946 704 5003 lovinianum
716 4946 842 5019 ejusque
858 4947 957 5004 socios

121 5025 247 5084 gegunns
272 5027 389 5065 caruem
412 5029 496 5068 suam
520 5031 689 5073 macerasse
713 5020 896 5087 testificatur,
921 5034 957 5074 eo

125 5081 350 5204 respicitquod
366 5083 534 5152 aliquandiu
548 5088 578 5141 in
595 5091 774 5144 monasterio
800 5089 957 5145 Mediolani

125 5157 237 5208 sanetis
261 5151 280 5205 ι)
295 5167 321 5204 is
343 5154 494 5207 exercitiis
519 5172 638 5224 operam
659 5161 814 5230 dederant,
831 5176 957 5232 querum

30 5237 36 5249 ·
124 5239 177 5278 eos
196 5221 259 5293 jam
279 5222 442 5291 poeniteret.
469 5223 542 5278 Hine
567 5232 714 5300 estquod
745 5231 956 5301 Epicureorum

124 5295 241 5349 nomine
258 5294 384 5348 subinde
399 5295 581 5364 appellantur
601 5300 637 5354 ab
654 5301 833 5374 Hieronymo
849 5309 877 5358 et
894 5305 956 5357 Au·

123 5366 255 5438 gustino.

159 5438 216 5508 (86)
237 5437 360 5505 Quesn.,
386 5458 397 5483 a
414 5435 472 5491 Sed
497 5434 589 5491 Deum
605 5440 724 5509 metuat,
741 5458 777 5496 ne
794 5443 822 5495 in
838 5443 904 5499 istis
920 5444 957 5499 il-
