3900 6128
97 288 174 357 1601

95 491 242 537 monstrato
256 501 310 537 non
319 488 446 551 maiorem
456 491 483 539 in
494 491 551 555 ipsa
558 491 720 540 fortitudinis
731 505 808 554 quam
820 491 932 557 pruden-

96 551 138 600 tiae
151 550 254 599 taudem
269 552 389 612 emicare,
404 565 507 603 summa
518 553 577 616 eius
592 554 620 602 in
634 559 705 604 tanto
720 569 863 605 successsu
878 569 932 604 mo·

96 613 180 661 destia
196 612 351 663 declaratur.
886 618 932 668 258

126 674 193 724 Car.
208 676 278 725 Vllt.
297 704 328 712 —
343 675 434 725 Plures
444 676 509 726 alias
520 677 613 727 viduas
625 692 684 742 qum
694 680 789 728 virtute
800 678 832 728 ad
841 680 931 729 iudith

94 738 264 794 accesserint,
280 739 415 788 exstitisse
423 740 508 788 aitvir
519 747 636 798 sanetus,
650 747 676 790 at
693 741 725 790 de
740 742 796 790 sola
811 741 931 791 Debbora

95 813 166 848 nunc
179 813 208 848 se
225 800 365 850 dicturum.
385 802 487 860 Quanta
500 804 653 852 documenta
669 803 757 853 viduis
774 817 802 854 ea
816 803 930 866 relique-

93 861 138 918 rit,
154 875 231 924 quam
248 863 327 911 viria
344 877 395 926 qua
414 868 567 928 regerentur
590 865 851 929 defenderenturque,
876 866 930 915 ete·

93 929 198 988 gerunt.
217 924 355 974 Maximam
369 939 473 989 quoque
486 926 556 976 illius
592 926 684 977 loriam
699 927 758 978 inde
772 930 929 991 profectam,

94 986 165 1048 quod
179 984 261 1035 tilium
275 1000 290 1036 a
305 1002 334 1037 se
350 987 516 1038 informatum
532 943 599 1040 helfa
616 991 771 1052 praefecerit,
787 991 829 1040 hie
844 996 930 1039 autem

93 1049 194 1111 copias,
210 1049 261 1097 nisi
281 1049 385 1101 adesset
400 1050 451 1107 iila,
470 1053 604 1115 negaverit
617 1065 676 1101 sese
691 1053 840 1103 ducturum.
866 1054 930 1103 Eam

93 1110 174 1175 igitur
190 1116 217 1159 et
233 1113 358 1161 exercitui
375 1114 516 1174 prefuisse
536 1118 561 1162 st
582 1116 775 1176 praenuntiasse
793 1115 853 1164 belli
871 1114 928 1163 exi·

93 1176 165 1234 tum;
182 1173 274 1235 inqua
289 1173 414 1225 Ecclesiae
428 1189 523 1239 pugna:
537 1189 567 1225 ac
582 1178 713 1240 triumphi,
730 1192 831 1227 necnon
847 1178 927 1240 spiri·

93 1235 153 1284 talia
166 1247 239 1285 arma
253 1236 388 1300 designata
406 1242 484 1286 sunt:
501 1237 626 1288 historice
643 1253 705 1288 vero
720 1240 822 1290 feminis
838 1252 929 1289 omnes

92 1299 249 1346 auferuntur
264 1300 423 1350 infirmitatis
438 1301 628 1351 excusationes.
883 1300 930 1351 260

125 1359 190 1410 Car.
203 1360 247 1408 lx.
264 1387 296 1397 -
311 1361 406 1410 Earum
420 1376 478 1424 qua>
495 1363 651 1421 dictitarent,
666 1364 717 1414 sibi
728 1363 821 1414 melius
835 1367 889 1414 fore
906 1365 929 1413 si

91 1420 160 1469 lastis
175 1423 344 1472 successibus
358 1424 527 1482 abundarent,
544 1425 685 1488 objectioni
700 1429 824 1486 occurrit,
842 1432 928 1477 osteu-

92 1483 158 1532 dens
172 1498 186 1532 e
201 1486 284 1534 saeris
302 1486 409 1535 Litteris
424 1488 542 1537 subsidia
554 1488 642 1537 viduis
652 1490 679 1537 in
693 1489 755 1539 tiliis
772 1491 928 1553 generisque

92 1551 246 1610 suppetere:
261 1547 332 1609 quod
349 1554 488 1610 postquam
500 1551 617 1660 exemplo
628 1565 724 1601 socrus
735 1551 850 1602 Simonis
861 1566 927 1602 con·

91 1608 224 1657 firmatum
237 1614 289 1666 est,
307 1622 353 1659 eos
369 1612 487 1661 bortatur
502 1618 530 1661 ut
550 1625 565 1661 a
600 1613 734 1676 apostolos
754 1619 877 1677 tanquam
895 1615 927 1665 ad

90 1670 228 1733 proximos
242 1675 321 1733 atque
345 1673 437 1722 affines
453 1675 622 1738 confugiant:
644 1675 689 1725 ubi
710 1675 884 1739 pulcherrime
895 1677 927 1728 ds

57 1751 59 1754 >
92 1738 244 1781 sauctorum
260 1733 425 1784 invocatione
439 1734 554 1786 disserit.
568 1736 670 1798 Postea,
685 1739 857 1801 querimoniis
871 1741 927 1801 qui·

90 1793 201 1843 busdam
217 1795 248 1843 de
263 1795 403 1846 solitudine
419 1812 450 1847 ac
466 1801 613 1861 patrimonii
628 1801 802 1850 conservandi
813 1802 927 1851 necessi-

90 1862 141 1905 tate
156 1857 289 1915 refutatis,
302 1858 543 1910 indecentissimum
565 1876 624 1911 esse
646 1863 807 1913 demonstrat
820 1863 927 1914 viduam

90 1918 133 1968 cui
142 1918 201 1968 tiliae
213 1919 264 1968 'am
272 1920 374 1970 nubiles
383 1922 491 1985 autjam
501 1932 588 1988 nuptae
599 1926 660 1983 sint,
669 1924 754 1974 adhuc
762 1925 868 1974 nubere.
880 1925 927 1979 263

110 1979 188 2053 'Cara
205 1934 235 2031 it.
250 2008 283 2018 -
295 1982 336 2033 Ad
345 1982 479 2034 Christum
490 1986 564 2044 redit,
573 1987 654 2048 cuius
662 2000 789 2038 summam
798 1988 823 2037 in
833 1988 927 2039 adeun·

89 2039 132 2091 dis
148 2044 252 2093 miseris
269 2045 429 2107 quibuslibet
442 2048 628 2109 benignitatem
642 2049 760 2106 laudans,
783 2062 838 2100 cam
861 2064 925 2101 ocu-

89 2102 123 2153 lis
141 2106 240 2155 nostris
255 2107 390 2182 Evangelii
407 2107 532 2160 beneflcio
547 2111 693 2174 subjectam
713 2112 783 2161 dicit.
800 2112 855 2162 Sub
870 2115 926 2163 haee

88 2167 194 2225 varias,
219 2169 313 2230 quibus
333 2185 360 2219 m
382 2174 499 2222 curando
520 2174 587 2223 idem
609 2174 726 2224 medicus
745 2180 835 2223 noster
858 2188 925 2226 usus

88 2231 220 2289 noscitur,
238 2232 352 2281 rationes
367 2240 472 2283 narrat:
484 2235 576 2284 deinde
593 2236 737 2286 curationis
750 2235 873 2300 praedicat
882 2251 923 2287 ce·

87 2289 223 2350 leritatem,
238 2292 380 2344 dummodo
394 2296 516 2347 invocare
531 2297 661 2347 medicum
677 2313 729 2347 uon
741 2297 924 2363 negligamus:

87 2353 148 2402 istis
160 2355 291 2405 subnectit
304 2357 430 2407 moralem
445 2358 476 2409 de
492 2361 627 2410 voluntate
645 2374 724 2423 quam
736 2362 763 2409 in
779 2375 859 2411 socru
873 2361 924 2410 Pe·

89 2416 122 2465 tri
136 2429 289 2480 expressam
304 2419 394 2478 docet,
414 2423 609 2484 acceptionem:
631 2428 764 2497 postremo
779 2425 824 2473 ubi
841 2439 924 2487 expo·

89 2478 143 2527 suit
158 2479 262 2588 gustem
275 2478 376 2555 Christi
391 2484 549 2542 ministrum,
570 2499 682 2535 maxime
695 2499 758 2535 vere
772 2487 924 2550 episcopum

89 2555 147 2590 esse
176 2548 256 2600 sceat,
274 2557 393 2607 rpsorum
407 2546 443 2594 ait
460 2560 519 2596 esse
535 2549 671 2612 proprium
688 2562 734 2611 per
745 2550 854 2612 gratiam
865 2564 925 2661 εὲιθιδ

106 2617 158 2652 ere.

87 2618 105 2668 ⁸
119 2665 184 2715 Cra.
198 2667 241 2716 XI.
256 2695 288 2704 —
301 2667 463 2733 causisque}
475 2686 521 2733 pro
533 2673 681 2735 nuptiarum
691 2673 826 2722 iteratione
835 2673 923 2724 afferri

88 2727 183 2800 solent,
208 2729 332 2792 explosis,
353 2734 491 2795 proibetur
514 2748 529 2783 a
550 2748 578 2782 se
599 2748 651 2784 non
672 2736 790 2785 damnari
808 2736 924 2788 secunda

88 2791 228 2854 conjugis3
246 2805 357 2853 quorum
374 2795 434 2844 licet
447 2811 479 2845 ex
492 2795 621 2859 Apostolo
633 2798 797 2848 incommoda
811 2812 922 2862 percur-

86 2858 137 2909 rat,
153 2853 326 2905 conditionem
340 2860 425 2907 tamen
442 2859 556 2909 affirmat
565 2872 597 2919 ap
619 2860 734 2909 robatam
748 2861 774 2909 in
785 2860 921 2912 Ecclesia:

86 2928 140 2977 quo
163 2913 221 2989 loco
244 2917 382 2969 haereticos
406 2921 450 2982 qui
473 2934 503 2970 ea
522 2874 702 2984 prohibebant,
718 2924 839 2987 castigat.
855 2925 922 2975 Cum

84 2984 171 3026 autem
186 2977 298 3028 drveraae
311 2978 477 3032 diversorum
494 2984 546 3032 sint
563 2985 649 3043 vires,
665 2985 725 3034 hinc
739 2986 836 3035 factum
851 2988 922 3036 seri·

87 3040 134 3094 bit.
150 3044 244 3089 utnon
259 3041 431 3105 imperaretur
447 3047 569 3104 castitas,
585 3046 631 3094 sed
646 3047 810 3097 suaderetur.
876 3049 923 3100 Eris

119 3102 184 3151 Car.
200 3104 256 3152 XII.
271 3104 446 3156 -Nonnulla
461 3107 599 3157 traduntur
622 3110 746 3171 prmcepti
763 3115 841 3173 atque
856 3125 922 3161 con·

87 3164 140 3213 silii
153 3165 315 3226 discrimina,
330 3182 389 3241 quas
413 3176 441 3219 ut
459 3169 544 3219 adhuc
561 3171 725 3221 innotescant
747 3173 921 3233 manifestius,

85 3226 177 3277 divitis
188 3227 371 3290 adolescentis,
382 3231 463 3293 cuius
475 3231 647 3296 Evangelium
657 3234 782 3291 meminit,
794 3235 921 3287 historia:

83 3302 134 3337 nee
153 3303 203 3338 nou
220 3292 389 3353 praemiorum
405 3294 525 3343 consiliis
549 3296 742 3359 praeceptisque
764 3299 921 3360 proposito-

83 3364 143 3400 rum
158 3351 299 3402 diversitas
314 3361 461 3404 enarratur.
875 3359 922 3410 2¹10

114 3413 180 3463 Car.
197 3415 265 3464 h'tii.
280 3441 312 3452 -
325 3416 411 3466 Allato
426 3419 561 3483 Evangelii
571 3419 629 3469 loco
643 3419 675 3471 ds
690 3421 862 3483 spadonibus,
874 3437 920 3472 eos

82 3477 129 3537 qui
151 3476 192 3525 vel
216 3482 308 3528 natura
330 3478 372 3528 vel
394 3481 530 3531 hominum
551 3481 673 3533 violentia
690 3482 755 3533 tales
773 3486 833 3535 faeti
849 3490 920 3543 sunt,

83 3551 137 3586 non
154 3551 310 3603 magnopere
327 3541 361 3591 oh
375 3541 401 3589 id
415 3541 578 3593 laudandos:
597 3546 640 3606 qui
654 3559 716 3595 vero
726 3548 848 3610 proprias
862 3561 920 3597 me·

82 3614 135 3649 nus
158 3601 229 3651 inse
251 3605 438 3661 converterint,
456 3605 619 3656 damnandos
635 3608 683 3666 ait;
707 3608 774 3657 hane
790 3610 920 3660 actionem

81 3663 228 3712 ostendens
241 3678 325 3727 neque
339 3665 426 3715 utilem
444 3681 512 3727 esse,
530 3683 590 3718 cum
611 3673 704 3720 mentis
726 3673 917 3734 concupiscen-

81 3725 144 3774 tiam
162 3725 266 3775 minime
279 3729 379 3777 auferat
395 3740 401 3776 τ
420 3743 502 3791 neque
526 3732 676 3789 honestam,
700 3746 759 3782 cum
785 3735 920 3783 certamini

81 3787 170 3836 locum
184 3801 237 3836 non
252 3787 389 3852 relinquat.
408 3790 488 3841 Solos
502 3792 583 3856 igitur
600 3794 777 3856 predicendos
795 3796 856 3845 illos
873 3795 919 3859 qui

81 3862 128 3913 pcr
146 3850 330 3900 confluentiam
348 3853 441 3915 seipsi
454 3855 582 3903 vicerint:
599 3855 644 3905 sed
658 3856 808 3920 cogendum
820 3859 852 3906 ad
869 3860 919 3907 hoc

83 3913 215 3961 neminem
229 3926 298 3971 esse,
313 3915 418 3974 quando
433 3930 481 3965 nee
493 3918 639 3979 Apostolus
660 3931 708 3967 nec
726 3918 848 3969 Christus
861 3920 919 3983 ipse

78 3981 213 4038 prreccpto
236 3977 424 4025 constrinxerit
447 3991 502 4027 eam
526 3980 662 4039 virtutem,
688 3981 757 4029 unde
786 3981 918 4047 intelligas

78 4050 133 4085 non
150 4037 293 4100 improbari
308 4040 467 4090 matrimonii
478 4046 556 4099 vota,
575 4043 621 4091 sed
641 4043 768 4093 eastitatis
784 4045 918 4157 ιιιιιοίωέξίό

109 4158 177 4210 Cir.
194 4161 263 4210 XIV.
274 4188 306 4198 -
320 4162 377 4212 Etsi
386 4162 464 4214 vidua
475 4178 527 4214 non
536 4168 664 4231 acceperit
675 4174 843 4231 praeceptum,
855 4182 918 4219 con·

78 4223 169 4272 silium
185 4229 269 4272 tamen
283 4230 337 4273 tam
354 4226 477 4288 frequens
494 4231 598 4289 tamque
612 4231 674 4278 utile
687 4230 757 4280 iilam
773 4232 915 4293 accepisse,

77 4292 107 4335 ut
119 4286 339 4335 contemnendum
357 4301 409 4335 aon
432 4288 560 4338 videatur.
582 4290 658 4340 Nolle
679 4306 708 4341 se
728 4294 851 4354 cuiquam
876 4292 915 4342 la·

78 4361 177 4410 queam
192 4348 310 4409 injicere,
325 4362 386 4397 eum
404 4350 529 4400 Ecclesia
545 4367 608 4416 ager
627 4355 685 4416 ipso
705 4368 809 4417 quoque
821 4355 918 4405 ditetur

76 4410 223 4473 conjugio:
239 4409 286 4459 sed
301 4411 452 4460 viduitatem
470 4425 527 4474 quae
538 4413 657 4464 laudatur
672 4417 705 4466 ab
718 4416 855 4477 Apostole,
870 4416 917 4467 ho-

76 4485 138 4521 nam
152 4474 241 4536 negari
256 4485 420 4534 nequaquam
436 4487 529 4537 posse;
545 4477 613 4525 unde
628 4492 680 4528 nen
697 4480 873 4541 perfunctorie
889 4481 916 4528 iu

76 4548 124 4584 cos
139 4536 203 4598 agit,
217 4548 329 4597 quorum
339 4535 443 4599 legibus
454 4536 524 4587 illam
535 4546 643 4589 noverat
656 4553 717 4589 esse
729 4542 915 4654 proscriptam&

106 4658 175 4708 Car.
192 4658 248 4707 XV.
265 4685 297 4696 -
312 4660 409 4708 Earum
426 4674 484 4722 qum
499 4659 641 4713 liberorum
656 4663 802 4714 obtendunt
816 4666 917 4716 deside·

74 4720 154 4780 rium,
171 4721 238 4769 toltit
252 4722 465 4771 excusationem:
492 4723 537 4771 sed
560 4726 692 4787 precipue
713 4732 831 4777 moratur
844 4729 916 4779 eirea

76 4782 137 4831 illas
153 4797 212 4844 qum
224 4797 256 4831 ex
270 4784 352 4845 priori
369 4785 496 4848 conjugio
512 4786 580 4834 filies
595 4786 709 4837 bahent:
725 4802 833 4852 gravem
847 4791 915 4840 enim

75 4858 166 4893 esrum
181 4846 349 4903 servitutem,
369 4846 475 4896 futuras
488 4847 555 4895 inter
571 4848 668 4899 liberos
683 4851 847 4908 inimicitias,
870 4866 915 4901 ra·

74 4920 132 4956 ram
155 4907 267 4968 denique
290 4908 358 4957 inter
379 4908 510 4972 coniuges
532 4911 605 4972 ipsos
623 4912 790 4962 concordiam
806 4912 915 4976 pulchre

74 4969 224 5018 describit:
250 4975 382 5032 postremo
403 4985 437 5019 ne
454 4984 505 5033 qua
522 4969 666 5035 Scripturas
683 4975 810 5038 exemplis
824 4977 873 5025 hac
888 4976 914 5025 in

74 5045 103 5078 ro
118 5030 249 5089 abutatur,
265 5038 350 5080 cavet.
869 5038 914 5089 27⁴

106 5092 138 5140 In
157 5092 258 5143 tibrum
274 5093 305 5143 de
320 5093 485 5158 Virginitats
499 5095 659 5148 admonitio.
869 5101 915 5151 275

167 5172 223 5232 bt:
244 5173 523 5236 VIRGINITATE
547 5176 675 5240 LIBER
696 5179 823 5243 UNUS.

106 5271 172 5320 Car.
189 5272 208 5320 1.
224 5297 256 5306 -
270 5271 321 5320 Ubi
336 5270 485 5321 Salomonis
498 5273 626 5335 iudicium
640 5277 780 5327 interduas
791 5277 913 5328 mulieres

73 5332 153 5380 tatum
169 5333 296 5381 historico
312 5334 388 5383 modo
405 5337 545 5393 enarravit,
561 5337 632 5386 addit
647 5340 696 5388 hoc
713 5340 800 5402 ipsum
815 5339 913 5391 idcirco

71 5393 168 5442 litteris
182 5395 330 5444 mandatum
348 5409 417 5452 esse,
433 5398 469 5444 uti
489 5410 631 5448 noscamus
647 5401 687 5449 vel
702 5402 913 5453 reconditissima

71 5457 100 5504 in
114 5454 200 5506 lucem
215 5458 308 5522 promi.
325 5457 424 5508 Deinde
433 5458 466 5506 ad
477 5463 632 5521 mysterium
648 5475 805 5521 conversus,
820 5465 911 5514 falsam

71 5522 183 5567 matrem
194 5519 226 5567 de
239 5520 390 5576 tentatione,
406 5534 494 5568 veram
507 5521 538 5569 de
553 5522 612 5580 tide,
623 5527 777 5574 machaeram
788 5525 820 5574 de
829 5527 911 5576 verbo

71 5581 120 5690 1)ῗί
144 5583 260 5644 exponit.
286 5583 402 5644 Denique
422 5583 455 5631 ad
475 5584 609 5634 historiam
624 5588 715 5650 dephte
728 5587 850 5637 lectorem
862 5603 912 5700 gam

67 5656 98 5691 ra
112 5679 118 5690 .

102 5706 167 5753 Car.
184 5706 217 5754 ii.
228 5706 454 5770 -Nuucupatum
465 5719 479 5754 a
491 5708 584 5770 lephte
596 5712 622 5758 in
633 5724 722 5776 pugna
731 5716 831 5771 votum,
843 5714 912 5763 redi·

68 5773 114 5815 tus
129 5768 250 5830 ejusdem
263 5769 356 5832 adopta
372 5768 489 5825 victoria,
508 5776 532 5818 ct
547 5772 607 5821 titia
618 5787 750 5823 occursus
761 5788 910 5824 memoran-

69 5835 122 5888 tur,
142 5832 169 5879 in
182 5844 235 5892 quo
250 5832 300 5881 etsi
312 5834 409 5881 factum
429 5831 618 5892 damnandum,
641 5836 667 5884 in
685 5835 812 5886 solvende
827 5843 911 5888 tamea

66 5897 134 5941 vote
150 5893 217 5943 tides
232 5906 285 5945 uon
300 5893 480 5959 improbanda.
492 5895 545 5946 Cur
555 5896 626 5948 Deus
638 5912 698 5949 cum
708 5898 820 5951 Abrabae
832 5901 912 5951 sacri·

553 292 656 369 011AE
677 293 721 358 IN
743 293 832 359 HOC
849 292 971 358 TOMO
995 290 1311 361 CONTINENTUR.

1746 279 1822 351 1602

985 492 1073 604 gemm
1093 492 1280 557 prohibuisset,
1298 493 1390 556 depbte
1404 491 1574 556 parricidium
1591 505 1643 541 non
1665 489 1820 604 irripediegfi}5

1003 557 1027 604 is
1047 561 1142 605 utatur.

1016 571 1072 667 (ἶριν
1097 619 1144 668 lii.
1162 645 1193 654 -
1208 619 1317 668 Miratur
1332 622 1440 667 sanctus
1454 617 1494 668 vir
1503 617 1573 692 quod
1589 615 1750 678 cumtephte
1760 627 1821 689 par·

985 680 1104 729 ricidium
1120 694 1194 729 nemo
1208 681 1378 743 prohibuerit,
1394 680 1474 741 aliqui
1489 679 1649 745 virginitatis
1669 683 1761 727 votum
1776 691 1821 727 rm·

983 742 1046 804 pleri
1065 744 1235 805 prohibeant:
1262 744 1326 803 quin
1346 743 1421 791 ctiam
1440 744 1549 804 ipsemet
1575 745 1721 813 accusetur,
1747 739 1818 801 quod

985 818 1016 853 ne
1029 806 1105 868 virgo
1123 819 1198 854 sacra
1212 805 1330 863 nuberet,
1345 805 1464 853 vetuerit.
1481 804 1509 852 id
1524 803 1604 853 offleii
1618 804 1660 851 sui
1674 803 1757 852 baisse
1766 815 1820 851 non

985 871 1083 915 tantum
1105 867 1231 930 Baptista
1254 866 1371 930 exemplo
1393 871 1417 914 et
1441 866 1500 916 Scri
1521 871 1585 915 turae
1599 864 1752 927 praeceptis,
1772 861 1820 913 sed

984 928 1060 977 etiam
1076 930 1140 991 ipsis
1155 929 1292 992 gentilium
1306 929 1434 977 institutis
1451 942 1499 990 pre
1535 934 1562 976 t:
1585 940 1615 977 ac
1630 927 1734 976 demum
1748 939 1819 990 prae·

983 990 1051 1038 dicat
1077 1005 1109 1040 ex
1132 1005 1162 1041 ee
1187 991 1375 1055 virginitatem,
1404 991 1473 1054 quod
1495 990 1614 1054 virgInes
1640 993 1820 1053 resurgentem

984 1052 1118 1103 Christum
1133 1054 1222 1115 prima
1236 1052 1358 1102 viderint.
1771 1049 1818 1101 28!

1015 1115 1082 1164 Car.
1098 1115 1141 1164 IV.
1154 1143 1186 1152 -
1196 1113 1503 1180 Magdalenerdubitantis
1515 1113 1776 1177 occasionevirgines
1785 1112 1818 1163 ad

983 1176 1059 1225 tidem
1073 1179 1241 1227 cohortatur:
1260 1183 1285 1226 et
1300 1177 1405 1239 quade
1419 1177 1516 1227 Christi
1537 1189 1598 1225 cum
1617 1176 1674 1239 ipsa
1688 1175 1818 1239 colloquio

982 1237 1107 1303 leguntur
1130 1240 1198 1302 apud
1220 1241 1348 1289 ioannem
1369 1239 1577 1303 Evangelistam,
1601 1237 1711 1301 spiritali
1737 1249 1818 1287 sensu

980 1300 1173 1361 jucundissime
1207 1303 1325 1352 ercurrit.
1770 1298 1817 1351 28³

1014 1363 1078 1412 Car.
1095 1364 1128 1413 V.
1142 1391 1173 1400 -
1188 1317 1264 1414 freon
1276 1377 1291 1414 a
1302 1363 1465 1429 digressione
1483 1362 1516 1414 ad
1538 1376 1613 1414 suam
1627 1362 1814 1419 defensionem,

982 1430 1007 1473 et
1021 1426 1071 1474 sihi
1086 1426 1189 1489 objecta
1204 1441 1256 1476 nou
1267 1432 1366 1476 tantum
1376 1426 1504 1489 agnoscit,
1518 1427 1696 1475 verumetiam
1707 1425 1817 1475 ulterius

981 1487 1100 1547 intendit,
1118 1502 1213 1553 cupere
1226 1490 1303 1538 etiam
1320 1492 1449 1550 nupturas
1464 1488 1496 1538 ad
1520 1489 1680 1554 virginitatis
1700 1488 1817 1538 studium

981 1562 1104 1599 revocare
1122 1556 1214 1613 sponte
1246 1553 1376 1601 rofessus.
1766 1550 1812 1603 85

1011 1611 1076 1661 Car.
1092 1612 1137 1661 Vl.
1152 1639 1184 1649 —
1197 1566 1245 1662 arf
1252 1613 1428 1677 virginitatem
1443 1625 1588 1675 provocare
1603 1626 1654 1671 nee,
1666 1613 1815 1688 improbum

980 1686 1049 1729 esse,
1064 1687 1112 1722 nec
1126 1687 1232 1730 novum,
1248 1689 1296 1723 nec
1305 1675 1414 1723 inutile:
1430 1688 1542 1737 quorum
1556 1677 1641 1738 primo
1655 1681 1740 1739 capite
1750 1689 1817 1739 pau·

980 1735 1019 1783 cis
1029 1735 1159 1795 absoluto,
1173 1735 1282 1786 alterum
1292 1736 1391 1785 scilicet
1400 1749 1498 1785 novum
1510 1750 1561 1785 non
1571 1751 1631 1786 esse
1646 1737 1745 1788 Christi
1755 1751 1814 1787 sen·

979 1797 1067 1853 tentia,
1080 1797 1180 1860 judicio
1195 1797 1383 1860 apostolorum,
1397 1812 1428 1846 ae
1443 1798 1623 1860 puerulorum,
1634 1799 1751 1862 exemplo
1762 1798 1812 1850 do·

980 1863 1036 1906 cet:
1054 1863 1109 1908 tum
1124 1859 1284 1908 damnandas
1299 1873 1352 1911 uon
1371 1873 1431 1909 esse
1448 1860 1554 1921 nuptias
1578 1874 1703 1917 mouens,
1723 1874 1814 1912 earum

979 1925 1065 1970 tamen
1081 1921 1177 1971 multas
1192 1927 1216 1970 et
1249 1936 1327 1971 raves
1341 1921 1476 1972 molestias
1489 1920 1603 1971 declarat
1619 1935 1625 1970 :
1648 1928 1727 1986 utque
1745 1935 1815 1972 neu·

980 1987 1047 2093 frat}
1061 1984 1154 2093 {aarum
1173 1936 1354 2034 conditionum
1371 1983 1512 2048 quisquam
1526 1982 1657 2042 traducat,
1674 1984 1817 2098 prudenttger

979 2057 1027 2094 sua
1048 2060 1081 2095 e.

1009 2108 1075 2156 Car.
1091 2107 1148 2157 Vll.
1165 2108 1326 2158 -Tertium
1336 2112 1413 2170 caput
1427 2121 1462 2172 ag
1494 2121 1581 2166 essus,
1599 2123 1692 2172 nempe
1705 2109 1814 2174 virgini-

979 2172 1057 2219 tatem
1071 2183 1124 2219 non
1137 2183 1197 2219 esse
1211 2170 1335 2228 inutilem,
1352 2184 1383 2219 ns
1403 2174 1430 2219 st
1481 2183 1525 2219 um
1538 2170 1599 2219 binc
1609 2170 1759 2233 reipublice
1772 2172 1813 2223 af·

978 2231 1040 2280 ferri
1055 2231 1191 2291 damnum;
1216 2233 1280 2294 quia
1300 2234 1352 2282 imo
1366 2185 1410 2280 ιιξὶ
1425 2232 1536 2281 maxime
1550 2231 1592 2281 ille
1606 2237 1693 2283 status
1706 2234 1815 2291 floreat,

978 2293 1013 2341 ibi
1028 2294 1241 2356 copiosissimam
1257 2293 1352 2344 civium
1367 2306 1426 2344 esse
1442 2295 1617 2355 frequentiam
1631 2294 1724 2345 docet:
1742 2296 1813 2358 quod

978 2361 1007 2404 ut
1019 2368 1098 2405 secus
1112 2361 1192 2414 esset,
1209 2356 1279 2405 hunc
1293 2361 1378 2405 mmen
1392 2368 1422 2404 eo
1442 2368 1495 2405 non
1512 2355 1728 2418 improbandum:
1752 2371 1813 2408 cum

977 2417 1004 2465 in
1019 2419 1147 2467 uxoribus
1161 2424 1231 2469 caste
1246 2418 1397 2468 viventibus
1412 2416 1447 2491 id·
1456 2430 1508 2467 non
1516 2418 1649 2492 culpetur.
1670 2417 1812 2494 Postquam

976 2493 1039 2529 vero
1054 2493 1146 2529 eorum
1176 2481 1203 2529 ui
1218 2481 1351 2542 juventuti
1374 2484 1480 2541 nuptias
1495 2480 1557 2530 hrnc
1576 2482 1633 2531 fieri
1652 2480 1814 2531 difficiliores

977 2541 1145 2603 objiciebant,
1158 2495 1349 2592 (aemonstravit
1363 2542 1523 2598 inanitatem,
1536 2543 1570 2591 its
1577 2544 1627 2652 (qui
1637 2544 1754 2608 virgines
1765 2558 1810 2594 se·

977 2604 1033 2653 rius
1051 2604 1174 2653 velandas
1188 2619 1247 2654 esse
1263 2603 1462 2661 contendebant,
1478 2617 1574 2667 respon
1595 2610 1620 2654 et
1634 2607 1678 2655 hie
1694 2605 1811 2671 episcopi

976 2667 1075 2728 requiri
1095 2667 1283 2730 prudentiam:
1307 2672 1334 2716 at
1356 2667 1439 2716 solam
1467 2671 1568 2716 aetatem
1591 2666 1811 2719 considerandam

977 2741 1029 2776 non
1045 2743 1104 2779 esse
1120 2735 1264 2791 martyrum
1281 2729 1416 2794 exemptis,
1432 2741 1462 2778 ac
1478 2741 1619 2790 puerorum
1633 2729 1667 2780 ad
1679 2729 1813 2787 Christum

975 2790 1163 2849 accedentium,
1179 2791 1280 2855 probat.
1765 2792 1812 2847 288

1007 2853 1073 2902 Car.
1085 2854 1156 2903 Viti.
1166 2880 1197 2891 -
1204 2853 1318 2903 AEtatem
1326 2867 1429 2903 omnem
1439 2854 1580 2916 quaerendo
1590 2854 1696 2906 ChrIsto
1701 2854 1813 2907 habilem

975 2927 1036 2964 esse
1050 2928 1130 2978 supra
1144 2916 1245 2973 docuit,
1269 2917 1312 2964 hic
1327 2915 1426 2965 nultum
1442 2916 1528 2966 locum
1543 2917 1575 2966 ad
1592 2917 1618 2966 id
1634 2931 1649 2966 o
1668 2924 1811 2984 portunum

975 2990 1028 3025 nou
1042 2991 1101 3026 csse
1115 2978 1237 3027 ostendit.
1254 2976 1308 3027 Cur
1321 2978 1455 3027 occidente
1472 2979 1527 3027 sote
1541 2993 1563 3027 oe
1584 2980 1606 3028 ri
1622 2992 1638 3030 a
1659 2985 1766 3030 arantur
1779 2979 1812 3032 ad

975 3037 1119 3095 Christum,
1137 3040 1160 3088 is
1170 3046 1255 3089 autem
1265 3044 1399 3102 quaeratur
1414 3045 1471 3089 orto
1484 3040 1538 3102 jam
1552 2993 1612 3091 diet
1628 3041 1672 3091 ubi
1688 3047 1713 3091 et
1724 3042 1810 3105 deja-

975 3103 1072 3151 ctantia
1085 3102 1190 3151 vitanda
1205 3102 1364 3165 praecipitur.
1381 3102 1421 3151 Ad
1432 3100 1595 3164 sequendum
1605 3115 1653 3166 per
1662 3104 1730 3153 diem
1741 3104 1813 3155 Chri·

975 3169 1045 3212 stum
1065 3164 1228 3213 exhortatio:
1247 3177 1305 3214 eum
1325 3177 1388 3212 vero
1407 3177 1454 3212 nec
1468 3165 1495 3212 in
1509 3165 1581 3223 foro,
1603 3178 1650 3214 nec
1665 3165 1691 3215 in
1705 3165 1809 3229 plateis,

974 3225 1019 3273 ubi
1031 3226 1163 3275 vulnerari
1176 3240 1205 3275 ac
1220 3225 1327 3289 spoliari
1342 3224 1437 3274 dicitur
1454 3225 1568 3288 Sponsa,
1583 3226 1705 3289 reperiet.
1762 3226 1810 3279 290

1005 3288 1176 3337 Car.1X.-
1197 3287 1372 3347 Quaerendum
1396 3287 1528 3337 Christum
1549 3289 1575 3337 in
1595 3289 1729 3339 mentibus
1746 3303 1809 3341 arc-

973 3354 1071 3399 matum
1085 3356 1162 3412 atque
1177 3351 1203 3399 in
1218 3350 1320 3399 deserto
1337 3362 1343 3397 :
1358 3350 1441 3423 hujus
1455 3350 1611 3408 fecunditas,
1626 3352 1746 3414 exposito
1760 3363 1808 3402 cur

972 3413 1022 3462 ttos
1036 3419 1114 3475 atque
1129 3412 1211 3461 lilium
1226 3413 1327 3462 dicatur
1339 3411 1470 3485 Christqs,
1486 3413 1663 3462 describitur:
1679 3419 1705 3463 et
1720 3413 1811 3464 induci

972 3474 999 3523 in
1022 3475 1128 3523 domum
1150 3475 1217 3532 vini,
1247 3474 1415 3536 ordinarique
1439 3488 1465 3523 in
1490 3489 1518 3524 se
1538 3475 1690 3525 charitatem
1715 3476 1810 3540 cupere

972 3542 1094 3586 narratur
1111 3535 1239 3587 Ecclesia.
1764 3537 1811 3590 tac

1003 3599 1068 3649 Car.
1085 3601 1115 3649 X.
1131 3599 1208 3649 -Ut
1223 3599 1322 3649 Christi
1332 3612 1478 3650 mereamur
1490 3601 1516 3648 in
1528 3613 1578 3648 nos
1589 3599 1739 3650 adventum.
1752 3600 1810 3666 Spl-

972 3659 1050 3711 ritum
1065 3665 1184 3711 sanetum
1198 3661 1317 3711 invocari
1331 3661 1438 3722 dehere:
1459 3661 1532 3712 iilum
1547 3663 1617 3711 enim
1637 3675 1689 3713 uon
1704 3676 1808 3728 semper

971 3724 1077 3782 venire,
1100 3737 1184 3785 neque
1205 3724 1237 3773 ad
1253 3737 1359 3772 omnes:
1377 3723 1423 3772 sed
1437 3725 1470 3775 ad
1486 3739 1541 3774 eam
1554 3724 1668 3775 animam
1690 3738 1749 3786 qum
1772 3725 1806 3777 fta

972 3790 1121 3835 terrestrem
1142 3789 1242 3835 exuerit
1258 3787 1385 3842 tunicam,
1408 3791 1437 3835 nt
1456 3788 1538 3851 ipsam
1555 3792 1645 3849 postea
1660 3800 1713 3836 nen
1730 3800 1809 3838 resu-

972 3854 1031 3896 mat.
1049 3848 1146 3898 Pedum
1161 3849 1224 3896 totio
1239 3848 1300 3912 quid
1319 3848 1462 3909 significet;
1485 3856 1509 3898 et
1530 3849 1600 3912 quod
1618 3849 1680 3898 dicit
1695 3848 1810 3913 Sponsa,

971 3909 1101 4019 guomodo
1115 3909 1263 3974 inquinabo
1278 3909 1345 3958 iffos
1357 3912 1369 3956 .⁹
1383 3910 1502 3974 Denique
1513 3910 1646 3975 spiritales
1660 3911 1753 3962 animm

989 3985 1017 4020 es
1033 3974 1083 4022 hoe
1100 3971 1157 4023 loco
1174 3972 1356 4036 intelligendos
1368 3986 1427 4021 esse
1442 3972 1648 4024 demonstratur.
1791 3974 1806 4027 b

1001 4034 1066 4083 Car.
1084 4035 1129 4085 xi.
1141 4061 1173 4070 —
1187 4036 1289 4085 Bonum
1301 4047 1363 4082 esse
1376 4035 1408 4084 ad
1422 4049 1558 4085 accessum
1567 4035 1665 4085 Christi
1678 4035 1807 4099 trepidare

969 4109 1000 4145 ac
1014 4098 1157 4147 festinare:
1172 4112 1231 4146 eum
1248 4111 1299 4147 non
1317 4110 1377 4145 cum
1391 4100 1491 4148 venerit
1505 4099 1605 4155 solum,
1631 4099 1676 4147 scd
1691 4105 1716 4147 et
1730 4100 1806 4162 prius

970 4171 1046 4220 quam
1061 4161 1162 4218 veniat,
1181 4159 1287 4210 solitum
1302 4158 1402 4210 deferre
1423 4160 1581 4219 mercedem,
1604 4165 1633 4209 ut
1645 4162 1752 4222 myrrha
1764 4159 1805 4209 di·

968 4221 1808 4349 tilethtttttpltthbattiti‘tttttttttftttttt:

969 4357 1027 4393 men
1043 4345 1110 4408 ejus.
1125 4346 1182 4394 Hoc
1197 4348 1360 4409 unguentum
1374 4346 1444 4407 quod
1463 4360 1565 4408 semper
1580 4345 1712 4408 fragrabat
1732 4344 1803 4407 apud

968 4405 1081 4466 Patrem,
1097 4408 1254 4469 intempore
1271 4406 1354 4455 Filius
1374 4408 1478 4468 effudit3
1501 4408 1547 4457 sed
1568 4408 1730 4457 exinanitum
1753 4406 1805 4457 fuit

968 4469 996 4517 in
1009 4469 1119 4526 ludaeis,
1136 4474 1161 4518 et
1180 4482 1196 4519 a
1210 4468 1352 4578 §sutilibus
1371 4468 1522 4527 collectum,
1537 4481 1650 4532 cumque
1664 4468 1805 4521 etiamnum

968 4531 1044 4589 fluat,
1059 4530 1188 4594 quotidie,
1232 4531 1351 4594 iligenter
1369 4530 1549 4594 excipiendum
1564 4535 1618 4591 est,
1642 4537 1671 4580 nt
1691 4531 1805 4583 animam

969 4598 1086 4643 nostram
1099 4599 1180 4643 totam
1193 4599 1320 4655 penetret.
1759 4592 1807 4645 295

1000 4655 1064 4706 Car.
1084 4657 1140 4705 xri.
1155 4682 1187 4692 -
1204 4656 1332 4705 Omnibus
1348 4660 1373 4704 et
1386 4655 1498 4704 maxime
1508 4654 1658 4720 virginibus
1671 4654 1806 4707 Christum

968 4718 1190 4782 exspectandum:
1205 4718 1227 4769 si
1245 4731 1307 4767 vero
1322 4717 1365 4767 ille
1380 4716 1531 4775 tardaverit,
1549 4717 1619 4780 quod
1637 4731 1740 4791 semper
1750 4719 1806 4769 ani·

968 4793 1016 4828 :nar¹
1034 4782 1061 4828 tlt
1075 4781 1213 4837 socordia,
1237 4779 1401 4843 surgendum
1415 4784 1440 4827 et
1454 4779 1584 4829 donorum
1597 4780 1630 4828 ab
1643 4793 1673 4828 eo
1686 4793 1742 4842 Jam
1756 4793 1803 4832 ae-

967 4849 1101 4904 ccptorum
1111 4841 1329 4911 contemplatione
1341 4841 1514 4891 invocandum
1525 4842 1653 4905 Spiritum
1664 4848 1786 4895 sanctum
1797 4857 1803 4893 :

967 4904 1096 4967 extemplo
1120 4906 1189 4953 enim
1213 4907 1344 4967 Sponsum
1366 4916 1567 5014 responsurum.
1590 4904 1657 4964 Quid
1680 4906 1715 4955 sit
1732 4905 1804 4968 quod

967 4973 1045 5029 eaput
1059 4980 1089 5016 ac
1103 4966 1239 5016 cincinnos
1254 4979 1319 5015 suos
1334 4967 1403 5015 humi
1424 4978 1455 5014 os
1470 4966 1549 5025 dicat,
1583 4979 1616 5016 uo
1631 4967 1690 5018 loeo
1706 4968 1803 5017 inseri·

965 5033 1042 5078 tura
1065 5029 1219 5091 capillorum
1241 5029 1371 5078 cincinnis
1396 5028 1549 5079 dehortatio.
1595 5030 1670 5079 einde
1685 5030 1729 5078 ubi
1743 5029 1802 5078 eni-

966 5104 1034 5139 mam
1045 5104 1140 5140 rursus
1156 5092 1188 5140 ad
1200 5090 1355 5140 servandam
1369 5090 1551 5149 innocentiam,
1568 5097 1593 5141 et
1605 5092 1760 5155 capiendum
1771 5104 1803 5140 ex

966 5154 1069 5203 actibus
1082 5168 1112 5202 ac
1126 5152 1176 5202 fide
1191 5154 1297 5203 odorem
1313 5152 1456 5215 spiritalem
1480 5154 1595 5217 impulit.
1621 5152 1733 5218 spondet
1746 5165 1802 5202 eam

966 5215 1005 5264 sic
1015 5217 1178 5327 placituram,
1192 5227 1416 5277 accessurumque
1425 5216 1457 5266 ad
1468 5215 1553 5279 ipsam
1563 5215 1708 5272 Christum,
1717 5228 1802 5324 usgue

965 5290 994 5326 se
1009 5278 1045 5327 iti
1061 5279 1112 5327 nisi
1134 5278 1285 5327 tentationis
1304 5291 1384 5327 causa
1405 5277 1611 5337 subducturum
1636 5283 1714 5339 atque
1735 5290 1750 5326 a
1769 5290 1801 5326 eo

965 5345 1108 5390 tentatores
1119 5353 1178 5389 esse
1191 5340 1363 5403 spernendos.
1754 5336 1803 5388 297

995 5403 1060 5452 Car.
1075 5403 1143 5451 iiiii.
1154 5401 1353 5453 -Diseendum
1362 5403 1439 5452 nohis
1449 5416 1508 5451 esse
1518 5401 1550 5450 ab
1560 5399 1677 5450 Ecclesia
1686 5414 1738 5476 quo
1746 5413 1805 5465 psc-

964 5468 991 5513 to
1009 5465 1131 5575 Sponsus
1155 5467 1238 5515 teneri
1276 5471 1349 5523 ueat,
1376 5465 1489 5514 vinculis
1507 5463 1608 5512 scilicet
1627 5464 1763 5537 charitatis
1776 5468 1804 5513 et

964 5540 1033 5589 supp
1044 5528 1153 5575 ictorum
1169 5529 1307 5582 beneficio:
1323 5525 1539 5576 introducendum
1549 5526 1625 5574 etiam
1640 5538 1699 5575 eum
1714 5526 1741 5575 in
1756 5539 1799 5573 m·

965 5590 1086 5637 teriorem
1103 5590 1217 5647 domum,
1234 5592 1383 5638 sedvirtute
1398 5589 1472 5649 prius
1483 5592 1643 5636 exornatam.
1658 5588 1707 5638 Per
1721 5600 1800 5650 quam

964 5652 1102 5700 fenestram
1118 5664 1223 5701 uranum
1237 5653 1338 5701 mittere
1352 5650 1454 5700 dicatur
1468 5650 1487 5697 S
1507 5663 1607 5709 nasus,
1630 5655 1656 5700 et
1672 5650 1800 5714 quemad·

964 5714 1068 5761 urcium
1083 5715 1204 5762 fenestra
1218 5714 1316 5777 virgini
1331 5714 1384 5761 sint
1398 5726 1479 5774 paruo
1498 5714 1538 5761 ce?
1552 5712 1615 5762 Eam
1630 5727 1736 5776 quoque
1752 5714 1797 5777 ja-

965 5790 1023 5824 num
1033 5790 1089 5824 sum
1104 5774 1199 5824 silentii
1214 5788 1288 5825 seras
1299 5787 1431 5838 apponere
1441 5774 1544 5833 dehere,
1559 5775 1629 5837 quod
1644 5788 1802 5840 magnaeus

963 5839 1029 5887 msto
1042 5840 1096 5888 Eva
1108 5851 1158 5886 non
1174 5838 1243 5887 fecit.
1252 5838 1326 5886 Tunc
1336 5837 1548 5886 mortificationis
1556 5838 1817 5886 screnumcx'xcmss

963 5903 1099 5966 merrham
1108 5901 1268 5953 sudaturam
1275 5913 1285 5948 ·.
1300 5899 1509 5962 s'imcdov'uqc
1517 5899 1574 5947 'ma
1579 5896 1650 5946 texts
1660 5895 1750 5941 mern
1760 5900 1835 5948 qm
