3900 6128
504 318 810 386 EPISTOLARUM
828 318 1002 386 ctassls
1025 323 1049 384 1.

1593 306 1673 389 reio

85 523 244 581 ircumoidi
259 516 354 596 pietas
371 523 551 591 crederetur,
576 539 654 578 nunc
676 513 768 577 1081
790 505 814 568 Α
833 519 924 577 batur
937 520 1047 577 auferri
1067 539 1072 578 :
1090 522 1143 577 scd
1160 525 1192 577 ut
1207 522 1407 593 adverterent,
1432 523 1483 595 qui
1498 525 1610 596 partem
1624 525 1673 581 sui

86 612 261 686 judicetur?
283 612 395 669 Deinde
410 611 530 669 Sabbati
545 612 621 667 diem
637 612 773 667 feriatum

85 718 139 761 ere
166 702 384 759 observabatur
409 718 446 759 ex
463 702 546 775 lege;
563 703 601 757 ita
616 705 649 756 ut
663 703 690 756 si
704 703 772 773 quis

85 792 139 849 uod
150 793 299 866 lignorum
309 795 469 863 portasset,
486 794 591 848 mortis
605 791 688 847 lieret
699 807 771 846 rcus

85 897 101 953 r,
116 881 184 951 85)‘?
207 896 285 937 nunc
310 885 406 937 autem
423 881 501 937 diem
515 882 615 953 ipsum
630 885 658 937 et
672 881 770 936 oneri-

85 969 191 1040 tundis,
215 974 243 1026 et
266 971 395 1043 negotiis
420 971 567 1027 obeundis
590 971 655 1025 sine
685 984 773 1041 poena

85 1074 117 1116 us
142 1060 285 1131 deputari.
312 1060 348 1116 m
370 1059 513 1132 pleraque
539 1064 687 1131 praecepta
703 1060 773 1114 sunt

85 1164 111 1206 e
124 1150 267 1221 praesenti
283 1152 414 1221 tempore
431 1165 553 1205 cessare
567 1150 714 1206 videntur.

85 1236 186 1311 largo
203 1254 303 1295 causae
318 1239 358 1294 sit
372 1238 598 1294 consideremus
609 1254 617 1310 3
628 1239 775 1294 nonenim

85 1327 121 1383 ιιι
135 1325 298 1399 Apostolus
313 1328 382 1399 quia
398 1350 409 1375 «ι
428 1327 490 1383 Lex
504 1326 689 1400 paedagogus
704 1341 774 1383 nos·

85 1417 113 1473 in
136 1415 257 1472 Christo
280 1415 389 1488 (Galat.
407 1431 449 1485 ιιι,
466 1413 521 1487 ιι).
547 1439 558 1466 ι
584 1415 774 1490 Paedagogus

85 1546 91 1577 ,
108 1504 290 1575 maturioris,
308 1522 345 1560 an
357 1503 557 1561 adolescentis
573 1505 649 1577 (35st
666 1503 775 1576 Utique

85 1597 217 1664 meantis,
232 1601 282 1650 aut
298 1595 392 1667 pueri,
409 1594 465 1651 hoo
477 1598 524 1651 cst
534 1595 628 1650 aetatis
640 1592 774 1648 inllrmae.

835 610 971 681 corporis
986 611 1186 684 amputabant,
1203 613 1293 668 mutto
1308 614 1404 685 magis
1419 612 1593 685 amputanda
1604 628 1671 685 peo-

833 702 907 768 cato,
927 701 1107 757 recidendos
1123 717 1186 771 eos,
1204 705 1253 774 qui
1270 702 1375 758 delicta
1385 703 1538 773 suadeant,
1554 703 1672 758 etiamsi

833 789 958 860 quadam
974 793 1085 847 unitate
1102 793 1237 864 corporis
1254 794 1512 863 connecterentur,
1529 791 1670 848 sicutha-

833 877 888 933 hes
904 879 1048 951 scriptum
1064 897 1070 936 :
1091 902 1101 930 ι
1119 880 1150 936 Si
1165 882 1286 937 dextera
1302 897 1407 936 manus
1423 885 1472 937 tuo
1488 881 1669 936 scandalizat

833 971 873 1031 te,
890 967 1034 1025 abscinde
1049 985 1124 1041 eam,
1141 973 1169 1026 et
1184 970 1298 1043 projice
1314 972 1367 1026 abs
1383 973 1427 1038 te;
1452 971 1572 1042 expedit
1592 971 1671 1026 enim

833 1042 886 1111 tibi
908 1061 940 1112 ut
962 1061 1062 1130 pereat
1087 1076 1177 1114 unum
1200 1061 1401 1116 membrorum
1425 1064 1558 1132 tuorum,
1582 1076 1672 1133 quam

834 1149 925 1202 totum
943 1148 1040 1215 1082
1056 1152 1256 1219 corpustuum
1267 1154 1312 1205 eat
1322 1151 1351 1204 in
1364 1151 1529 1223 gehennam
1545 1151 1666 1217 (Mattb.

833 1253 862 1306 v,
878 1236 966 1306 30).»
991 1237 1070 1312 Ergo
1093 1241 1171 1295 sicut
1193 1241 1305 1311 pueris,
1332 1242 1371 1295 ila
1392 1239 1506 1296 ludaia
1530 1239 1667 1295 mandata

835 1329 905 1380 sunt
925 1342 984 1382 noo
1006 1327 1092 1399 plena
1114 1335 1271 1401 praecepta,
1297 1328 1352 1386 sed
1374 1345 1412 1385 ax
1426 1334 1519 1401 parte,
1545 1333 1573 1384 et
1587 1327 1669 1386 velut

834 1430 923 1470 unam
937 1417 1062 1472 membri
1076 1419 1123 1475 sui
1148 1423 1259 1490 partem
1283 1419 1422 1474 mundam
1446 1433 1567 1474 seruere
1589 1434 1669 1489 prm-

835 1506 912 1574 cepti
927 1509 1006 1576 sunt,
1023 1508 1073 1578 qui
1088 1510 1180 1564 toturn
1202 1525 1311 1580 corpus
1333 1525 1421 1565 suum
1445 1508 1587 1564 mundum
1609 1523 1671 1564 ser-

835 1608 906 1648 vare
920 1597 1064 1664 poterant.

85 1699 123 1741 us
139 1686 227 1751 enim,
246 1685 324 1739 sicut
339 1684 426 1739 etiam
450 1684 652 1755 interpretatio
676 1682 779 1737 Latina
870 1685 896 1737 b.
917 1683 1038 1739 Sabbati
1051 1701 1169 1758 quoque
1185 1687 1275 1743 larius
1292 1704 1350 1744 uno
1365 1688 1413 1743 die
1429 1688 1458 1745 in
1481 1688 1666 1744 hebdomada

85 1775 162 1830 ›cter
176 1777 223 1828 est
236 1773 321 1844 puori
338 1791 344 1828 :
362 1775 413 1846 qui
428 1774 529 1845 utique
543 1772 600 1845 (36)
624 1773 779 1843 imperiec-
836 1767 988 1828 celebrere
1001 1773 1082 1846 jussi
1098 1780 1167 1831 sunt
1181 1776 1289 1848 (Erod.
1305 1794 1387 1846 xxxi,
1405 1777 1459 1846 15),
1475 1779 1506 1833 ut
1520 1777 1669 1832 nullione

108 1878 169 1919 non
192 1866 290 1933 potest
310 1864 443 1934 perlecta
461 1861 603 1918 adbibere
618 1865 777 1932 praecepta,
794 1877 820 1946 Β
836 1861 862 1915 ιι
883 1861 1092 1933 subderentur,
1116 1865 1167 1936 qui
1188 1865 1344 1921 mundanis
1369 1865 1510 1936 operibus
1538 1866 1669 1921 absoluti

85 1952 178 2008 tinere
194 1968 253 2008 non
268 1958 365 2025 queat.
392 1951 524 2025 Denique
539 1967 592 2024 per
606 1951 780 2023 prophetam
836 1954 946 2009 utinam
968 1968 1014 2009 sic
1035 1953 1198 2025 abiissent3
1223 1958 1254 2010 ut
1272 1955 1303 2010 in
1318 1953 1389 2010 illud
1405 1959 1579 2027 perpetuum
1595 1956 1670 2012 lutu-

85 2041 114 2097 is
128 2043 187 2097 ait:
208 2065 218 2088 ·
239 2041 320 2097 Dabo
336 2038 423 2097 vebis
445 2046 592 2114 praeeepta
617 2057 676 2097 non
699 2042 778 2097 bona
835 2058 935 2097 rorum
950 2041 1109 2098 Sabbatum
1125 2042 1305 2101 saeculorum
1319 2045 1398 2100 nulla
1413 2061 1516 2100 secum
1531 2045 1668 2118 gravium

85 2144 137 2201 xx,
163 2130 219 2201 25),
248 2151 260 2182 ι
284 2132 340 2186 hoc
356 2134 411 2200 est,
438 2147 497 2187 noo
523 2131 654 2202 perlecta
666 2149 674 2198 ;
699 2130 779 2203 quod
835 2131 977 2187 veherent
992 2146 1082 2187 onera
1097 2132 1281 2189 delictorum.
1299 2133 1357 2189 Sed
1373 2135 1442 2205 quia
1451 2133 1604 2188 lubricum
1619 2148 1669 2204 po·

85 2232 151 2290 rum,
169 2217 554 2291 utiquepertectum.ldem
574 2224 673 2275 autem
697 2218 778 2274 Deus
834 2219 935 2292 pulum
958 2221 1038 2278 Deus
1066 2225 1197 2291 noverat,
1228 2225 1340 2293 partem
1369 2222 1583 2278 infirmioribus
1606 2223 1665 2279 diei

85 2308 291 2382 operleotiora
303 2309 449 2380 servavit,
461 2308 608 2381 siquidem
620 2310 673 2364 ait:
687 2329 698 2360 ι
712 2308 779 2363 Non
833 2311 922 2367 unius
937 2309 1145 2367 observatione
1160 2312 1354 2383 praescripsit‚
1372 2308 1584 2383 plenitudinem
1603 2311 1667 2368 lor-

85 2413 118 2454 ιιι
131 2398 260 2466 solvere,
278 2395 332 2453 sed
354 2398 476 2469 implere
500 2399 620 2469 (Matth.
636 2414 665 2466 v,
683 2396 738 2468 t'l).
762 2418 774 2448 ι
832 2401 959 2456 tioribus
975 2401 1162 2458 reservavit:
1179 2400 1339 2474 Synagoga
1352 2399 1430 2456 diem
1444 2400 1593 2470 observat,
1610 2400 1665 2456 Ee·

85 2505 90 2543 ι
103 2488 196 2560 igitur
210 2489 299 2543 istius
315 2502 404 2543 causa
420 2485 577 2557 distantiae,
595 2487 654 2542 nisi
669 2487 773 2541 huma·

85 2577 152 2633 tas‘?
174 2577 293 2632 Solebat
317 2577 400 2632 duroe
421 2575 549 2632 cervicis
564 2575 705 2649 populum
721 2575 776 2634 lu·

97 2666 184 2738 lapsu
198 2664 347 2738 mobilem,
364 2664 515 2736 humilem,
533 2665 666 2738 perfidiae
681 2681 777 2738 prom·

85 2755 143 2832 bl),
160 2757 211 2827 qui
227 2773 298 2811 aure
313 2756 427 2812 audiret
442 2761 471 2811 et
486 2772 544 2812 non
559 2756 685 2824 audiret,
703 2771 773 2810 ocu·

85 2847 116 2916 et,
132 2848 161 2900 et
175 2859 233 2901 non
249 2843 374 2916 videret,
400 2843 516 2902 lubrico
531 2843 659 2917 quodam
676 2844 774 2900 intan-

832 2488 925 2544 elesia
947 2489 1204 2545 immortalitatem.
1235 2489 1268 2545 ln
1290 2488 1357 2563 lege
1380 2489 1472 2562 igitur
1494 2490 1601 2562 portio,
1633 2489 1662 2547 in

831 2577 995 2651 Evangelio
1010 2577 1153 2650 perfectio
1168 2581 1223 2635 ost.

865 2668 892 2723 b.
914 2668 1045 2739 Populus
1059 2668 1231 2724 ludaeorum
1248 2667 1329 2740 ligna
1347 2670 1465 2739 portare
1490 2669 1665 2739 prohibetur

830 2757 929 2828 (Num.
947 2775 997 2827 xv,
1013 2757 1118 2826 alec),
1134 2757 1191 2813 hoo
1205 2761 1261 2827 est,
1284 2755 1332 2813 illa
1355 2773 1421 2829 quae
1447 2763 1663 2815 consumuntur

830 2845 977 2903 incendio.
994 2844 1135 2903 Umbram
1151 2849 1238 2912 tenet,
1255 2847 1306 2920 qui
1331 2844 1425 2903 solem
1448 2847 1568 2920 refugit.
1595 2848 1660 2906 Tibi

85 2950 108 2991 n
132 2938 161 2990 et
184 2935 387 2991 immemorem
409 2938 648 3008 praceptorum
665 2938 693 2989 et
708 2934 774 2990 idae
831 2934 876 2991 sel
890 2936 1015 3008 justitiis
1029 2932 1163 2992 umbram
1171 2936 1380 3007 impedimento
1390 2951 1461 2992 esse
1471 2951 1531 2992 oen
1540 2953 1663 3011 passus,
1772 2974 1778 2981 -

85 3040 188 3098 nquam
203 3025 402 3097 paedagogum
416 3022 517 3080 mobili
533 3024 629 3097 plebis
653 3024 774 3096 ingenio
831 3030 963 3098 apertum
977 3027 1081 3098 gratioe
1097 3041 1160 3080 suae
1174 3022 1274 3081 lumen
1289 3025 1449 3081 infundens
1465 3026 1522 3081 ait:
1542 3047 1553 3075 ι
1571 3026 1663 3096 Vade,

85 3113 220 3171 adhibuit
233 3115 369 3182 inllrmae,
386 3114 511 3188 ipsaque
527 3113 605 3187 legis
626 3117 775 3187 praecepta
831 3119 860 3171 et
880 3115 986 3170 amodo
1008 3113 1077 3169 vide
1101 3130 1137 3170 ne
1158 3130 1266 3186 pecces
1289 3110 1384 3185 (dean.
1410 3132 1472 3184 vm,
1489 3112 1545 3185 ιι).
1563 3138 1576 3164 ι
1592 3115 1663 3181 ,Tibi

85 3219 119 3274 te,
136 3202 215 3260 aliud
230 3202 290 3275 legi
306 3204 409 3275 veluit,
426 3203 505 3261 aliud
520 3202 663 3277 intelligi3
679 3205 710 3258 ut
724 3204 772 3258 in·
788 3231 815 3304 0
831 3205 934 3260 oeterni
958 3202 1039 3260 illius
1062 3202 1137 3260 solis
1159 3204 1287 3260 imitator
1310 3203 1371 3259 ait:
1390 3225 1402 3252 ι
1419 3203 1451 3258 Si
1471 3205 1539 3275 quis
1565 3206 1663 3260 autem

87 3293 175 3349 altem
190 3294 269 3365 quod
284 3292 409 3366 legeret,
428 3293 601 3364 custodiret,
620 3297 648 3349 et
661 3309 678 3347 a
693 3309 773 3364 prm·
831 3293 1115 3366 superaedificaverit
1129 3307 1220 3364 super
1234 3291 1455 3347 tundamentum
1479 3307 1593 3363 nurum,
1613 3308 1664 3348 ar-

86 3385 170 3439 tterae
185 3398 244 3439 non
260 3384 412 3439 recederet
429 3399 435 3439 :
453 3384 575 3454 sapiens
595 3380 774 3455 intelligeret
830 3387 961 3457 gentum,
977 3383 1091 3454 lapides
1109 3382 1268 3454 pretiosos,
1281 3381 1370 3455 ligna,
1382 3382 1493 3452 fenum,
1506 3381 1663 3454 stipulam;

85 3473 167 3529 lentis
181 3473 368 3542 sententiam,
393 3489 482 3546 quam
496 3473 592 3528 littera
608 3489 668 3528 non
683 3488 772 3530 reso·
831 3471 1068 3544 uniuscujusque
1093 3487 1168 3543 opus
1190 3469 1378 3527 manifestum
1403 3470 1467 3526 erit.
1491 3470 1561 3526 Dies
1585 3471 1664 3527 enim

85 3563 233 3634 nprudens
249 3564 386 3618 servaret
404 3560 482 3635 legis
507 3563 673 3635 imperium,
699 3578 772 3633 pru-
831 3561 946 3618 Domini
957 3559 1170 3631 manifestabit,
1185 3561 1323 3632 quoniam
1339 3560 1368 3615 in
1383 3560 1453 3633 igne
1472 3559 1661 3618 revelabitur.

85 3651 211 3708 sterium.
229 3649 296 3707 Ideo
311 3652 360 3706 lex
376 3650 565 3709 severitatem
580 3648 670 3725 gladii
684 3651 775 3707 habet
829 3649 865 3705 Et
880 3649 1117 3723 uniuscujusque
1134 3664 1209 3718 opus
1224 3645 1310 3721 quale
1326 3648 1375 3718 eit,
1392 3649 1471 3722 ignis
1486 3648 1623 3721 probabit
1637 3649 1666 3718 (1

90 3743 276 3814 paedagogus
291 3742 450 3812 baculnm;
468 3745 499 3796 ut
514 3740 696 3813 imperfecte
711 3740 772 3812 ple·
832 3738 899 3794 Cor.
917 3756 958 3809 m,
975 3735 1018 3809 ιι,
1035 3737 1090 3809 18).
1108 3762 1119 3786 a
1147 3737 1183 3792 Et
1205 3738 1271 3793 ideo
1297 3734 1368 3792 illud
1389 3736 1663 3808 superaedilloemue

85 3831 200 3886 nitatem
213 3847 310 3903 poenae
324 3830 428 3886 sallem
440 3830 660 3887 denuntiatione
677 3828 773 3886 deter-
831 3845 921 3900 supra
936 3828 1086 3883 Christum
1102 3823 1250 3895 (Christus
1267 3827 1345 3882 enim
1369 3831 1504 3883 nostrum
1526 3831 1573 3884 est
1594 3827 1664 3885 lun·

85 3920 236 3992 angelium
251 3925 348 3977 autem
364 3919 577 3993 indulgentiam
591 3920 690 3990 habet,
712 3935 771 3992 quo
831 3917 1010 3988 dementum)
1038 3917 1117 3989 quod
1146 3933 1205 3972 non
1231 3920 1382 3987 exuratur,
1405 3917 1459 3974 sed
1483 3915 1663 3974 melioretur.

85 4009 230 4066 leuentur.
831 4008 945 4062 Aurum
961 4004 1132 4062 melioratur
1144 4007 1226 4080 igne,
1241 4004 1412 4062 melioratur
1428 4011 1593 4080 argentum.

85 4115 93 4156 ι
115 4115 189 4173 ergo
210 4102 251 4156 ait
272 4099 393 4169 Paulus,
421 4100 489 4173 quia
507 4123 517 4148 ι
534 4098 631 4155 littera
656 4098 773 4168 occidit,
866 4097 893 4152 7.
914 4096 1032 4151 Audisti
1045 4112 1150 4151 aurum
1165 4099 1194 4152 et
1208 4099 1374 4169 argentum,
1390 4099 1477 4168 putas
1492 4096 1549 4152 boc
1572 4100 1664 4153 mate·

87 4194 185 4247 autem
207 4190 337 4245 vivificat
359 4187 402 4259 (ll
416 4189 483 4246 Cor.
501 4205 543 4260 ιιι,
560 4189 598 4260 b).
628 4213 639 4237 n
665 4189 776 4244 Littera
831 4185 913 4256 riale,
939 4201 1124 4258 congregare
1149 4183 1327 4241 desideras:
1350 4185 1403 4241 sed
1428 4185 1506 4241 ludis
1532 4200 1662 4257 operam.

85 4278 285 4351 cumciditttl8)
295 4281 434 4353 exiguam
447 4279 773 4351 eorporisportionem:
831 4275 896 4331 Hoc
909 4291 1014 4330 aurum
1029 4278 1058 4330 et
1072 4278 1227 4348 argeutum
1243 4290 1318 4330 onus
1334 4272 1432 4343 habet,
1455 4274 1583 4330 fructum
1604 4289 1663 4329 non

85 4367 252 4442 intelligens
276 4368 536 4425 circumcisionem
558 4369 650 4425 totius
669 4369 775 4424 animae
831 4364 929 4420 habet.
945 4363 1027 4421 Onus
1042 4363 1204 4436 quaerentis
1219 4365 1267 4418 est
1282 4366 1419 4434 sumptus
1435 4362 1575 4418 haeredis.
1599 4361 1663 4417 Hoc

85 4475 133 4532 {uc
145 4459 289 4530 custodit,
305 4462 345 4528 ut,
356 4459 516 4530 sopertluis
525 4459 682 4530 amputatis
692 4457 774 4530 (quid
831 4470 935 4510 aurum
950 4458 979 4510 et
992 4457 1146 4527 argentum
1158 4467 1235 4508 onus
1245 4446 1343 4522 habet,
1355 4451 1482 4507 fructum
1493 4450 1662 4507 nonhabet.

85 4549 298 4620 isuperlluum,
316 4565 404 4621 quam
418 4548 550 4602 avaritiae
566 4548 646 4618 vitia,
673 4546 775 4602 libidi-
831 4543 912 4600 Onus
928 4543 1089 4616 quaercntis
1106 4543 1151 4598 est
1168 4543 1303 4612 sumptus
1323 4540 1463 4596 haeredis.
1481 4539 1545 4596 Hoc
1559 4555 1663 4595 aurum

85 4641 202 4707 seccato,
229 4654 295 4708 qum
324 4640 426 4692 natura
453 4652 513 4693 oon
541 4637 663 4703 habuit,
689 4635 775 4707 culpa
832 4635 910 4690 sicut
931 4633 1045 4706 lignum
1069 4633 1212 4702 exuritur,
1238 4645 1297 4684 non
1317 4631 1506 4700 perpetuatur
1523 4645 1529 4683 :
1546 4629 1664 4684 hecar·

85 4745 98 4796 ι,
108 4728 282 4782 castimonia
295 4730 437 4796 tencatur,
455 4725 612 4798 frugalitas
621 4724 772 4796 diligatur.
832 4727 953 4795 gentum
969 4723 999 4777 in
1013 4722 1061 4776 die
1075 4721 1125 4775 illo
1141 4720 1347 4774 detrimentum
1363 4718 1430 4773 vitoe
1446 4721 1521 4788 tuae,
1535 4718 1601 4788 fnon
1616 4719 1663 4774 lu-

85 4814 176 4889 igitur
192 4815 381 4870 circumcisio
397 4812 579 4886 corporalis:
594 4815 705 4868 veritas
720 4829 775 4868 au·

84 4904 202 4960 amcisio
218 4903 360 4975 spiritalis
377 4909 423 4959 est
440 4922 445 4960 :
463 4902 512 4959 illa
527 4901 692 4959 membrum
714 4917 774 4957 am·

85 4996 279 5065 apeccatum.
298 4993 377 5048 Nihil
395 4993 600 5064 imperfectum
616 4992 645 5046 in
654 4991 774 5046 homine

85 5084 228 5147 commit,
253 5098 308 5137 nec
334 5087 472 5155 tanquam
492 5082 675 5154 superfluum
687 5080 775 5153 jube·

85 5277 126 5317 ss.
152 5261 273 5332 aliquot,
301 5285 312 5308 ι
340 5261 427 5334 cujus
449 5263 519 5317 est?
542 5261 722 5331 ltlaturioris,
738 5277 775 5316 an

85 5333 149 5401 atie,
166 5338 215 5386 aut
232 5334 324 5403 paneri.
343 5355 356 5383 ιι

85 5405 192 5461 onnulli
208 5421 294 5475 mss,
314 5428 325 5452 ι
343 5405 448 5460 ductor
462 5407 508 5460 est
528 5404 622 5475 pueri,
649 5405 696 5459 eui
721 5405 776 5459 uti·

102 5500 113 5524 Ι

85 5547 135 5602 dit.
163 5549 234 5611 vet,
268 5570 278 5595 ι
309 5546 424 5616 lapsum
454 5546 612 5611 humilem,
642 5545 774 5616 perfidiae

88 5633 167 5683 rem;
188 5642 198 5665 ι·
218 5620 313 5687 llum,
333 5641 344 5664 ι
363 5619 517 5685 lascivum,
535 5617 684 5687 mobilem,
705 5632 774 5687 per·

85 5689 263 5760 ›mptiorern3
282 5712 292 5737 ι
312 5705 385 5744 mss.
402 5705 460 5761 quo
484 5704 519 5742 ue
537 5685 670 5744 nonnulli
691 5687 774 5743 omit·

85 5759 169 5833 rilem,
186 5761 304 5834 quidam
319 5763 406 5818 eliam
421 5705 556 5818 ιιιοιιιιειιι
570 5780 577 5814 .·
589 5758 695 5832 reliqui
704 5773 774 5815 vero

834 4828 915 4866 crum
939 4810 1049 4866 alteret.
1073 4808 1159 4864 Aliud
1183 4823 1298 4877 nurum,
1323 4803 1402 4862 aliud
1425 4811 1582 4880 arpentum
1604 4810 1663 4864 ate

833 4901 985 4973 quaeritur,
997 4899 1054 4955 hoc
1065 4901 1120 4968 est,
1133 4912 1243 4952 sensus
1257 4894 1365 4965 bonus,
1381 4897 1505 4953 verbum
1521 4897 1663 4970 optimum

832 4988 901 5061 (39),
918 4990 953 5044 de
969 4988 1078 5061 quibus
1093 4987 1163 5042 dicit
1179 4987 1259 5042 Deus
1274 4985 1343 5058 quia
1357 4983 1405 5040 dat
1424 5001 1497 5041 vasa
1522 5003 1611 5043 aurea
1635 4990 1665 5043 et

833 5081 955 5152 argente
971 5077 1076 5147 (Prov.
1092 5092 1185 5146 xxvrr,
1201 5073 1257 5147 ιι).
1276 5075 1348 5131 llaec
1364 5078 1434 5130 sunt
1450 5091 1574 5133 munera
1588 5076 1640 5132 Dei
1656 5094 1662 5131 z

834 5261 864 5315 ut
879 5260 908 5314 in
923 5259 1072 5328 contextu,
1089 5255 1147 5312 nisi
1163 5254 1241 5327 quod
1256 5272 1309 5327 pro
1322 5253 1459 5327 pertidia.²
1473 5256 1504 5310 in
1514 5254 1664 5329 aliquibus

832 5331 941 5401 legitur
976 5328 1092 5395 crh'dia,
1109 5343 1168 5382 non
1184 5327 1259 5383 malo
1275 5343 1378 5383 sensu.

868 5403 924 5472 (38)
967 5415 1052 5456 mnes
1068 5399 1136 5455 edit.
1153 5416 1186 5453 ac
1201 5400 1287 5469 pauci
1303 5414 1388 5465 mss,
1407 5421 1418 5446 ι
1442 5397 1551 5451 Littera
1574 5394 1666 5475 igitur

831 5473 959 5541 occidit;
977 5496 988 5521 ι
1005 5471 1113 5545 reliqui
1128 5471 1281 5545 inquibus
1297 5473 1325 5526 et
1339 5467 1587 5541 p1·obatissimi,...
1604 5481 1662 5519 crr-

831 5544 980 5607 curacidit.

867 5615 924 5686 (39)
944 5616 1030 5672 ιιοιιι.
1056 5612 1125 5669 edit.
1153 5612 1227 5682 sola,
1255 5610 1407 5667 «verbum
1422 5609 1573 5677 optimum.
1590 5606 1663 5660 llaec

831 5689 901 5743 saint
915 5700 1036 5742 munera
1051 5684 1115 5757 Dei,
1132 5683 1293 5758 dequibus
1313 5681 1383 5736 dicit
1405 5677 1497 5733 David
1513 5692 1521 5732 t
1537 5675 1663 5752 Eloquia

831 5758 958 5829 Domini,
975 5760 1031 5815 ete.
1050 5781 1061 5807 a
