3900 6128
107 111 194 181 11⁷³
702 108 1248 177 se1sr0tasuttcaasslsl.
1519 172 1521 176 .
1760 109 1840 182 11⁷4
1879 170 1881 176 .

108 298 195 372 quod
217 295 326 367 edocti,
351 295 502 371 multoque
523 297 714 370 prestantius
739 296 830 353 divini
851 295 1000 369 operiss1
1005 294 1104 352 Potuit
1117 311 1190 369 ergo
1204 293 1292 369 virgo
1308 294 1475 368 concipere,
1491 310 1551 353 noa
1566 295 1661 368 potuit
1673 295 1760 370 virgo
1783 309 1840 369 ge·

108 387 288 461 mysterium
302 384 370 459 (75),
393 402 481 460 quam
507 386 644 444 humanas
670 385 840 460 fragilitatis
854 399 952 444 reme·
1004 399 1130 456 narare;
1154 399 1222 441 cum
1244 398 1364 458 semper
1384 386 1545 458 conceptus
1561 384 1719 457 praecedat,
1734 387 1838 459 partus

111 478 204 535 dium.
221 477 293 532 lure
308 475 445 532 laudatur
458 475 536 532 bona
552 492 639 547 uxor,
655 476 709 531 sed
720 475 827 532 melius
839 475 953 547 piavir-
1002 475 1170 547 aequaturi

108 583 150 641 go
165 566 335 638 proeiertur,
353 566 470 622 dicente
486 564 629 637 apostolo
648 581 654 621 :
680 589 690 613 u
709 564 765 631 Qui
777 563 876 637 jungit
891 565 952 620 vir·
1039 566 1065 619 5.
1082 563 1140 620 Sed
1155 564 1183 619 si
1197 563 1340 620 doctrinis
1355 579 1414 620 non
1425 564 1762 636 creditursacerdotum,
1775 582 1839 623 ors-

106 657 214 729 ginem
230 671 325 726 suam,
341 654 418 711 bene
433 655 525 724 iacit3
545 659 573 710 et
587 655 638 727 qui
653 653 829 728 nonjungit,
847 654 953 710 melius
1003 653 1089 709 datur
1103 653 1232 710 oraculis
1246 653 1367 724 Christi,
1380 652 1516 710 credatur
1530 655 1649 710 monitis
1663 654 1839 728 angolorum

107 745 201 816 iacit,
224 744 290 801 haec
313 745 393 800 enim
418 744 528 817 cogitat
550 760 617 816 quae
643 744 695 799 Dei
719 746 798 814 sunt,
820 743 870 798 illu
885 759 952 815 quae
1004 743 1185 798 dicentium:
1212 741 1314 809 «Quia
1339 759 1398 799 non
1413 746 1459 798 est
1474 744 1659 815 impossibile
1674 744 1736 803 Deo
1752 759 1839 802 omna

107 835 215 891 mundi
229 833 258 905 (I
270 833 339 890 Cor.
355 851 406 904 vu,
423 833 479 905 81).
499 858 509 881 ιι
527 834 579 888 ΙΙΙο
594 833 805 906 conjugalibus
822 834 952 888 vinculis
1004 832 1128 888 verbum
1142 831 1224 900 (Luc.
1240 849 1260 904 1,
1276 831 1331 903 37).
1350 857 1361 882 o
1383 832 1526 888 Credatur
1539 833 1678 905 Symbolo
1693 832 1749 906 (80)
1764 849 1838 906 apo·

108 925 253 998 colligata
269 926 325 993 est,
342 922 950 995 haecliberavinculorumzillasublege,
1004 921 1169 992 stolorum,
1200 921 1279 994 quod
1307 922 1442 979 Ecclesia
1471 923 1603 978 Romana
1634 924 1840 981 intemeratum

106 1015 168 1070 ista
184 1013 243 1070 sub
259 1013 365 1087 gratia.
382 1012 497 1068 Bonum
518 1011 702 1085 coniugium,
728 1027 782 1083 ρον
805 1013 885 1084 quod
906 1015 953 1067 est
1004 1026 1123 1083 semper
1146 1011 1275 1067 custodit
1298 1016 1327 1067 ct
1347 1016 1457 1068 servat.
1480 1013 1600 1068 Audivit
1623 1013 1715 1068 Maria
1733 1028 1839 1069 vocem

106 1103 233 1159 inventa
246 1103 407 1174 posteritas
422 1101 629 1159 successionis
644 1101 781 1157 humanae
799 1117 806 1156 :
823 1101 878 1156 sed
892 1117 953 1157 me·
1003 1100 1113 1174 angeli,
1129 1104 1238 1174 atquae
1253 1104 1320 1156 ante
1336 1103 1451 1157 dixerat
1467 1118 1473 1158 :
1492 1124 1503 1151 ι
1520 1101 1672 1168 Quomodo
1687 1102 1738 1158 liet
1759 1102 1839 1160 istud

105 1192 168 1250 lior
182 1193 352 1264 virginitas,
369 1206 526 1264 perquam
542 1191 628 1263 regni
646 1191 778 1246 coelestis
793 1190 952 1246 haereditas
1003 1189 1093 1261 (ibid.
1108 1190 1176 1261 all?
1193 1214 1204 1239 a
1221 1206 1280 1247 non
1295 1192 1331 1246 de
1345 1191 1403 1246 fide
1421 1192 1622 1264 generationis
1638 1191 1837 1265 interrogans,

109 1281 270 1354 acquisita,
287 1283 314 1336 et
329 1280 497 1336 ooelestium
511 1281 815 1352 meritorumreperta
830 1294 952 1335 sueces-
1002 1280 1157 1350 respondit
1178 1284 1305 1351 postes:
1335 1281 1441 1336 «Ecce
1461 1279 1567 1337 ancilla
1582 1281 1709 1352 Domini,
1725 1281 1838 1337 contin·

114 1370 173 1427 sio.
197 1370 256 1426 Per
278 1369 434 1425 mulierem
453 1386 525 1425 cura
551 1370 710 1441 successit,
731 1385 784 1440 ρον
805 1369 952 1442 virginem
1002 1372 1053 1443 gat
1067 1369 1139 1424 mihi
1153 1370 1318 1425 secundum
1333 1370 1457 1425 verbum
1471 1369 1718 1441 Ιυονο(11)ι’ἀ.88).
1737 1391 1748 1420 ι
1765 1371 1838 1428 lloeo

109 1460 195 1516 salus
206 1460 314 1515 evenit.
326 1459 461 1531 Denique
472 1459 601 1531 speciale
610 1459 668 1514 sibi
681 1459 791 1515 donum
799 1458 952 1532 virginita-
1001 1462 1048 1514 est
1063 1458 1155 1531 Virgo
1171 1474 1238 1530 quae
1248 1459 1282 1536 ja
1296 1461 1379 1514 utero
1396 1459 1532 1530 concepit
1548 1474 1554 1514 :
1581 1459 1678 1532 virgo,
1699 1475 1766 1532 quae
1781 1476 1835 1533 pe·

110 1549 150 1605 tis
165 1547 306 1604 Christus
322 1548 421 1621 elegit,
438 1552 467 1603 et
480 1549 658 1621 integritatis
674 1564 782 1604 munus
804 1549 949 1619 exhibuit,
1002 1548 1078 1618 perit
1092 1546 1194 1602 hlium.
1212 1546 1261 1603 Sic
1276 1547 1354 1603 enim
1370 1548 1575 1618 scriptumest
1591 1563 1597 1603 :
1627 1571 1638 1595 v
1659 1547 1736 1604 Ecce
1750 1549 1836 1622 virgo

106 1641 201 1711 atque
217 1637 248 1694 in
262 1653 297 1693 se
311 1638 538 1708 repraesentavit
549 1637 604 1709 (Ἳὸ)
615 1638 695 1710 quod
706 1637 835 1710 elegitin
846 1640 949 1694 matre.
1002 1636 1032 1692 in
1046 1639 1130 1693 utero
1145 1637 1280 1708 accipiet,
1304 1638 1333 1692 et
1355 1636 1449 1708 pariet
1469 1636 1563 1692 filium
1581 1636 1651 1708 (Isa.
1668 1654 1718 1707 vn,
1736 1635 1781 1708 11)
1797 1653 1805 1695 :
1823 1661 1834 1686 a

965 1682 994 1748 B

140 1727 170 1784 4.
189 1726 306 1794 Quanta
321 1726 467 1782 dementia
483 1727 669 1782 funestorum
684 1727 851 1798 latratuum,
866 1729 899 1783 ut
912 1728 950 1783 ii·
1000 1726 1152 1782 nonenim
1168 1730 1376 1798 concepturam
1391 1727 1591 1782 tantummodo
1606 1718 1764 1801 virginem,
1780 1727 1836 1785 sed

106 1817 177 1875 dem
204 1817 338 1873 dicerent
362 1815 512 1872 Christum
536 1833 574 1872 ex
588 1816 710 1890 Virgine
734 1832 793 1873 non
815 1816 950 1888 potuisse
999 1819 1028 1872 et
1043 1817 1202 1887 parituram
1216 1817 1363 1888 virginem
1378 1816 1460 1872 dixit.

105 1907 260 1982 generari,
277 1907 328 1979 qui
341 1909 483 1961 asserunt
499 1921 536 1961 ex
550 1905 685 1976 muliere,
701 1906 788 1961 editis
804 1905 950 1963 humano·
1036 1905 1062 1960 6.
1078 1904 1149 1969 Quae
1165 1907 1263 1960 autem
1277 1909 1324 1961 est
1338 1905 1387 1959 illa
1402 1908 1485 1977 porta
1500 1905 1672 1976 sanctuarii,
1688 1907 1773 1977 porta
1783 1904 1833 1961 illa

107 2014 176 2053 rum
192 1997 352 2070 pignorum
367 1995 521 2066 partubus,
538 1995 673 2067 virgines
684 2011 857 2066 permanere
872 1995 951 2066 (illi
999 1995 1130 2052 exterior
1145 1994 1182 2049 ad
1200 1993 1359 2064 Orientem,
1378 2010 1444 2065 quae
1460 1996 1558 2049 manet
1571 1992 1690 2064 clausa3
1709 2015 1719 2044 ι
1737 1996 1766 2049 el
1780 2009 1834 2049 ne-

107 2087 186 2143 hliis
212 2101 286 2159 ergo
311 2087 435 2156 praestat
447 2083 597 2155 Christus,
613 2084 692 2157 quod
707 2083 776 2156 sibi,
791 2086 823 2141 ut
837 2085 948 2156 dicunt,
999 2098 1058 2155 mo,
1083 2083 1188 2155 inquit,
1213 2083 1404 2153 pertransibit
1427 2097 1481 2153 per
1503 2097 1568 2137 eam
1592 2081 1660 2155 (81),
1676 2081 1735 2138 nisi
1749 2083 1834 2139 solus

106 2178 254 2247 praestare
279 2190 338 2231 non
362 2174 479 2246 potuit?
501 2172 552 2228 llle
567 2189 650 2245 vero,
668 2172 740 2237 (167
757 2174 815 2230 etsi
830 2190 947 2230 carnem
998 2172 1079 2229 Deus
1095 2170 1186 2228 lsrael
1203 2172 1327 2241 (Erech.
1343 2188 1421 2238 xciv,
1439 2171 1519 2240 2)i»
1545 2170 1651 2228 Nonne
1668 2171 1733 2228 haec
1749 2175 1851 2245 porte·

106 2264 257 2336 suscepit,
281 2264 337 2320 etsi
363 2263 451 2320 homo
475 2262 571 2319 lactus
595 2265 642 2319 ast
662 2260 731 2335 (78),
754 2266 785 2319 ut
798 2263 948 2320 hominem
998 2261 1089 2317 Maria
1105 2264 1161 2334 est,
1178 2276 1232 2334 per
1245 2277 1333 2333 quam
1356 2262 1388 2316 in
1410 2260 1490 2316 hunc
1509 2261 1651 2317 mundum
1665 2261 1834 2332 redemptor

105 2354 279 2424 redimeret,
295 2355 382 2425 atque
407 2368 425 2407 a
448 2355 541 2408 morte
559 2356 713 2408 revocaret
728 2368 734 2408 :
751 2352 890 2408 inusitato
905 2355 946 2408 ta·
1000 2350 1140 2407 intravit?
1168 2351 1241 2406 llaec
1264 2354 1348 2421 porta
1367 2348 1512 2423 justitiae,
1538 2350 1616 2405 siout
1643 2351 1709 2422 ipse
1735 2350 1830 2407 dixit:

104 2459 187 2514 men,
204 2443 291 2515 quasi
307 2443 398 2512 Deus,
414 2441 519 2497 itinere
534 2442 658 2497 venitin
674 2444 780 2515 terras,
796 2446 946 2513 utquam·
1004 2464 1015 2488 ι
1032 2441 1102 2498 Sine
1127 2456 1182 2496 nos
1205 2440 1328 2512 implere
1350 2455 1466 2497 omnem
1486 2438 1632 2511 justitiam
1655 2440 1775 2511 (Matth.
1790 2457 1832 2512 m,

105 2532 271 2590 admodum
286 2531 401 2587 dixerat
417 2547 423 2586 :
450 2552 461 2582 ι
481 2531 559 2587 Εοοο
580 2530 657 2587 1οοίο
672 2532 769 2587 emnia
783 2547 860 2587 nova
874 2531 945 2604 (lsa.
999 2529 1056 2603 15).
1076 2554 1087 2578 ι
1104 2531 1176 2586 llaeo
1191 2532 1274 2601 porta
1289 2531 1337 2586 est
1349 2529 1435 2585 beata
1450 2529 1551 2600 blaria,
1567 2529 1603 2585 de
1618 2544 1676 2603 qua
1690 2530 1833 2601 scriptum

106 2639 191 2693 xnru,
218 2621 275 2692 19),
293 2644 304 2668 ν
331 2622 416 2693 partu
434 2620 521 2676 etiam
536 2620 730 2677 immaculatae
744 2620 877 2693 Virginis
893 2637 946 2676 na·
999 2624 1047 2678 est
1070 2620 1138 2694 quia
1165 2643 1176 2668 a
1193 2619 1336 2676 Dominus
1359 2619 1551 2691 pertransibit
1572 2635 1627 2692 per
1644 2635 1719 2690 eam,
1735 2622 1765 2676 et
1778 2619 1834 2676 erit

107 2712 257 2782 secratur,
282 2713 311 2766 et
335 2709 414 2765 sicut
436 2710 579 2782 scriplum
595 2713 650 2781 est,
668 2713 699 2766 nt
714 2710 884 2767 crederetur
897 2726 948 2767 ao
999 2711 1100 2768 clausa
1124 2709 1247 2782 (Erech.
1263 2726 1341 2781 xciv,
1357 2710 1385 2777 8)
1401 2729 1412 2759 ι
1430 2713 1499 2782 post
1513 2712 1647 2782 partum;
1663 2710 1732 2783 quia
1746 2709 1832 2783 virgo

105 2801 228 2857 hiscum
237 2799 328 2856 Deus.
339 2798 397 2855 Sed
408 2798 444 2855 de
454 2800 501 2854 via
511 2800 716 2871 perversitatis
726 2799 946 2872 produnturdi·
998 2802 1132 2875 concepit
1146 2804 1176 2857 et
1187 2799 1301 2875 genuit.

106 2906 177 2948 cere
195 2907 201 2947 :
219 2889 311 2964 Virgo
329 2888 472 2960 concepit,
483 2887 538 2944 ssd
548 2904 607 2944 non
618 2889 704 2961 virgo
715 2889 868 2962 generavit
878 2888 944 2961 (aa).
1032 2890 1144 2957 aonio
1152 2894 1250 2947 autem
1259 2890 1443 2962 incredibile,
1454 2891 1481 2948 si
1492 2894 1593 2948 contra
1604 2909 1692 2949 usum
1707 2893 1834 2967 originis

141 3032 202 3106 (75)
224 3031 335 3099 Quesn.
361 3034 390 3088 at
413 3032 520 3104 Oxou,
547 3032 668 3089 «divini
692 3034 792 3104 operis
809 3033 945 3090 ministe·
964 3035 1078 3112 uquod
1102 3034 1214 3108 singuli
1237 3035 1439 3107 apostolorum
1462 3038 1531 3107 post
1548 3037 1757 3093 ascensionem
1772 3037 1833 3094 Do-

105 3105 196 3162 rium.
214 3129 226 3154 a
998 3108 1070 3162 mini
1086 3107 1123 3161 ad
1141 3106 1376 3163 constituendam
1396 3106 1464 3163 ildei
1481 3106 1637 3164 formulam
1660 3110 1835 3166 convenien-

139 3176 202 3249 (76)
224 3175 334 3232 Omnes
358 3175 461 3232 Ambr.
478 3175 560 3247 edit,
579 3199 590 3224 ν
608 3176 638 3231 ia
654 3192 688 3232 se
701 3177 942 3247 praesentavit3»
998 3183 1054 3249 tes,
1078 3178 1158 3250 quod
1178 3178 1354 3247 sentiebant,
1379 3179 1409 3234 in
1433 3195 1523 3234 unum
1541 3181 1728 3247 contulerint,
1745 3184 1833 3252 atque

107 3249 218 3321 optima
233 3247 327 3303 Lahb.
343 3250 372 3303 et
387 3246 509 3318 Quesn,
528 3270 539 3298 ι
556 3249 585 3302 in
601 3263 635 3303 se
651 3249 884 3319 repraesentavit.
903 3272 914 3297 n
998 3251 1036 3304 ita
1060 3250 1227 3322 symbolum
1252 3250 1483 3320 composuerint.
1503 3251 1664 3324 Utramque
1686 3253 1833 3326 originem

140 3319 201 3390 (ΤΙ)
221 3318 294 3374 Eam
312 3319 463 3388 haeresim,
479 3334 536 3389 qua
551 3319 673 3375 Mariam
687 3322 755 3392 post
769 3322 944 3392 conceptum
997 3320 1085 3376 tradit
1106 3320 1233 3376 Rufinus
1250 3337 1256 3376 τ
1283 3322 1337 3377 sed
1360 3322 1390 3377 in
1414 3321 1516 3378 ultima
1529 3323 1638 3380 acriter
1651 3340 1668 3379 a
1683 3325 1833 3380 recentio-

107 3391 228 3519 quaeem
249 3391 405 3517 viriginerrtr:1
426 3391 619 3517 νονννΐὲιῑννοίοιοοΒ
638 3391 944 3518 ρροῐίῑεοροοὲορ,ινῖοο
997 3392 1081 3517 ributs
1102 3392 1307 3518 ¹impugantur.
1322 3393 1453 3519 leo'mm
1475 3396 1631 3522 ίρννοιοίριρνίο
1652 3397 1832 3522 Ιονςονοοιιὶιο

107 3477 286 3606 ἳένίοωᾳξὲἓ
300 3478 391 3616 ,ifflm
408 3478 446 3587 131,
467 3478 784 3616 Ualla?proysleicriiliiairle1
795 3478 862 3588 aggai
876 3478 944 3589 ‘iniri
998 3479 1078 3590 1811111111
1103 3470 1676 3608 οοοῗνινᾞοῑ,81οωνρ3ν)ιάῐιρῖξο;’ἳιοινῃ1νίιξνινινὸ
1687 3470 1832 3595 ἕοῐοῗὲἑῗω

108 3604 225 3662 iuemnt
239 3606 455 3660 lovinranrstae.
472 3606 560 3676 Atqui
576 3620 644 3677 epus
660 3607 791 3660 meminit
806 3607 851 3660 Au
876 3607 946 3660 usti·
998 3606 1177 3663 saeculorum
1194 3605 1296 3661 Patres
1312 3607 1348 3662 de
1363 3608 1467 3664 codem
1482 3609 1539 3666 alto
1555 3609 1670 3680 sileant,
1695 3610 1725 3666 8ο
1747 3610 1833 3666 deni·

108 3691 163 3732 nus
179 3676 349 3732 delirares.
366 3692 430 3746 cap.
445 3674 473 3732 8.
490 3679 518 3730 et
534 3676 585 3731 lib.
601 3694 610 3730 r
627 3678 658 3730 in
670 3676 727 3732 dol.
741 3692 804 3746 cap.
821 3677 847 3731 i.
889 3692 944 3732 ano
998 3693 1056 3805 due
1071 3677 1149 3749 quod
1165 3678 1258 3748 prima
1273 3678 1408 3748 symbola
1423 3679 1451 3735 in
1466 3680 1569 3736 verbis
1584 3682 1718 3737 nonnihil
1741 3682 1833 3738 dissi·

108 3748 184 3803 inira
212 3748 367 3820 impugnat
396 3747 574 3802 Ambrosius
604 3747 711 3802 iisdem
738 3748 942 3819 argumentis,
1018 3751 1095 3804 cant.
1122 3748 1205 3804 Unde
1227 3747 1371 3822 colligunt
1392 3766 1451 3807 non
1475 3753 1628 3823 apostolos
1653 3755 1747 3824 ipsos,
1778 3754 1832 3809 sed

109 3818 217 3892 quibus
242 3819 332 3874 utitur
355 3833 415 3874 non
437 3818 534 3901 solum
558 3818 588 3873 iu
611 3818 663 3901 lib.
679 3819 717 3874 de
737 3817 836 3874 Instit.
860 3818 942 3890 Virg.
997 3820 1116 3903 priscos
1131 3820 1321 3903 cpiscoposs
1344 3821 1473 3906 mbolum
1489 3839 1505 3878 e
1521 3826 1682 3896 praecipuis
1697 3825 1766 3880 tldci
1781 3841 1832 3880 ca·

110 3891 368 4017 tettalias
390 3890 802 4043 lisilr.i.¹‡⁰a¹li·.llst.⁰l⁰u
815 3888 944 4017 thal
997 3891 1833 4039 (11888888ρ(11118838838883

110 4029 254 4089 Caeterum
268 4032 420 4105 generatio
436 4033 484 4088 hic
498 4048 611 4116 passim
627 4036 787 4105 usurpatur
800 4048 854 4103 pro
876 4033 942 4104 ipso
996 4050 1102 4116 vocem
1126 4050 1142 4089 s
1165 4034 1261 4117 mboii·
1277 4038 1306 4091 et
1333 4037 1580 4118 significationem
1607 4039 1831 4110 antiquissimas

109 4109 203 4176 partu,
220 4121 288 4177 quae
302 4108 400 4160 amen
414 4118 533 4175 proprie
549 4102 626 4159 idem
650 4107 798 4175 astatque
815 4119 943 4176 concep·
997 4121 1067 4163 esse
1091 4121 1122 4161 rn
1145 4050 1300 4173 {eolesam
1326 4109 1473 4179 siquidem
1495 4125 1553 4164 non
1579 4111 1666 4165 modo
1680 4110 1758 4181 apud
1772 4111 1832 4165 Au·

110 4174 166 4246 tio;
191 4192 260 4232 cum
281 4191 425 4248 generare
449 4191 509 4231 non
532 4175 629 4248 magis
654 4174 944 4247 feminarum,quam
997 4177 1159 4249 goslinum,
1177 4192 1266 4232 serm.
1278 4176 1323 4246 59,
1336 4177 1497 4249 eiectare,
1516 4181 1728 4250 Hieronymum
1743 4179 1829 4251 epist.

110 4247 232 4374 mopiam
248 4247 297 4303 sit.
997 4248 1035 4304 ad
1048 4248 1231 4316 pammach,
1248 4251 1275 4304 et
1290 4249 1491 4316 Ambrosium,
1514 4266 1573 4306 non
1597 4266 1656 4305 uno
1671 4252 1746 4318 looo,
1763 4249 1831 4323 ejus

110 4320 278 4447 aldigiromo
303 4389 399 4445 iactus
420 4394 514 4456 est3r
539 4389 644 4471 Labb„
670 4389 748 4461 «qui
763 4389 809 4445 sic
824 4405 943 4447 carnem
960 4390 1124 4472 „Veland
1145 4391 1221 4460 virp.
1239 4390 1357 4446 circiter
1370 4392 1495 4461 initium,
1512 4392 1564 4448 lib.
1580 4393 1618 4448 de
1639 4393 1776 4449 Praescri
1796 4399 1830 4463 t.,

110 4463 252 4534 suscepit,
273 4461 340 4532 etsi,
360 4484 371 4509 a
395 4462 450 4516 etc.
473 4462 558 4516 Rom.
577 4483 588 4510 ι
605 4476 650 4515 sic
665 4476 784 4516 carnem
798 4462 942 4533 suscepit,
997 4479 1061 4535 cap.
1078 4461 1122 4533 13,
1139 4465 1169 4517 at
1182 4461 1233 4516 lib.
1251 4462 1372 4517 advers.
1398 4462 1558 4519 Praxeam.
1579 4464 1646 4520 Non
1661 4480 1751 4536 porro
1767 4411 1831 4521 ‹sis-

110 4534 148 4589 sic
165 4534 257 4590 horno
271 4533 367 4589 iactus
381 4548 388 4603 3
401 4555 412 4580 ν
430 4533 517 4588 nobis
533 4546 603 4587 vero
619 4530 730 4597 Quesn.
747 4531 834 4588 lectio
847 4533 944 4603 potior
997 4533 1197 4591 simulandum
1210 4532 1247 4586 ab
1263 4533 1442 4605 Hieronymo
1456 4534 1549 4591 scribi
1563 4535 1600 4591 de
1615 4535 1673 4592 hoc
1694 4552 1711 4592 s
1732 4537 1832 4594 mbolo

110 4609 161 4661 ast.
999 4604 1107 4676 uquod
1135 4604 1171 4659 ab
1199 4604 1344 4674 apostolis
1370 4605 1509 4660 traditum
1537 4622 1597 4662 non
1622 4553 1765 4665 scribitur
1801 4610 1831 4664 in

137 4675 198 4747 (¹19)
219 4675 261 4732 lta
280 4690 384 4731 omnes
401 4674 503 4731 ambr.
521 4674 590 4730 edit.
608 4674 701 4730 labb.
719 4676 748 4730 et
761 4673 876 4730 Thuan.
893 4690 943 4730 co·
996 4676 1097 4731 charta
1113 4678 1142 4731 at
1155 4677 1327 4744 atramento,
1343 4676 1397 4731 sed
1412 4677 1442 4730 in
1457 4677 1566 4734 tabulis
1581 4680 1682 4739 cordis
1703 4681 1832 4735 carnali-

111 4746 184 4818 dex;
199 4745 311 4813 Quesn.
329 4762 400 4804 vsro
415 4746 553 4818 praetulit,
580 4770 591 4794 u
608 4746 667 4802 Sed
682 4744 759 4801 devii
774 4745 852 4801 avia
867 4746 944 4802 veri·
994 4747 1073 4818 bus,
1090 4767 1103 4798 u
1119 4746 1197 4802 unde
1213 4761 1272 4801 non
1286 4746 1352 4802 leve
1367 4747 1484 4804 ducitur
1503 4754 1709 4822 argumentum
1723 4752 1831 4808 adver·

108 4820 185 4875 tatis.
205 4843 217 4867 .
996 4834 1050 4874 sus
1066 4834 1119 4874 eos
1135 4817 1184 4888 qui
1200 4817 1237 4872 ab
1252 4817 1327 4888 ipsis
1350 4819 1495 4890 apostolis
1517 4823 1714 4893 compositum
1738 4825 1767 4879 et
1789 4824 1833 4879 lit·

140 4889 201 4962 (80)
223 4887 395 4960 Symbolum
414 4906 431 4943 a
448 4889 552 4946 Graeco
567 4894 718 4971 meatim
732 4889 791 4944 diei
806 4904 865 4945 non
879 4904 944 4944 am·
996 4890 1069 4945 teris
1093 4888 1259 4944 mandatum
1283 4904 1353 4945 esse
1377 4892 1567 4949 contendunt.
1583 4893 1729 4951 Caeterum
1752 4893 1832 4966 quod

108 4967 230 5042 bigitur.
246 4967 305 5023 Sed
318 4966 411 5040 hujus
422 4969 507 5024 verbi
517 4970 625 5040 duplex
636 4969 816 5042 significatio
831 4971 887 5036 est,
903 4968 945 5022 al·
996 4962 1036 5017 ait
1059 4961 1198 5044 Ambros.
1221 4962 1417 5031 apostolieum
1440 4964 1608 5034 symbolum
1632 4967 1669 5022 ab
1695 4965 1831 5021 Ecclesia

107 5043 167 5097 tera
182 5055 250 5141 aare
265 5038 302 5094 ad
318 5041 458 5108 animum,
475 5040 566 5096 altera
582 5057 649 5112 quae
670 5042 707 5095 ad
722 5057 837 5111 corpus·
848 5039 944 5096 reier-
996 5033 1128 5089 Romana
1159 5036 1364 5087 intemeratum
1396 5035 1549 5103 custodiri,
1575 5038 1632 5093 hoc
1656 5038 1753 5108 ipsum
1777 5052 1831 5092 eo·

106 5115 162 5167 tor.
181 5111 281 5165 lrimo
296 5110 383 5165 modo
398 5117 548 5192 capitilio
564 5113 641 5168 idem
660 5115 716 5183 ast,
737 5129 772 5167 ac
792 5113 942 5184 conjicere
994 5103 1062 5160 dem
1084 5104 1171 5175 plane
1194 5104 1281 5160 modo
1300 5105 1426 5160 Rufinus
1441 5111 1605 5163 asseverat.
1621 5108 1743 5173 Quando
1758 5122 1829 5162 vero

107 5206 160 5247 ω.)
173 5190 328 5262 judicas„
348 5193 436 5263 atque
455 5193 495 5247 p,
515 5193 683 5262 symbolum
703 5192 775 5247 nihil
791 5196 837 5247 032
851 5192 942 5262 apud,
995 5191 1082 5231 saera
1105 5174 1155 5229 illa
1178 5176 1293 5257 tessera
1318 5176 1388 5231 olim
1403 5179 1568 5235 traderetur
1583 5176 1829 5250 competentibus,

105 5278 194 5335 quam
205 5261 346 5318 indicium
357 5267 386 5317 θ(
397 5264 482 5334 quasi
491 5265 578 5318 amhn
589 5264 735 5335 quaedam,
746 5280 805 5335 qua
816 5279 849 5319 ⁸0
858 5263 942 5318 Chri.
994 5248 1082 5318 atque
1106 5246 1143 5301 ab
1167 5246 1280 5302 eisdem
1305 5252 1497 5321 repeteretur,
1519 5250 1725 5322 explicaturin
1740 5249 1828 5321 epist.

104 5333 194 5390 stiani
210 5333 427 5406 dignoscebant
442 5337 470 5389 et
484 5335 574 5390 distin
601 5335 708 5389 nebant
722 5334 758 5389 ab
779 5334 940 5404 haereticis,
995 5318 1033 5373 dd
1047 5317 1182 5373 MWH·
1199 5335 1230 5387 Π»
1245 5319 1272 5374 4·

104 5403 354 5488 quemadmodum
369 5406 478 5488 milites
493 5423 527 5462 se
538 5352 722 5487 abdiestibus
737 5408 853 5461 tessera
863 5405 942 5488 mili3
1030 5406 1088 5478 (81)
1101 5405 1212 5472 Quesn.
1229 5407 1324 5476 solus,
1344 5431 1356 5457 a
1373 5410 1564 5479 pertransivit
1583 5423 1658 5475 eam,
1675 5408 1729 5466 sad
1744 5410 1829 5468 solus

104 5482 160 5532 tara
189 5475 288 5532 solent
308 5476 503 5550 distinguere.
528 5477 664 5533 Secunda
694 5477 829 5548 cpusdem
858 5476 943 5531 verbi
995 5477 1076 5533 Deus
1097 5478 1190 5535 lsrael
1212 5480 1404 5550 pertransivit
1424 5495 1529 5535 eam.»
1556 5479 1592 5535 Et
1615 5478 1707 5552 inira,
1735 5498 1831 5556 aper.

102 5546 286 5620 signiacum
299 5550 355 5618 est,
372 5564 439 5603 cum
454 5550 581 5604 sumitur
596 5565 648 5619 pro
660 5547 796 5604 conterre
819 5564 854 5602 ac
870 5562 942 5604 cou-
993 5549 1131 5606 transivit
1146 5564 1220 5620 eam,
1236 5552 1265 5607 et
1279 5550 1335 5607 erit
1350 5551 1469 5623 clausa,
1485 5551 1553 5628 quia
1568 5550 1665 5628 virgo,
1685 5577 1696 5602 a
1714 5556 1772 5614 etc.

103 5632 234 5695 gerer03
263 5619 341 5678 unde
369 5621 538 5693 symbolum
567 5636 606 5679 ex
633 5636 669 5678 eo
698 5620 809 5678 dictum
827 5619 941 5692 volunt,

224 4318 289 4374 Vet.
316 4318 400 4387 edit,
426 4340 436 4365 a
462 4318 513 4389 qui
537 4333 656 4373 earnem
684 4334 770 4373 suam
798 4318 941 4389 suscepit,
997 4320 1105 4376 mentio
1121 4319 1172 4387 at3
1189 4335 1291 4374 verum
1305 4319 1392 4375 etiam
1408 4321 1486 4403 apud
1500 4321 1712 4377 Tertullianum
1725 4321 1777 4378 lib.
1794 4322 1832 4379 de
