3900 6128
151 281 215 381 :2⁹¹

801 304 804 309 ·
873 269 908 344 3.
929 264 1152 343 tuenosrl.

1825 260 1898 335 'm

194 485 264 543 diet
286 483 337 540 uhi
351 487 381 538 et
396 481 589 554 dejectautia
608 479 728 535 vitanda
738 478 925 551 praecipitur.
945 475 995 532 Ad
1007 459 1038 521 Α
1088 476 1133 531 46.
1153 474 1185 530 ln
1200 474 1265 531 foro
1279 477 1329 530 aut
1343 473 1374 529 in
1389 472 1495 544 plateis
1510 472 1649 528 Christus
1666 487 1725 528 non
1735 472 1894 542 reperitur.

193 554 373 628 sequendum
393 553 530 626 perdiem
552 551 704 608 Christum
720 550 905 612 exhortatio,·
930 563 994 602 eum

197 642 267 681 vero
282 641 337 680 nec
351 626 382 679 in
395 624 516 696 plateis,
533 623 584 678 uhi
601 622 754 676 vulnerari
768 636 801 676 ac
815 619 940 692 spoliari
955 618 997 674 di-

194 698 274 753 citur
288 695 413 768 Sponsa,
429 694 572 766 reperiri.

194 783 239 841 ts.
259 785 291 839 ln
306 785 381 856 ipsis
397 783 493 839 adhuc
508 781 653 838 Ecclesiae
667 779 821 853 principiis
836 778 931 835 turbae
946 793 997 833 re·

159 872 316 948 quirebent
338 887 416 928 eum.
440 870 503 937 Que
526 871 659 927 ratione?
672 867 746 934 Quia
761 883 875 937 manus,
891 867 996 938 iuquit,

161 965 315 1036 imponens
333 960 457 1016 curabat
481 975 532 1016 ecs
556 959 638 1030 (Luc.
662 974 702 1029 ιι,
727 957 783 1027 to).
804 956 867 1011 Nec
881 959 998 1026 tempus

162 1051 200 1108 ad
213 1050 388 1120 sanandum,
405 1064 460 1104 nec
474 1048 560 1104 locus
581 1047 735 1119 quaeritur.
754 1044 898 1100 Omnibus
921 1043 1000 1099 enim

162 1139 239 1198 locis
254 1137 452 1209 omnibusque
466 1136 651 1208 temporibus
673 1150 733 1191 non
757 1136 804 1190 est
825 1132 1000 1204 praetermit-

163 1227 251 1285 tenda
283 1226 438 1283 medicina.
470 1225 548 1280 Intra
576 1224 694 1279 domum
718 1222 810 1278 Maria
833 1222 870 1277 ah
894 1220 1001 1295 angelo

164 1316 352 1374 benedicitur
366 1315 448 1387 (Luc.
464 1329 485 1384 ι,
500 1313 566 1386 33);
583 1313 659 1369 intra
674 1312 793 1369 domum
808 1310 901 1366 David
915 1309 1002 1382 ungi-

164 1408 213 1462 tur
227 1406 258 1462 in
272 1404 444 1476 prophetam
459 1401 488 1474 (l
495 1402 568 1474 Raq.
584 1418 645 1471 xvi,
661 1400 700 1471 3).
716 1400 833 1473 Ubique
850 1399 940 1455 lesus
956 1413 1003 1463 cn·

167 1498 222 1565 ret,
239 1494 349 1566 ubique
364 1496 447 1547 senet
465 1507 471 1547 :
487 1491 517 1546 in
534 1491 648 1558 itinere,
665 1490 696 1545 in
712 1488 810 1560 domo,
825 1489 855 1544 in
872 1488 1001 1543 deserto.

165 1583 198 1640 ln
212 1583 317 1638 itinere
333 1583 452 1638 curatur
466 1595 533 1653 quae
549 1579 694 1635 fimbriam
708 1578 804 1650 tetigit
825 1577 943 1648 (Matth.
961 1593 1001 1647 rx,

165 1672 227 1743 30);
243 1672 274 1728 in
289 1672 375 1727 domo
391 1669 535 1742 principis
550 1666 719 1741 synagogae
734 1667 794 1722 filia
808 1664 1004 1722 resuscitatur

167 1760 275 1833 (Marc.
291 1775 320 1826 v,
335 1758 401 1830 tl);
417 1759 448 1814 in
464 1760 583 1814 deserto
607 1757 693 1812 turba
709 1759 840 1811 sanatur.
871 1753 1004 1854 Denique
1019 1782 1045 1846 B

167 1849 213 1906 sic
237 1849 330 1904 hebes
350 1864 356 1905 :
377 1848 448 1903 Cum
469 1853 565 1902 autem
588 1845 635 1902 sol
647 1844 817 1915 occidisset,
838 1857 1001 1915 omnesqui

167 1938 318 1999 habebam
333 1935 469 1992 infirmos
482 1935 578 1990 variis
591 1933 794 2006 lanquorihus,
811 1931 958 1987 ducebant
971 1930 1005 1985 il·

167 2027 214 2084 los
228 2027 266 2082 ad
287 2042 362 2081 eum.
387 2025 428 2081 At
450 2024 502 2079 ille
521 2021 650 2096 sinqulis
669 2023 718 2077 his
732 2037 835 2076 ruauus
852 2021 1006 2093 imponens

169 2114 293 2172 carebat
315 2129 367 2170 eos
387 2114 468 2184 (Luc.
486 2128 527 2183 ιιι,
542 2112 599 2182 40).
624 2110 752 2167 Senebet
774 2125 846 2183 ergo
868 2112 897 2165 et
911 2109 943 2164 in
957 2108 1008 2164 de-

169 2207 262 2275 serto,
278 2206 307 2259 ct
322 2202 474 2258 occidente
486 2200 550 2274 jam
564 2198 640 2271 sols,
655 2203 684 2255 at
698 2199 822 2254 sanabat
835 2212 943 2253 manus
959 2197 1010 2252 im·

168 2304 302 2366 ponens:
325 2294 357 2347 ut
371 2293 400 2346 et
415 2291 509 2346 Deum
521 2303 556 2345 so
571 2292 602 2345 et
615 2288 765 2345 hominem
780 2287 1008 2343 demonstraret.

169 2381 236 2439 Non
251 2380 397 2437 immerito
413 2379 503 2453 igitur
516 2377 592 2434 iacta
606 2377 668 2450 jem
687 2377 734 2433 die
756 2376 851 2432 turbae
873 2375 1008 2450 require·

168 2471 240 2528 bant
254 2485 332 2527 eum.
743 2455 748 2461 ¹

204 2559 249 2615 43.
271 2557 362 2614 Video
387 2558 532 2613 ordinem.
558 2555 629 2612 Sole
644 2555 808 2626 occidente,
835 2554 909 2628 aegri
925 2553 1008 2610 defe-

169 2651 275 2704 runtur
288 2647 325 2701 ad
340 2644 490 2701 Christum
502 2661 509 2702 :
521 2645 598 2700 fecte
613 2649 710 2701 eutem
724 2645 781 2714 die,
798 2644 894 2699 turbae
909 2644 1009 2717 requi·

171 2736 276 2792 rebant
299 2724 377 2790 eum.
402 2733 525 2798 Quando
550 2735 628 2788 enim
646 2733 706 2789 nisi
721 2748 774 2804 per
788 2733 853 2788 dics
868 2734 1011 2806 quaeritur

170 2822 331 2880 Christus?
352 2822 427 2877 Nem
441 2823 492 2894 qui
506 2822 536 2877 in
551 2821 616 2878 luce
630 2821 769 2890 ambulet,
794 2837 854 2878 non
867 2823 979 2878 recedit
992 2838 1009 2876 u

171 2911 302 2968 Christo.
326 2910 427 2983 ltaque
449 2926 509 2965 nox
534 2910 661 2965 habebat
682 2910 778 2966 adhuc
803 2913 1010 2983 egrotantium

171 3001 311 3076 gemitus,
328 3000 393 3055 dics
406 3000 470 3072 jam
484 2999 572 3054 lldcm
583 2999 689 3071 plebis,
708 2999 770 3072 iam
783 3001 911 3056 laetitiam
922 3017 1008 3057 sena-

171 3094 269 3148 torum
283 3092 332 3147 :ut
341 3090 420 3162 quod
429 3088 572 3159 scriptum
583 3092 638 3160 est,
651 3089 848 3160 compleretur
859 3106 865 3146 :
877 3091 926 3146 Ad
940 3107 1007 3147 vcs-
1025 3093 1051 3155 c

1053 564 1185 636 Denique
1210 579 1265 619 nec
1289 563 1338 618 illa
1360 577 1428 618 cum
1452 562 1484 617 in
1506 561 1572 618 foro
1593 562 1666 617 etin
1680 560 1788 632 plateis
1803 562 1897 631 poluit

1052 653 1193 724 repetire,
1209 668 1277 724 quae
1292 652 1365 706 dixit
1381 668 1388 706 z
1406 651 1587 723 Exsurqam,
1609 649 1667 715 ibo,
1684 654 1715 705 et
1730 650 1896 704 circumibo

1052 742 1215 811 civitatem,
1238 742 1270 795 iu
1289 739 1403 796 foreat
1423 741 1453 795 iu
1471 739 1593 811 plateis,
1620 743 1650 793 et
1666 754 1796 811 quaeram
1812 755 1896 811 quarn

1051 829 1160 886 dilexit
1184 829 1281 884 anima
1302 845 1377 884 maa.
1405 828 1537 894 Quaesivi
1561 843 1636 898 eum,
1662 833 1692 882 et
1712 838 1771 884 nou
1788 828 1893 882 inveni

1053 934 1140 975 cum:
1161 917 1264 974 vocavi
1278 933 1352 982 eum,
1375 923 1405 973 et
1427 932 1484 973 non
1510 917 1664 973 obaudivit
1686 932 1742 973 ma.
1769 915 1894 988 Nequa-

1053 1024 1142 1080 quam
1156 1008 1247 1080 igitur
1259 1006 1301 1061 ibi
1315 1021 1485 1079 quaeramus
1500 1005 1670 1076 Christum,
1691 1006 1743 1062 ubi
1763 1005 1897 1061 invenire

1053 1113 1113 1153 non
1127 1097 1291 1170 possimus.
1308 1096 1375 1152 Non
1399 1098 1446 1151 est
1469 1095 1606 1151 Christus
1625 1095 1895 1151 circumforaneus.

1053 1184 1191 1241 Christus
1206 1185 1284 1240 enim
1300 1188 1346 1239 est
1361 1200 1428 1255 pax,
1445 1184 1476 1238 in
1496 1183 1556 1239 folo
1580 1183 1664 1254 lites;
1683 1182 1824 1240 Christus
1842 1182 1894 1255 ju-

1057 1275 1137 1330 stitie
1151 1275 1207 1345 est,
1224 1273 1255 1328 in
1269 1272 1335 1329 foro
1349 1272 1491 1345 iniquitas
1504 1288 1510 1328 :
1523 1271 1662 1328 Christus
1680 1274 1821 1346 operator
1841 1276 1896 1344 est,

1055 1362 1263 1437 inforoinene
1282 1360 1541 1418 otiumtchristus
1558 1361 1687 1418 charitas
1706 1365 1764 1433 est,
1783 1362 1814 1417 in
1834 1361 1898 1418 foro

1057 1450 1232 1509 obtrectatio
1245 1449 1400 1507 :Christus
1418 1449 1492 1505 tides
1511 1453 1567 1520 est,
1587 1451 1617 1505 in
1634 1451 1700 1507 foro
1717 1451 1802 1506 fraus
1812 1454 1899 1523 atquo

1058 1539 1181 1613 perfidia
1192 1556 1199 1596 :
1211 1539 1350 1595 Christus
1361 1541 1392 1594 in
1403 1539 1539 1595 Ecclesia
1550 1542 1605 1608 est,
1618 1539 1648 1595 in
1668 1538 1733 1596 foro
1753 1540 1845 1595 idola.
1865 1539 1901 1594 Et

1059 1633 1091 1685 ut
1104 1629 1155 1684 ille
1171 1629 1260 1684 vidue
1274 1643 1362 1700 quam
1382 1628 1412 1682 in
1426 1628 1483 1683 alio
1498 1628 1728 1699 perstrinximus
1742 1629 1821 1685 libro
1846 1628 1900 1698 (De

1063 1719 1171 1790 viduis,
1188 1734 1214 1773 c.
1232 1717 1386 1790 θείως),
1399 1720 1563 1790 cognoscat
1581 1732 1641 1772 non
1652 1717 1839 1774 obtrectandi
1855 1733 1899 1773 me

1061 1809 1191 1864 locutum
1208 1806 1257 1861 ille
1269 1806 1378 1876 studio,
1390 1807 1444 1862 sed
1453 1806 1591 1862 monendi
1603 1822 1610 1862 :
1622 1822 1729 1878 meque
1738 1823 1799 1862 non
1815 1823 1901 1878 nspe-

1060 1913 1137 1967 rum,
1157 1894 1212 1951 sed
1227 1894 1403 1964 sollicitum3
1428 1895 1522 1967 gretia
1542 1895 1795 1951 reconciliationis
1821 1895 1902 1950 acci·

1061 1986 1121 2057 piat
1136 1985 1193 2056 (35)
1212 1999 1219 2040 :
1240 1984 1270 2039 in
1288 1982 1424 2038 Ecclesia
1442 1984 1530 2038 vidue
1555 1983 1748 2056 justificatur,
1777 1986 1810 2040 in
1834 1983 1900 2041 foro

1062 2073 1301 2130 circumvenitur.
1328 2060 1589 2146 Fugiamus'ergo
1613 2072 1720 2145 forum,
1748 2072 1902 2146 fugiamus

1063 2162 1187 2235 plateas.

1095 2322 1141 2379 tl.
1163 2322 1359 2380 Prudentium
1370 2327 1467 2380 autem
1479 2330 1576 2381 notam
1586 2339 1703 2380 assume
1715 2323 1782 2391 tihi,
1804 2331 1835 2379 ut
1851 2340 1904 2380 cu·

1061 2413 1172 2469 studiat
1184 2420 1213 2469 te
1224 2429 1240 2468 a
1251 2413 1377 2468 muliere
1388 2413 1485 2468 aliena
1496 2419 1526 2468 et
1537 2413 1647 2468 mala...
1663 2413 1903 2469 Perfenestram

1062 2503 1141 2558 enim
1155 2503 1290 2574 dedomo
1299 2518 1351 2557 sua
1363 2503 1393 2556 in
1401 2502 1518 2575 plateas
1526 2504 1672 2574 prospicit
1692 2503 1802 2574 (Pror.
1814 2519 1864 2573 vu,
1874 2502 1905 2559 t·

1061 2591 1099 2662 6).
1111 2590 1274 2664 Fugiemus
1284 2591 1407 2662 plateas.
1419 2590 1486 2647 Non
1496 2591 1690 2663 eniminjuria
1700 2592 1904 2646 tantummodo

1062 2684 1178 2736 estnon
1188 2680 1341 2736 invenisse
1352 2696 1440 2753 quem
1451 2696 1585 2752 quaeras3
1610 2682 1761 2738 sedetiam
1770 2681 1904 2751 plerum·

1063 2785 1120 2842 que
1136 2769 1188 2825 ubi
1204 2785 1263 2825 non
1281 2773 1395 2841 oportet
1414 2770 1563 2842 quaesisse
1589 2766 1657 2839 (36),
1687 2770 1801 2825 vulnus
1827 2772 1875 2824 est
1894 2784 1901 2825 :

1064 2859 1213 2931 quaesisse
1231 2860 1261 2914 iu
1282 2858 1420 2914 domibus
1441 2859 1571 2913 virorum
1591 2859 1642 2931 qui
1659 2859 1718 2913 sibi
1736 2857 1816 2913 falso
1831 2859 1904 2913 doc·

1063 2953 1161 3006 torum
1177 2964 1285 3004 nomen
1294 2950 1467 3003 assumunt:
1481 2950 1630 3020 quaesisse
1644 2949 1806 3019 procacius
1816 2963 1904 3018 quem

1064 3037 1275 3094 verecundius.

169 3197 274 3256 perum
299 3177 504 3234 demorabitur
521 3178 619 3249 fletus,
646 3183 676 3234 et
693 3179 731 3234 ad
752 3179 925 3235 matutinum
955 3180 1022 3236 lae·.
1101 3181 1145 3238 48.
1166 3178 1246 3254 Ergo
1261 3196 1418 3236 caveamus
1433 3179 1568 3251 exemplo
1585 3178 1729 3235 Ecclesiae
1744 3179 1826 3235 illius
1838 3176 1904 3251 (37),

173 3270 240 3327 titia
256 3268 351 3341 (Psal.
368 3282 451 3338 xxix,
467 3266 505 3338 6).
522 3267 593 3331 Quae
607 3268 685 3323 enim
694 3269 788 3324 turbae
797 3268 893 3341 major
902 3270 1006 3342 gratia,
1065 3288 1102 3328 ne
1117 3286 1172 3327 nos
1189 3270 1329 3326 custodes
1346 3270 1506 3340 inveniant,
1531 3268 1580 3341 qui
1597 3269 1782 3324 circumeunt
1802 3270 1906 3324 civite·

172 3376 261 3433 quam
274 3361 307 3415 ut
320 3358 408 3414 etiem
422 3357 452 3412 in
467 3356 619 3412 desertum
634 3356 732 3412 locum
746 3356 897 3413 Christum
907 3373 1011 3430 sequa·
1063 3364 1139 3416 tem:
1153 3360 1345 3429 Invenerunt,
1358 3359 1461 3431 inquit,
1474 3373 1520 3413 me
1540 3358 1678 3413 custodes
1696 3359 1745 3430 qui
1759 3360 1906 3415 circume-

173 3451 240 3505 turi
1065 3449 1275 3505 untcivitatem
1284 3453 1514 3520 :percusserunt
1523 3453 1552 3502 ct
1567 3447 1905 3520 vulneraveruntme,et

210 3537 255 3593 tt.
265 3537 297 3592 ln
309 3536 425 3609 quoille
440 3536 527 3593 docet
541 3553 557 3590 a
573 3535 704 3607 perfecto
715 3535 823 3592 abesse
835 3535 1014 3609 deherejec·
1065 3538 1196 3594 tulerunt
1202 3535 1324 3609 pallium
1333 3552 1428 3591 meum
1438 3536 1573 3592 custodes
1585 3553 1735 3593 murorum
1756 3537 1857 3608 (Cant.
1876 3554 1904 3607 r,

176 3629 312 3698 tantiam3
325 3643 384 3683 non
394 3626 472 3682 anim
482 3625 682 3681 sanandorum
692 3626 816 3696 copiam,
828 3626 883 3681 sed
891 3641 1013 3697 operum
1063 3628 1102 3699 l).
1121 3627 1188 3682 Non
1202 3628 1233 3681 in
1248 3641 1292 3695 sa,
1309 3625 1392 3695 liliae3
1409 3640 1478 3696 non,
1495 3626 1626 3698 inquam,
1644 3627 1673 3680 in
1689 3642 1733 3695 se,
1752 3626 1823 3682 filiae
1839 3625 1905 3697 (38),

174 3715 347 3790 jactantiam
369 3714 544 3770 declinabat.
568 3714 603 3769 Et
624 3729 679 3770 nos
701 3715 793 3786 igitur
811 3714 839 3769 si
854 3714 930 3770 salvi
943 3731 1012 3770 assa
1064 3717 1119 3773 sed
1134 3717 1164 3771 in
1179 3715 1266 3771 uobis
1281 3715 1452 3770 vulneratur
1467 3714 1612 3770 Ecclesia.
1633 3715 1801 3770 Ceveemus
1816 3715 1906 3788 igitur

175 3805 392 3875 desideramus,
408 3803 455 3858 vel
470 3803 497 3858 si
510 3803 573 3874 jam
583 3818 731 3859 meremur
739 3804 893 3859 sanitatem
910 3805 1013 3875 procul
1062 3823 1099 3863 ne
1120 3808 1224 3878 lapsus
1247 3808 1349 3860 noster
1371 3805 1479 3859 vulnus
1502 3804 1646 3859 Ecclesiae
1661 3804 1725 3873 ssat3
1749 3820 1788 3859 ne
1803 3805 1904 3877 quise

174 3894 333 3965 eluxuria,
349 3891 453 3964 procul
469 3909 486 3947 a
501 3892 639 3962 lascivie3
655 3896 792 3965 tanquam
811 3892 842 3947 in
853 3893 935 3948 arido
945 3893 1013 3949 vitae
1063 3896 1151 3952 nobis
1175 3894 1296 3965 pellium
1320 3892 1443 3964 auferat,
1469 3893 1526 3949 boc
1542 3897 1597 3964 est,
1614 3894 1754 3948 amictum
1771 3895 1903 3964 pruden-

175 3984 262 4040 istius
278 3987 307 4040 et
319 3983 426 4055 jejuno
441 3982 506 4037 solo
520 3982 645 4054 quadam
662 3982 712 4036 siti
727 3983 862 4053 corporis
885 3983 1015 4055 fugitan·
1063 3987 1122 4057 tiae,
1133 3985 1252 4056 insigne
1262 3983 1419 4055 patientiae,
1435 3999 1494 4054 quo
1508 3983 1652 4038 mollioris
1666 3982 1790 4038 ambitio
1806 3983 1902 4039 vestis

175 4077 235 4131 tem
249 4075 305 4145 (34)
320 4073 493 4128 deliciarum
508 4070 660 4126 Christum
675 4087 845 4144 sequamur.
1064 4076 1198 4132 exuitur:
1213 4073 1268 4139 Qui
1282 4073 1361 4128 enim
1375 4070 1562 4128 mollioribus
1578 4072 1713 4128 vestibus
1728 4072 1903 4142 induuntur,

114 4214 118 4221 .
211 4165 256 4221 45.
277 4163 443 4235 Sequemur
463 4177 517 4233 per
539 4161 614 4216 dies.
648 4159 742 4216 Adest
764 4161 908 4219 Ecclesiae
936 4163 1012 4235 dies,
1065 4167 1096 4221 in
1112 4164 1248 4220 domibus
1263 4179 1366 4234 rapum
1381 4168 1449 4215 suut
1464 4160 1584 4231 (Matth.
1606 4178 1647 4231 xi,
1663 4160 1702 4231 3).
1726 4160 1826 4216 Nobis
1853 4177 1905 4217 eu·

177 4270 266 4327 quem
280 4251 431 4308 Abraham
444 4251 517 4305 vidit
531 4254 559 4305 et
574 4250 698 4322 gavisus
714 4253 761 4305 est
775 4251 870 4321 (toan.
882 4270 944 4324 vm,
955 4251 1012 4324 56).
1066 4258 1125 4310 tem
1140 4253 1260 4325 pallium
1275 4251 1355 4306 dedit
1369 4250 1518 4321 Christus,
1543 4265 1603 4322 qno
1617 4249 1773 4321 apostolos
1789 4266 1864 4306 suos
1880 4251 1906 4304 et

177 4345 343 4416 Sequemur
366 4356 439 4414 ergo
463 4356 517 4411 per
539 4341 604 4395 dies
628 4340 793 4411 Christum3
816 4356 876 4397 non
891 4344 1014 4398 enimin
1068 4359 1177 4414 corpus
1194 4357 1280 4397 suum
1296 4341 1361 4411 ipse
1375 4339 1504 4407 vestivit.
1520 4337 1604 4404 Quod
1620 4337 1747 4411 denique
1769 4338 1859 4410 jubet
1879 4341 1905 4393 to

177 4434 316 4491 noctibus
331 4431 487 4504 reperitur.
503 4428 537 4484 In
552 4429 653 4499 cuhili,
669 4430 773 4502 inquit,
795 4446 859 4486 mco
874 4432 904 4487 in
921 4434 1013 4489 nocti·
1026 4412 1054 4474 D
1067 4433 1148 4498 dero,
1165 4432 1191 4488 si
1207 4431 1275 4503 quis
1291 4443 1308 4484 a
1322 4440 1350 4484 te
1365 4429 1493 4484 tunicam
1508 4430 1595 4499 petat,
1620 4431 1653 4483 ut
1675 4427 1808 4482 dimittas
1833 4429 1861 4482 ei
1879 4429 1906 4482 et

177 4523 234 4581 hus
257 4522 382 4596 quaesivi
406 4536 489 4594 quem
514 4519 622 4576 dilexit
644 4520 740 4574 anima
763 4536 827 4576 mea
853 4542 861 4576 :
889 4524 1014 4595 quaesivi
1069 4522 1188 4594 pellium
1202 4519 1323 4591 (elfntth.
1339 4535 1368 4585 v,
1384 4519 1440 4588 40),
1456 4517 1485 4571 id
1501 4521 1556 4589 est,
1572 4517 1692 4590 insigne
1705 4516 1905 4589 philosophie

179 4629 254 4682 eum,
270 4612 344 4677 225
361 4617 389 4666 et
404 4624 461 4665 non
475 4609 580 4664 inveni
595 4625 659 4663 eum
676 4624 683 4664 ι
705 4611 808 4664 vocavi
821 4625 894 4679 eum,
912 4617 941 4667 at
957 4610 1028 4668 nou‘
1067 4615 1127 4668 tuae
1151 4610 1261 4678 tradas,
1287 4611 1315 4663 ct
1339 4606 1426 4680 quasi
1447 4606 1555 4661 amictu
1575 4606 1740 4677 prudentiae
1764 4608 1825 4663 tuae
1842 4620 1908 4661 cum

180 4701 335 4756 ohaudivit
349 4715 396 4754 ma
410 4699 505 4769 (Ceut.
521 4715 562 4768 ιιι,
579 4697 634 4769 lu).

215 4842 272 4912 (34)
292 4842 333 4896 lte
348 4842 418 4896 edit.
435 4855 539 4896 omncs
555 4856 590 4896 oc
605 4858 679 4898 mss.
696 4842 845 4914 nonnulli;
870 4844 918 4898 alii
942 4859 1015 4900 vero

175 4914 301 4985 aliquot,
317 4913 462 5037 etsejuno
475 4911 538 4967 solo
553 4914 675 4985 quodem
690 4915 753 4984 siti,
778 4917 913 4987 corporis
935 4915 967 4970 fu
988 4918 1015 4971 i-

182 4992 293 5042 tantem
308 4985 444 5052 deicias,
460 4986 528 5053 atc.3
544 5000 632 5052 unus,
651 4989 680 5040 et
689 4986 795 5058 Jejuno
808 4986 879 5057 solo,
896 5002 950 5059 quo
985 4989 1016 5043 in

180 5058 313 5130 appetitu
336 5055 481 5126 corporis,
506 5059 574 5123 atc.;
599 5055 685 5125 alius,
708 5064 737 5110 et
755 5057 945 5130 jejuno'solo,
963 5076 1017 5131 quc

173 5129 238 5202 jam
251 5125 445 5200 petulantiam
460 5128 595 5197 corporis
619 5127 793 5199 fuqitautcs,
816 5133 872 5185 etc.
898 5131 929 5185 ln
949 5131 1017 5186 reli·

181 5201 249 5273 quis
264 5202 361 5255 autem
376 5197 448 5252 nihil
465 5199 541 5252 saul.

216 5270 273 5342 (35)
292 5270 401 5326 Omnes
417 5268 486 5324 edit.
503 5284 537 5323 ec
553 5285 626 5325 mss.
643 5269 764 5343 aliquot,
777 5271 906 5344 qratiam
917 5288 1019 5329 recon-

181 5342 346 5400 ciliationis
360 5341 495 5412 accipiat.
516 5340 550 5395 In
564 5340 713 5407 Ecclesia,
731 5347 799 5411 etc.,
817 5344 938 5414 melius3
964 5361 1017 5400 au-

181 5420 240 5472 tem
254 5413 372 5486 reliqui,
387 5413 486 5485 qratia
498 5412 764 5485 reconciliationis,
777 5419 833 5470 etc.
849 5415 928 5470 ldem
939 5417 1017 5472 enim

174 5488 229 5544 'est
241 5501 276 5542 ac
290 5487 318 5541 si
329 5486 389 5540 scri
411 5486 504 5539 sisset
515 5485 544 5539 in
555 5485 806 5543 reconciliationis
818 5488 1018 5544 testimonium

181 5560 307 5633 accipiat
321 5573 361 5632 qu
414 5571 482 5612 sum
496 5556 642 5628 dicturas,
658 5557 796 5614 nimirum
819 5559 849 5613 in
871 5557 1017 5635 Ecclesia,

166 5633 274 5783 ..0th
293 5702 422 5763 adverte
445 5699 610 5780 periculum
632 5707 735 5762 torum
757 5701 808 5784 qui
827 5701 1020 5784 presbyteros

1067 4701 1200 4773 quiante
1215 4698 1312 4753 nudus
1328 4697 1426 4768 fuerit,
1444 4696 1680 4751 circumvestias.

1066 4847 1115 4899 eut
1130 4841 1262 4898 doctrine
1276 4838 1481 4895 ecclesiastica
1496 4838 1664 4908 destitutos,
1681 4842 1730 4894 aut
1755 4837 1909 4895 saeculari·

1066 4915 1123 4971 bus
1150 4913 1358 4984 cupiditatibus
1391 4914 1558 4981 corruptos,
1581 4913 1632 4965 eut
1656 4911 1784 4981 denique
1810 4911 1909 4965 innata

1066 4986 1192 5060 quadam
1206 4985 1297 5038 animi
1312 4982 1432 5037 mollitie
1448 4982 1571 5036 nimium
1586 4980 1776 5053 indulgentes
1799 4997 1909 5037 consu·

1066 5059 1143 5126 lunt3
1170 5072 1208 5111 ax
1231 5055 1278 5109 his
1301 5054 1379 5109 enim
1404 5054 1542 5125 quisquis
1565 5054 1672 5124 quaerit
1696 5054 1775 5108 viem
1789 5053 1908 5123 salutis,

1067 5128 1248 5187 hauddubie
1264 5125 1370 5198 quaerit
1384 5125 1434 5178 ubi
1450 5141 1510 5179 non
1533 5128 1657 5195 oportet.
1683 5123 1785 5178 Obiter
1811 5128 1910 5179 eutem

1067 5215 1222 5257 monemus
1238 5198 1274 5251 ab
1290 5197 1347 5251 boc
1361 5195 1428 5250 loco
1442 5197 1473 5250 in
1488 5211 1561 5250 mss.
1578 5210 1638 5250 non
1649 5195 1754 5267 paucis
1769 5195 1909 5250 lacunam

1068 5287 1148 5340 esse,
1164 5286 1232 5343 quae
1247 5268 1338 5323 ferme
1354 5283 1407 5337 per
1422 5272 1483 5322 tres
1500 5267 1633 5340 integras
1659 5266 1816 5321 columnas
1839 5267 1910 5323 bist.

1104 5342 1161 5414 (37)
1184 5344 1267 5397 Rom.
1284 5340 1352 5394 edit.
1369 5339 1444 5409 sola,
1462 5341 1596 5410 exeruplo
1611 5338 1694 5394 iltius
1710 5358 1718 5393 :
1733 5337 1789 5392 sed
1809 5336 1912 5392 subla·

1069 5420 1128 5471 tam
1143 5429 1246 5468 vocem
1257 5411 1403 5466 Ecclesiae
1414 5424 1754 5482 supervacnnceemnon
1767 5424 1851 5481 esse,
1862 5424 1912 5467 se·

1068 5490 1108 5546 tis
1124 5485 1273 5542 declarant
1288 5483 1452 5557 sequentia.

1105 5559 1162 5632 (38)
1189 5556 1271 5627 Non,
1295 5557 1427 5631 iuquam,
1452 5555 1558 5625 inse,
1583 5551 1664 5631 dhe,
1689 5551 1797 5613 isthaec
1821 5553 1914 5614 etiem

1073 5633 1159 5716 Rom.
1186 5625 1255 5686 odit.
1282 5629 1446 5690 resciderat
1468 5629 1571 5690 eontra
1596 5631 1737 5693 ocimum
1766 5641 1804 5695 to
1833 5639 1914 5696 mu.

1074 5717 1206 5770 omarum
1219 5701 1318 5772 tidem.
