3900 6128
110 232 170 299 703

847 243 880 308 S.
902 235 1121 312 amenesii.
1180 238 1185 244 ’

110 444 177 500 ideo
193 445 311 516 dietam,
330 450 360 504 ut
384 449 553 507 ostenderet
576 451 699 508 liberam
724 451 782 509 sibi
797 453 942 526 ponendae
962 438 1205 512 Alitarvideant.
1223 453 1305 512 Siout
1326 455 1362 512 de
1377 471 1481 512 eorum
1505 456 1700 514 consortibus

109 549 143 587 ae
161 537 346 593 resumendae
358 540 463 594 animm
474 543 657 611 potestatem,
677 543 756 598 sieut
771 543 835 614 ipse
850 543 941 599 dixit:

112 643 122 668 ι
148 623 326 680 Ροίεειιιιειιι
356 627 451 684 liabeo
474 631 603 700 ponendi
622 647 696 700 eam,
726 635 754 686 et
770 635 945 703 potestatem

110 710 205 767 liabeo
221 714 325 769 iterum
337 719 474 773 sumendi
489 735 563 774 eam.
581 720 645 774 lloo
660 721 827 776 inundatum
843 721 943 792 aeeepi

111 815 126 852 a
144 801 229 856 l'atre
246 821 309 858 niae
326 805 415 861 libid.
435 808 487 877 le).
513 834 524 856 ι»

149 889 207 943 ι3ι.
224 891 291 946 Sive
309 894 398 965 igitur
414 898 590 968 mandatum,
613 899 687 968 sire,
706 903 735 954 ut
747 899 838 972 aliqui
848 899 944 953 Latini

111 977 230 1033 codices
246 980 364 1048 habent,
380 990 570 1057 praeoaptum,
588 1005 646 1043 nou
662 988 762 1060 utique
780 989 945 1043 seeundum

111 1064 302 1138 divinitatem,
324 1073 377 1127 sed
406 1077 569 1131 seeundum
597 1078 832 1134 incarnationem
846 1078 944 1149 datur,

110 1154 146 1208 ad
162 1156 324 1214 subeundae
341 1161 396 1232 (ι9)
411 1164 566 1220 victoriam
579 1167 743 1237 passionis,

431 1290 557 1348 CAPUT
573 1294 620 1348 xl.

112 1403 193 1471 Quid
208 1409 348 1466 Cliristos
363 1413 481 1483 lepatur
496 1417 574 1472 nibil
593 1434 609 1472 a
625 1434 658 1473 se
673 1419 711 1474 lor
723 1419 761 1488 oi,
787 1419 841 1474 lior
861 1418 945 1474 rete-

145 1480 268 1535 rendum
280 1484 318 1537 od
332 1485 426 1554 ipsios
449 1487 670 1544 humanitatem.
694 1437 839 1556 όιιοιιιοάο
854 1491 943 1545 etiam

145 1552 303 1608 sarcinalium
319 1556 507 1613 divinitatem
527 1560 632 1616 audire
646 1577 680 1616 ee
698 1562 801 1617 ridere
821 1560 943 1617 Patrem

144 1629 227 1677 reete
252 1625 379 1694 dicotur,
397 1632 540 1700 exposito,
568 1632 625 1688 Dei
647 1631 755 1687 Filiam
776 1638 944 1688 ereaturam

1002 547 1145 601 Dominus
1161 545 1320 600 declaravit
1335 545 1438 601 dieens
1456 563 1462 601 :
1482 568 1492 595 i
1520 547 1582 603 Vos
1609 547 1689 619 quod

1001 640 1112 707 petram
1129 638 1260 690 restrum
1274 635 1439 703 facientem,
1456 635 1553 691 tacitis
1569 637 1665 706 (dean.
1678 652 1712 693 vo

1002 742 1067 780 eum
1084 726 1183 796 utique
1199 740 1258 779 non
1273 726 1340 796 quia
1356 724 1503 780 diabolum
1516 729 1712 796 operantem

1002 814 1054 868 sed
1070 815 1137 886 quia
1152 815 1272 868 arbitria
1294 814 1361 884 ejus
1378 811 1435 883 (93)
1451 813 1577 869 iecerint
1597 828 1712 888 arguam

1002 903 1158 958 visibiliter
1172 903 1202 958 iu
1218 903 1265 958 his
1281 903 1448 958 seeundum
1472 903 1658 975 iniquitatem
1672 918 1712 961 aa

1001 991 1070 1047 bolo
1086 997 1224 1063 operante
1243 995 1407 1064 peceatum.
1430 991 1495 1047 Hoe
1517 993 1684 1048 seeundum
1707 1032 1712 1049 .

1001 1082 1061 1136 lum
1076 1082 1117 1153 (ll
1136 1082 1207 1136 Tim.
1221 1095 1262 1152 ιιι,
1277 1083 1315 1154 9),
1332 1084 1452 1154 propior
1466 1082 1666 1154 insipientiam
1681 1097 1712 1155 pi

1000 1172 1192 1243 perfidorum.

1038 1260 1258 1315 innumerum
1283 1262 1357 1316 satis
1374 1262 1528 1333 probatum
1544 1264 1591 1316 est
1620 1259 1712 1333 Seript

1001 1349 1145 1421 exemplis
1162 1350 1198 1404 ad
1217 1350 1356 1404 unitatem
1371 1349 1537 1421 maJ'esiatis
1553 1349 1704 1421 pertinere

1001 1440 1079 1512 quod
1095 1444 1123 1495 et
1136 1441 1223 1496 Pater
1239 1441 1393 1495 maneatin
1408 1439 1503 1509 Fili03
1526 1443 1555 1496 et
1576 1456 1609 1496 ea
1627 1438 1712 1512 quael

1001 1528 1104 1599 Filius,
1122 1546 1137 1583 a
1154 1531 1240 1585 Patre
1256 1530 1392 1585 videatur
1415 1530 1547 1584 audisse.
1579 1529 1712 1585 Unitatee

1001 1618 1165 1688 majestatis
1180 1619 1289 1690 quibus
1305 1618 1372 1674 aliis
1383 1633 1547 1688 possumus
1560 1618 1712 1691 intelligent

146 1708 201 1746 ooo
217 1698 575 1757 esseuiritiseoaeerratis
585 1705 770 1776 arpumeotis
784 1703 907 1759 eriner't,
961 1746 986 1807 B
1001 1708 1079 1779 quod
1108 1707 1209 1762 eadem
1220 1708 1305 1790 J'atri
1320 1709 1349 1762 et
1360 1706 1434 1761 Filio
1450 1706 1652 1762 deferuntur?
1677 1704 1712 1762 Νι

146 1817 205 1872 133.
223 1818 320 1892 [Alias
335 1838 398 1894 oap.
412 1824 457 1898 ι’.)
470 1828 512 1880 Αιι
530 1843 599 1882 raro
616 1828 645 1881 in
656 1827 732 1882 haue
753 1828 946 1884 humilitatem

111 1904 163 1960 liei
178 1906 283 1963 Filium
300 1911 491 1982 dedocemus,
504 1917 534 1969 ut
544 1917 601 1970 nisi
617 1933 683 1988 quae
698 1917 835 1988 audierit,
846 1918 945 1973 faeere

109 1999 157 2050 aut
173 1997 254 2069 loqui
269 2001 382 2056 neseiat
398 2018 404 2057 :
421 2005 449 2057 et
472 2006 677 2076 praescriptum
694 2007 802 2078 agendi
816 2007 946 2078 loquen-

109 2086 197 2156 dique
212 2088 238 2142 ei
253 2093 390 2158 putemus
414 2108 483 2148 esse
500 2109 679 2162 mensuram,
704 2097 772 2167 quia
797 2097 944 2167 scriptum

110 2178 178 2230 est:
199 2199 209 2224 ι
227 2176 271 2232 Ex
295 2195 341 2234 me
370 2181 435 2251 ipso
464 2198 523 2237 uon
551 2199 617 2238 sum
637 2183 865 2254 loeutusptoan.
892 2203 944 2255 xo,

108 2262 154 2335 49)
163 2283 173 2329 ;
190 2268 307 2323 etiaim
326 2285 331 2324 :
352 2292 362 2320 ι
381 2270 463 2325 Sicut
477 2271 549 2326 dixit
565 2272 741 2343 mihiPater,
758 2275 796 2328 itu
812 2273 901 2345 loquo

109 2352 198 2422 (Ibid.
210 2356 276 2418 50l‘?
286 2358 342 2412 Sed
354 2359 390 2412 ad
406 2358 602 2416 obedientiam
618 2362 728 2427 earnm,
741 2365 791 2417 aut
806 2363 841 2417 ad
858 2363 945 2417 sidem

108 2443 228 2509 unitatis
245 2445 300 2500 ista
316 2448 490 2504 referantur.
507 2451 646 2522 Plerique
662 2452 739 2506 enim
755 2451 905 2507 doctiores
917 2456 946 2506 et

110 2532 211 2586 audire
228 2532 343 2602 Filium,
360 2540 388 2591 at
402 2538 500 2592 dicere
516 2540 626 2611 aliquid
643 2540 716 2594 Filio
731 2541 848 2594 Patrem
864 2542 945 2595 acei-

109 2620 192 2689 piuut
206 2637 259 2692 per
273 2625 347 2688 575
363 2626 502 2681 unitatem
522 2631 655 2697 naturao3
685 2629 763 2701 quod
788 2629 867 2684 enim
893 2646 945 2700 por

108 2708 248 2764 unitatem
264 2713 423 2769 voluntatis
438 2717 518 2771 norit
535 2717 626 2772 Filius
642 2719 757 2772 Patrem
773 2717 848 2772 velle
864 2718 946 2773 ride·

110 2798 300 2856 turaudisse.

146 2886 207 2942 lat.
225 2889 309 2946 Unde
324 2908 382 2947 noo
400 2894 529 2950 officium
541 2896 704 2966 corporale,
722 2896 775 2951 sed
791 2896 945 2952 arbitrium

109 2973 332 3036 indissociabile
347 2984 564 3053 cooperationis
579 2986 635 3053 (90)
648 2985 831 3055 declaratum
848 3000 944 3057 neque

110 3065 189 3120 enim
204 3068 362 3124 verborum
392 3072 440 3126 hie
462 3072 589 3144 aliquem
617 3074 768 3146 signifieat
791 3074 944 3145 auditum,

109 3154 163 3209 sed
178 3156 317 3214 unitatem
332 3161 492 3216 voluntatis
513 3165 600 3233 atque
625 3163 755 3232 virtutis,
779 3178 846 3234 quae
871 3166 900 3217 et
916 3163 945 3217 in

109 3243 195 3299 Patre
210 3249 256 3300 est
271 3251 299 3301 et
314 3249 342 3302 in
360 3248 444 3305 Filio.
461 3250 552 3316 Quam
568 3252 654 3306 otiam
671 3252 700 3305 in
716 3251 826 3322 Spiritu
841 3255 944 3307 saneto

110 3347 180 3388 esse
197 3339 369 3392 memorarit
384 3339 441 3394 alio
457 3341 533 3408 loeo,
560 3340 682 3395 direns:
702 3361 712 3389 ι
731 3340 797 3395 Non
813 3341 891 3395 enim
903 3341 946 3395 lo·

108 3425 215 3492 quatur
229 3441 245 3478 a
257 3442 300 3496 se,
322 3428 376 3483 sad
391 3446 577 3502 quaeeunque
591 3430 680 3497 audit,
698 3428 835 3501 loquatur
850 3430 944 3500 (doao.

109 3527 170 3579 xri,
187 3512 250 3584 13);
270 3537 280 3565 r
304 3521 333 3571 ut
348 3518 570 3574 adverteremus
589 3519 657 3591 quia
682 3518 826 3591 quidquid
851 3518 946 3589 Spiri-

107 3601 155 3654 tus
171 3601 311 3674 loquitur,
329 3606 459 3677 loquitur
473 3611 501 3662 et
516 3607 609 3663 Filios
626 3624 632 3663 :
649 3610 678 3663 et
692 3608 835 3679 quidquid
854 3608 947 3679 loqui-

106 3690 273 3762 torrilias,
290 3694 419 3765 loquitur
440 3701 469 3750 et
484 3698 589 3764 l'ater;
615 3697 683 3768 quia
711 3713 768 3752 una
798 3698 943 3752 sententia

107 3779 165 3848 (el)
181 3784 209 3834 et
224 3783 354 3852 operatio
370 3785 582 3841 Trinitatisest.
600 3786 775 3841 sicutenim
791 3786 880 3840 Pater
897 3786 946 3838 vi-

110 3866 240 3924 detui-iu
258 3871 343 3937 Filio,
375 3890 433 3929 non
462 3876 562 3946 utique
586 3876 686 3945 speeie
715 3875 943 3945 eoi·porali,sed

108 3954 217 4012 unitate
233 3956 412 4030 divinitatis3
439 3964 477 4017 ita
496 3964 583 4018 etium
600 3965 688 4019 Pater
704 3964 834 4034 loquitur
849 3965 879 4017 iu
896 3963 945 4016 lli-

110 4041 160 4113 lio,
178 4062 236 4100 non
261 4050 413 4119 temporali
437 4068 520 4121 voce,
544 4070 599 4107 neo
623 4053 769 4123 corporali
786 4069 871 4121 sono,
890 4054 942 4108 sed

110 4134 209 4203 operis
226 4138 343 4193 unitata.
361 4139 494 4211 Denique
511 4158 576 4196 eum
592 4142 719 4196 dixisset
737 4158 742 4195 :
763 4165 773 4188 u
794 4142 880 4196 Pater
895 4142 944 4213 qui

109 4222 140 4276 in
155 4240 201 4280 me
217 4229 324 4291 manet,
340 4228 405 4298 ipse
421 4229 550 4299 loquitur
567 4245 572 4284 :
590 4234 617 4284 ot
633 4245 721 4300 opera
738 4229 794 4299 (di)
807 4246 872 4301 quin
889 4246 944 4301 ego

109 4312 204 4384 faeie,
221 4315 285 4386 ipso
302 4315 371 4371 iacit
386 4317 480 4386 (dean.
492 4335 552 4383 xiv,
569 4318 613 4387 ιιι)
630 4334 637 4388 ;
655 4340 666 4368 i
684 4318 817 4372 addidit:
838 4341 849 4369 ι
869 4319 944 4373 Cre·

110 4403 265 4473 ditemini,
284 4406 352 4478 quia
376 4422 433 4479 ago
456 4408 487 4461 iu
505 4407 603 4474 Patre,
627 4411 655 4461 et
671 4408 756 4462 Pater
778 4408 807 4462 in
832 4423 877 4462 me
900 4411 946 4462 est

110 4493 222 4565 (ibim).
240 4495 378 4568 Alioquin
393 4500 513 4568 propter
529 4513 617 4567 opera
639 4498 703 4567 ipsa
724 4496 833 4551 eredita
849 4497 944 4565 (douo.

110 4581 237 4654 x‚38).»

145 4671 206 4727 135.
225 4674 279 4728 Hie
295 4675 462 4731 intellectus
478 4680 524 4731 est
540 4677 814 4731 nosterseoundum
830 4676 946 4730 divinu-

110 4776 175 4814 rum
186 4763 295 4817 seriem
303 4765 539 4835 Scripturarum:
555 4766 655 4820 Ariani
670 4769 767 4820 autem
778 4765 827 4836 qui
843 4765 947 4820 nolunt

111 4847 146 4902 de
168 4849 226 4905 Deo
243 4853 390 4909 aestimare
405 4871 471 4925 quse
483 4856 572 4926 digua
584 4858 663 4922 suoi,
673 4855 720 4909 vel
729 4857 795 4924 apto
808 4854 873 4909 suis
885 4870 946 4908 me-

110 4936 372 4996 ritiseonlutootur
386 4945 531 5014 exemplo,
542 4959 578 4998 no
594 4946 685 4997 totum
701 4940 859 4996 carnaliter
876 4958 944 4997 ore-

112 5024 199 5096 dant3
216 5044 282 5082 eum
299 5030 357 5100 ipsi
372 5032 463 5100 patris
479 5033 527 5087 sui
543 5033 653 5086 diaboli
668 5047 756 5102 opera
771 5030 943 5101 incorpora-

148 5167 203 5238 (19)
217 5170 303 5225 l‘ouei
320 5187 405 5240 mss,
420 5194 431 5223 ι
449 5174 681 5228 lnearoationem
693 5177 806 5228 naturae
816 5174 946 5228 subeun-

111 5241 166 5309 dae,
187 5263 197 5288 ι
215 5246 270 5296 eto.
288 5242 379 5298 Porro
395 5243 445 5298 ubi
462 5245 556 5298 [ratini
572 5245 626 5298 eod
647 5248 765 5299 vortunt
779 5247 945 5298 ioarrlalmo

110 5315 174 5369 sive
188 5321 378 5386 praereptum,
404 5317 499 5371 illumi
523 5317 631 5371 habent
657 5322 754 5381 ἐντολήν
779 5315 833 5370 :iu
858 5333 945 5386 quam

110 5411 214 5450 vocem
230 5395 369 5449 observat
386 5395 505 5452 Grotius
525 5403 680 5458 &evellerem
697 5397 784 5450 etiam
808 5396 876 5467 diei,
895 5397 945 5450 ubi

111 5477 195 5530 loeus
211 5476 318 5530 nonsit
334 5475 456 5546 imperio
472 5481 589 5547 proprie
605 5478 694 5531 (licto.

146 5549 202 5618 (eo)
219 5548 257 5601 lto
273 5563 376 5602 omues
393 5549 462 5602 edit.
477 5564 484 5615 ς
500 5549 600 5617 plures
617 5565 687 5604 vero
699 5563 819 5604 eunias.
835 5564 946 5618 expun-

112 5623 181 5689 gunt
200 5634 303 5675 vocem
326 5620 552 5691 cooperationis,
580 5620 668 5692 eujus
693 5619 760 5674 loeo
785 5619 943 5675 Lentiensis

109 5690 208 5755 babel,
227 5699 423 5763 corriperetur,
441 5691 593 5745 mendose.

133 5761 174 5828 (l)
198 5762 273 5821 diss.
301 5763 425 5842 aliquot,
458 5780 514 5821 ona
536 5764 688 5838 essentia,
705 5762 819 5821 Thoan.
845 5778 942 5833 unus,

1001 1797 1219 1867 praecellentius
1248 1799 1345 1867 potest
1373 1796 1449 1863 diei,
1479 1812 1567 1869 quam
1598 1795 1678 1866 quod
1705 1826 1712 1851 i

999 1885 1047 1940 lus
1076 1886 1149 1940 dixit
1164 1886 1191 1955 (Ι
1211 1885 1278 1940 Cor.
1296 1904 1326 1955 n,
1342 1885 1370 1951 8)
1386 1885 1542 1940 ῠοιιιιιιιιιιι
1558 1884 1712 1957 majestati

999 1975 1116 2030 ssxum'?

1035 2063 1095 2118 lai.
1120 2063 1214 2118 Filius
1240 2079 1312 2136 argo
1337 2066 1382 2118 est
1397 2066 1425 2117 et
1441 2063 1520 2116 Deus
1542 2060 1712 2134 majestatis,

998 2154 1096 2208 minus
1113 2153 1298 2224 majestatis;
1316 2152 1369 2207 sed
1390 2168 1448 2206 uon
1465 2152 1611 2206 creaturis
1627 2148 1712 2224 subja

905 2290 943 2328 P„
997 2241 1094 2314 jesias
1111 2258 1117 2296 :
1136 2259 1193 2297 non
1210 2258 1281 2313 ergo
1298 2244 1432 2296 creatura
1448 2239 1553 2295 Filius.

1037 2330 1097 2386 138.
1115 2330 1208 2385 Filius
1225 2336 1354 2402 paternae
1366 2333 1413 2385 est
1428 2329 1526 2403 imago
1536 2329 1712 2386 substantiae

1001 2437 1019 2490 1,
1036 2421 1064 2490 3)
1088 2436 1094 2476 :
1116 2421 1214 2476 omnis
1240 2424 1337 2477 autem
1360 2422 1493 2474 ereatura
1519 2418 1678 2473 dissimilis

1000 2511 1204 2580 susbstantia,
1223 2511 1276 2565 sed
1294 2526 1351 2564 aon
1368 2509 1524 2564 dissimilis
1541 2506 1699 2563 bairan—n

1000 2616 1059 2654 non
1076 2616 1148 2672 ergo
1165 2601 1299 2654 ereatura
1317 2599 1420 2654 Filius.

1038 2689 1099 2744 lae.
1116 2688 1208 2743 filius
1233 2705 1291 2743 non
1319 2689 1450 2759 rapinam
1475 2687 1636 2742 arbitratus
1661 2686 1707 2742 est

1001 2779 1144 2852 aequalem
1163 2778 1225 2833 Deo
1240 2777 1384 2849 (Plrilipp.
1402 2795 1432 2842 ιι,
1448 2777 1476 2847 6)
1493 2793 1499 2831 ;
1519 2776 1572 2831 sed
1601 2774 1683 2829 nulla
1705 2790 1712 2829 ι

1001 2869 1125 2942 aequalis
1155 2868 1226 2936 Deo,
1260 2867 1384 2939 aequalis
1405 2870 1501 2921 auiam
1532 2864 1625 2919 Filius
1653 2878 1712 2919 :no

1001 2963 1134 3014 ereatura
1147 2957 1251 3012 Filius.

962 3067 985 3126 C
1037 3046 1217 3102 elaeonis
1241 3047 1375 3102 ereatura
1401 3043 1552 3099 mutabilis
1570 3061 1575 3098 :
1594 3043 1648 3099 sed
1664 3057 1712 3098 ιιοι

1000 3136 1071 3191 bilis
1082 3136 1135 3191 Dei
1151 3134 1264 3190 Filius:
1282 3152 1340 3189 uon
1356 3150 1428 3208 ergo
1445 3137 1580 3189 ereatura
1596 3133 1647 3187 bei
1663 3130 1712 3187 rili

1038 3225 1098 3280 ill.
1115 3225 1217 3280 Omnis
1233 3227 1367 3279 ereatura
1388 3223 1551 3278 accidentia
1578 3224 1606 3277 et
1622 3221 1693 3276 boni

1002 3315 1115 3385 recepit
1138 3331 1202 3370 sum
1227 3314 1388 3385 capacitate
1414 3316 1537 3383 naturae,
1555 3311 1712 3385 eademque

1003 3404 1118 3460 sionem
1133 3404 1222 3459 sentit
1239 3419 1245 3458 ε
1263 3403 1316 3458 Dei
1331 3405 1427 3457 auriam
1448 3400 1522 3455 Filio
1545 3401 1618 3456 nibil
1644 3398 1712 3465 570

1002 3493 1122 3566 exejus
1139 3493 1290 3548 divinitate
1311 3492 1357 3547 rel
1374 3490 1518 3547 decedere
1534 3490 1580 3545 val
1600 3489 1712 3546 acreda

1003 3599 1075 3656 ergo
1092 3586 1226 3638 ereatura
1239 3581 1290 3636 liei
1307 3580 1411 3635 Filius.

1039 3671 1100 3728 ιιι.
1117 3672 1209 3727 Omne
1226 3686 1398 3742 opussuum
1415 3669 1540 3724 adducet
1558 3669 1638 3723 Deus
1653 3669 1683 3723 iu
1692 3664 1712 3743 ji

1001 3762 1115 3831 (Irleele.
1136 3779 1187 3830 xo,
1210 3760 1264 3831 ll),
1286 3759 1339 3814 sed
1361 3758 1411 3813 Dei
1433 3757 1525 3812 lilius
1546 3774 1605 3813 non
1630 3755 1712 3813 addai

1002 3851 1167 3923 judicium,
1189 3851 1257 3921 quio
1281 3848 1345 3920 ipse
1360 3848 1475 3919 judicat
1497 3863 1503 3903 :
1524 3863 1582 3902 non
1613 3861 1712 3920 argei

1002 3941 1054 3996 llei
1070 3939 1175 3994 Filiae.

1037 4048 1098 4103 lla.
1116 4048 1269 4102 Postremo
1286 4048 1317 4100 ut
1330 4045 1471 4100 unitatem
1492 4043 1654 4115 intelligas,
1679 4042 1712 4099 da

1001 4138 1104 4192 dicens
1111 4136 1246 4192 Salvator
1257 4152 1263 4190 :
1282 4135 1420 4204 «NulluS,
1434 4134 1539 4206 inquit,
1551 4135 1625 4204 rapit
1637 4130 1712 4189 ensi

1001 4243 1074 4281 mea
1092 4226 1178 4280 l'ater
1195 4225 1274 4296 qood
1290 4225 1370 4279 dedit
1395 4224 1477 4290 milri,
1503 4224 1601 4294 majos
1623 4220 1712 4279 oinnil

1004 4320 1032 4370 et
1051 4331 1136 4370 nemo
1158 4317 1255 4386 polest
1270 4330 1373 4384 rapere
1392 4314 1427 4367 de
1454 4329 1541 4367 manu
1564 4313 1660 4367 Patris
1675 4327 1712 4368 mi

1004 4408 1031 4459 et
1047 4405 1133 4459 Pater
1148 4421 1237 4459 unum
1254 4420 1359 4459 sumus
1375 4404 1469 4470 (dono.
1487 4421 1516 4471 x,
1534 4401 1644 4473 ‘28-30).
1668 4422 1680 4451 ι

1040 4495 1101 4549 lli.
1118 4495 1167 4548 Sic
1183 4494 1312 4549 viviticat
1327 4493 1431 4562 Filius,
1450 4497 1480 4547 ut
1495 4493 1586 4546 l’ater
1602 4508 1607 4545 :
1628 4515 1638 4536 u
1652 4489 1712 4546 Siei

1005 4585 1095 4639 Pater
1109 4583 1233 4638 suscitat
1249 4587 1381 4637 mortuos
1410 4585 1438 4637 et
1462 4581 1611 4649 vivificat,
1633 4580 1680 4634 sie
1692 4588 1712 4636 θ’

1004 4672 1294 4745 quosvult,vivilleat
1305 4672 1431 4742 (deerrv,
1447 4671 1503 4740 dl).
1520 4695 1530 4718 i
1549 4669 1598 4724 Sio
1609 4666 1712 4724 suseitt

1004 4766 1035 4817 ιιι
1047 4764 1144 4817 Pater.
1155 4763 1204 4817 Sic
1216 4763 1373 4816 conservat
1384 4759 1478 4814 Filius
1494 4762 1526 4814 ιιι
1538 4761 1637 4813 Pater.
1646 4757 1704 4824 Qui

1003 4855 1113 4923 pareat
1130 4851 1233 4924 gralia,
1255 4849 1402 4922 quomodo
1425 4849 1520 4918 impar
1543 4851 1590 4903 est
1606 4847 1712 4918 potesta

1003 4941 1089 4995 eliam
1101 4938 1415 5011 oooperditFilius,ut
1434 4939 1524 4992 Pater
1545 4935 1702 4991 litidoone

1005 5031 1080 5084 duos
1104 5030 1160 5084 deo
1194 5029 1343 5097 erederet,
1368 5027 1414 5082 rel
1444 5026 1657 5080 discretionem
1684 5038 1712 5097 pt

1007 5189 1060 5226 ona
1077 5172 1255 5226 substantia.
1272 5169 1419 5242 blagisad
1435 5185 1522 5223 usum
1539 5164 1712 5223 Ambrosias

1005 5243 1215 5299 commodatur.

1038 5315 1098 5383 (99)
1115 5316 1200 5369 Pom.
1230 5313 1298 5369 edit.
1316 5312 1389 5379 sola,
1413 5335 1423 5356 r
1441 5312 1523 5367 Siout
1548 5310 1624 5365 dixit
1651 5307 1712 5365 miii

1005 5387 1049 5440 sir.
1066 5386 1189 5458 loquor,
1206 5389 1233 5440 at
1253 5385 1339 5437 l‘otor
1357 5384 1407 5454 qui
1431 5383 1461 5438 in
1477 5399 1523 5437 me
1549 5384 1658 5451 manet,
1674 5380 1712 5453 ip·

1005 5473 1104 5528 opera.
1124 5457 1196 5511 isio
1212 5458 1297 5511 etiam
1314 5472 1403 5525 supra
1425 5455 1445 5521 l,
1462 5471 1486 5508 e.
1505 5470 1543 5517 ιν,
1560 5470 1590 5506 ιι.
1606 5450 1652 5507 68.

1041 5528 1096 5597 (93)
1112 5529 1208 5581 Paris.
1220 5527 1355 5599 quiedam
1370 5526 1451 5592 edit,
1471 5524 1602 5579 arbitrio
1622 5522 1706 5595 m'asr

1004 5599 1214 5665 aiiaeaemss,
1241 5598 1370 5653 arbitria
1388 5597 1462 5670 ajam,
1490 5595 1518 5653 id
1532 5598 1579 5651 eal
1608 5594 1712 5651 volunt

1004 5674 1151 5744 praecepta
1167 5669 1245 5742 ejus.
