3900 6128
559 273 616 344 ΒΕ
636 267 934 343 succinentis
956 271 1023 340 LlB
1043 270 1099 338 111.
1630 277 1692 338 454

85 500 135 542 ns
148 484 260 557 pedes,
276 486 308 539 ut
321 484 351 538 in
367 499 402 539 ea
415 485 498 552 perte
522 480 552 535 in
575 496 633 552 qua
648 461 854 533 insidietus'li‘
873 518 875 521 .
892 475 935 530 ll.
950 476 1021 530 Post
1038 475 1103 529 haec
1127 472 1197 544 quid
1222 473 1378 545 sequitur?
1398 473 1506 530 Venire
1532 474 1627 529 habes
1654 476 1691 531 ud

85 590 168 649 μεως
184 574 284 646 majus
299 572 468 628 subsidium
492 568 735 625 sanctificationis
755 582 806 620 ac·
857 563 958 619 altere.
988 562 1130 628 Quoniam
1148 561 1257 616 venisti
1280 560 1355 629 (57),
1380 562 1481 617 videre
1500 563 1594 618 habes
1624 580 1691 635 quse

85 678 138 739 {nc
154 668 258 735 postea
273 666 302 717 te
318 661 506 731 supplantare
521 657 693 729 nonpossit.
711 657 806 709 lavas
856 655 923 707 ante
940 668 999 707 non
1014 651 1149 720 videbaS,
1166 650 1222 705 hoc
1233 652 1288 719 est,
1308 650 1480 720 mysterium
1497 651 1575 722 qnod
1591 652 1690 724 legisti

85 751 164 823 ides,
180 750 312 806 uliares
328 765 439 804 venene
457 747 615 818 serpentis.
632 743 808 799 sunamiti·
857 741 888 795 in
903 739 1084 812 Evangelio;
1107 739 1134 793 si
1155 741 1250 792 lumen
1265 753 1323 792 non
1338 737 1455 809 legisti,
1477 742 1556 794 certe
1570 740 1689 796 audisti.

85 848 195 915 meque
210 839 336 911 prolicit,
352 840 383 894 ut
399 838 428 892 iu
443 836 584 907 mysterio
601 850 660 889 non
681 832 808 887 erubes-
858 828 964 883 uerus
976 828 1080 883 obtulit
1094 842 1128 882 se
1144 826 1288 883 Salvatori
1301 828 1331 880 ut
1347 829 1517 882 curaretur:
1534 831 1563 882 et
1577 828 1626 884 ille
1641 831 1692 901 qui

85 928 160 1003 (55),
175 928 256 1000 quod
272 927 467 999 dedignamur
480 926 511 979 iu
526 922 681 995 obsequio.
858 917 933 973 alios
949 916 1042 971 verbo
1057 918 1168 970 tautum
1183 919 1353 970 etsermone
1366 915 1496 981 curabat,
1510 919 1538 970 et
1552 916 1690 972 retunde·

299 1033 425 1088 quUq
445 1032 479 1086 Π,
858 1005 908 1059 bat
935 1005 1059 1076 imperio
1076 1004 1174 1059 lumen
1209 1003 1360 1058 oculorum
1396 1019 1402 1057 ε
1436 1007 1534 1058 tamen
1562 1005 1593 1060 in
1616 1006 1693 1063 libro

265 1141 270 1151 .
354 1139 359 1150 .
433 1139 438 1149 .
464 1139 469 1149 .
859 1093 1013 1165 Evangelii
1034 1093 1084 1164 qui
1109 1092 1250 1146 scribitur
1272 1092 1437 1146 secundum
1461 1091 1623 1162 loannem,
1643 1096 1694 1166 qui

85 1146 161 1211 ptum
184 1155 357 1212 consignari
383 1138 501 1210 Spiritu
525 1143 641 1203 saucio,
667 1134 704 1189 ad
725 1148 808 1205 quem

91 1217 232 1285 spectent
256 1226 357 1266 omues
388 1212 527 1277 virtutae,
561 1206 683 1279 quodam
711 1212 808 1259 iernen
859 1198 930 1281 Vfii'ss
947 1198 1007 1252 Pfffl
1020 1182 1137 1280 melis
1149 1181 1222 1234 lidii
1237 1196 1343 1279 miissssii
1354 1181 1505 1280 mysteria,
1521 1181 1696 1255 θῑὰθθῑὸῧθ·

85 1282 236 1411 ΕΓοῙιινο
243 1287 357 1353 septem
365 1281 520 1363 pertinent
532 1298 540 1332 :
553 1279 652 1359 eidem
661 1276 810 1356 baptizato
858 1274 910 1339 vrt,
928 1273 955 1324 et
971 1269 1132 1324 declaravit
1142 1287 1151 1333 ,·
1163 1271 1336 1368 mysterium
1347 1268 1440 1324 hocin
1454 1270 1504 1324 illo
1514 1270 1606 1326 voluit
1620 1276 1696 1343 pr'ae·

123 1353 224 1409 'iim
238 1357 412 1419 memmi
440 1350 538 1405 ⁰⁰l¹i⁰⁸
553 1365 624 1403 cffiffl
640 1365 671 1401 ¹1¹
687 1349 811 1402 ¹1⁰⁸¹¹¹¹1⁸
861 1359 1001 1431 figurare.
1018 1357 1127 1413 Omnes
1136 1357 1255 1429 quidem
1266 1357 1361 1412 suncti
1372 1357 1576 1430 evangelistes,
1589 1375 1694 1416 omnes

85 1423 176 1499 'ww
190 1423 338 1494 dempti
351 1423 459 1489 'imm’
477 1422 537 1475 im
552 1419 648 1487 liniri*
662 1434 720 1490 ΡΗ
736 1416 811 1498 (ΙΨ-ἀ
859 1446 985 1517 apostoli
1002 1449 1109 1516 praeter
1124 1446 1314 1516 proditorem,
1338 1461 1442 1502 omues
1457 1448 1572 1518 sancti,
1597 1452 1696 1505 tamen

85 1500 195 1555 uorum
216 1493 366 1549 confessio
387 1491 576 1564 siqniiratur
593 1507 598 1543 z
617 1506 671 1561 quo
696 1489 811 1543 locens
1202 1535 1207 1546 ,
1269 1534 1274 1545 ,
1408 1535 1414 1547 ,
1457 1536 1462 1548 ,
1624 1539 1630 1550 .

85 1572 246 1623 mames
261 1579 329 1619 ess,
342 1578 376 1618 30
396 1569 514 1634 mam,
526 1560 694 1630 confugam-s,
713 1558 811 1613 ocul„
862 1539 984 1589 sauctus
999 1534 1141 1600 loannes
1159 1551 1209 1605 qur
1224 1534 1344 1589 ultimus
1356 1538 1477 1606 scripsit
1488 1536 1694 1610 Evangelrum,

85 1637 267 1711 imatione
281 1634 337 1691 luti
351 1633 389 1690 ed
401 1633 527 1688 videnda
536 1631 686 1704 spiritulia
696 1629 811 1702 operiri
861 1624 946 1694 quusi
964 1623 1154 1679 necessarius
1170 1623 1333 1694 requisitus
1353 1626 1381 1678 ct
1405 1624 1517 1679 electus
1534 1641 1549 1679 a
1565 1624 1694 1698 Christo,

85 1712 206 1765 meret.
860 1710 973 1782 majore
989 1711 1113 1782 quadam
1130 1712 1200 1765 tuba
1224 1711 1298 1765 iudit
1313 1713 1422 1767 aeterna
1437 1714 1587 1783 mysteria.
1602 1712 1696 1779 Quid·

85 1796 196 1871 iquitur
218 1793 359 1866 spiritule'
372 1791 560 1864 signaculum
583 1791 662 1862 quod
684 1788 810 1844 audietis
862 1800 933 1871 quid
949 1800 1065 1856 locutus
1082 1803 1138 1869 est,
1149 1800 1321 1871 mysterium
1333 1805 1387 1856 est.
1405 1801 1489 1856 Alius
1497 1802 1570 1857 dixit
1585 1818 1697 1861 cescum

85 1885 137 1959 egi
162 1884 220 1956 (ne
237 1883 341 1938 Consc-
366 1881 434 1936 disi·
452 1882 478 1951 i,
507 1897 533 1935 0·
549 1879 712 1951 decepisti,
730 1877 745 1950 ἓ
761 1877 812 1932 Se·
862 1891 1006 1957 curatum,
1033 1888 1107 1942 dixit
1126 1888 1294 1957 Matthaeus,
1319 1889 1392 1943 dixit
1407 1890 1515 1961 Lucas,
1532 1891 1606 1947 dixit
1620 1894 1697 1948 Mar-

85 1973 177 2047 3quie
192 1974 262 2043 post
277 1971 387 2026 ionum
402 1972 541 2040 superest
552 1971 584 2024 ut
598 1967 739 2040 perfeeiio
751 1967 811 2036 flui3
863 1992 916 2030 cus
935 1993 940 2031 :
954 1976 1038 2032 solus
1050 1977 1181 2031 loannes
1192 1977 1261 2048 quid
1273 1977 1332 2032 ait‘l
1345 1977 1421 2031 Tulit
1437 1977 1537 2046 lutum,
1552 1989 1581 2035 et
1595 1979 1698 2037 linivit

85 2061 145 2119 nd
161 2060 379 2116 invocationem
402 2058 567 2113 sacerdotis
588 2056 716 2128 Spiritus
741 2072 812 2109 sen·
861 2080 951 2137 super
966 2065 1063 2120 oculos
1078 2066 1150 2138 ejus,
1166 2073 1194 2120 ot
1206 2067 1284 2120 dixit
1298 2067 1345 2120 ei:
1366 2065 1442 2121 Vade
1459 2069 1490 2122 in
1501 2067 1612 2124 Siloam
1628 2070 1696 2142 (58).

85 2148 230 2220 tunditur,
256 2148 384 2220 Spiritus
408 2146 561 2219 sapientise
584 2149 612 2200 ct
630 2144 810 2212 intellectus,
861 2154 902 2208 Et
917 2154 1159 2226 exsurgensirit
1181 2160 1211 2209 rt
1230 2153 1314 2223 luxit,
1335 2160 1364 2209 et
1386 2156 1466 2209 veuit
1483 2156 1696 2229 ridensploan.

85 2254 102 2297 ι
114 2238 236 2297 consilii
250 2240 338 2309 etque
347 2236 477 2305 virtutis,
493 2235 621 2306 Spiritus
630 2233 812 2307 cognitionis
862 2259 902 2312 rx,
914 2242 986 2314 (gp),

88 2326 221 2401 pietatis,
253 2325 382 2398 Spiritus
413 2323 508 2380 sancti
531 2323 662 2393 timoris3
696 2326 810 2393 septem
897 2329 942 2386 ln.
962 2329 1124 2386 Considera
1142 2333 1170 2386 et
1191 2333 1223 2385 ut
1245 2329 1349 2386 oculos
1372 2332 1472 2388 cordis
1493 2323 1535 2389 tui
1562 2334 1630 2405 (59).
1648 2335 1698 2390 Vi·

85 2414 206 2473 rirtutes
217 2414 345 2487 Spiritus
360 2412 417 2483 (56)
432 2412 502 2484 (Iso.
520 2430 560 2481 xr,
577 2411 615 2483 ἓ).
863 2419 955 2475 debas
970 2435 1037 2492 quae
1060 2419 1224 2490 corporalia
1244 2422 1328 2489 sunt,
1353 2421 1558 2491 corporalibus
1574 2424 1669 2479 oculis
1689 2440 1695 2480 :

85 2506 215 2563 lomnes
230 2503 348 2576 quidem
362 2501 489 2556 virtutes
504 2501 541 2555 ad
561 2501 701 2572 Spiritum
722 2501 812 2571 perti·
866 2509 920 2563 sed
934 2524 1001 2580 quei
1016 2511 1269 2563 sacramentorum
1277 2510 1356 2578 sunt,
1374 2509 1473 2564 cordis
1489 2510 1584 2566 oculis
1601 2512 1697 2569 adhuc

85 2592 139 2651 ssd
153 2593 220 2648 istae
234 2591 321 2665 quasi
337 2590 506 2646 cardinales
521 2593 600 2659 sunt,
627 2590 713 2661 quasi
732 2589 813 2660 prin·
864 2597 966 2652 videre
988 2612 1047 2652 uon
1066 2598 1194 2667 poteras.
1219 2595 1299 2668 Ergo
1324 2598 1442 2668 quondo
1462 2598 1570 2654 dedisti
1589 2615 1698 2657 nomen

85 2701 99 2739 ι.
122 2681 201 2749 Quid
223 2681 302 2736 enim
322 2683 381 2735 tam
403 2679 575 2750 principale,
596 2694 684 2750 quem
697 2677 813 2748 pietas?
864 2689 948 2741 tuum
962 2683 1030 2755 (60),
1046 2684 1111 2740 tulit
1123 2684 1226 2754 lutum,
1244 2688 1273 2739 et
1284 2685 1380 2740 linivit
1394 2700 1486 2757 super
1500 2688 1604 2744 oculos
1620 2690 1698 2746 tuos.

85 2770 138 2843 nid
153 2773 213 2826 tam
228 2766 401 2841 principale,
413 2783 500 2839 quem
511 2768 641 2841 cognitio
655 2767 729 2821 Dei?
743 2766 813 2838 quid
866 2773 941 2839 Quid
961 2773 1134 2847 significat?
1154 2773 1192 2829 Ut
1215 2776 1368 2844 peccatum
1394 2777 1476 2829 tuum
1498 2775 1645 2842 fatereris.
1669 2780 1702 2834 ut

85 2858 226 2931 lucipeta,
241 2874 329 2930 quem
344 2857 461 2911 virtus?
482 2856 552 2928 quid
567 2860 625 2911 tam
639 2855 811 2927 principale,
866 2863 1078 2919 conscientiam
1091 2865 1171 2918 tuam
1185 2878 1434 2935 recognosceres,
1450 2865 1482 2918 ut
1494 2865 1699 2935 paenitentiam

85 2947 239 3005 sensilium
259 2946 330 3002 Dei?
344 2944 418 3009 Quid
442 2948 501 2999 iem
525 2944 697 3017 principale,
726 2959 814 3016 quam
865 2968 973 3025 ageres
988 2951 1305 3021 delictorum,hoccst,
1325 2952 1587 3010 sortemhumuure
1607 2971 1701 3028 gene-

86 3034 164 3093 nei‘l
178 3035 355 3090 sicuttimor
373 3033 477 3089 eoeouli
491 3033 657 3105 infirmitas,
673 3034 713 3088 iis
727 3034 816 3088 timor
865 3041 989 3097 rationis
1003 3055 1197 3113 agnosceres.
1224 3040 1300 3094 Nam
1323 3039 1438 3095 etiamsi
1453 3056 1513 3097 non
1528 3042 1703 3101 confiteatur

85 3134 157 3200 lgna
171 3128 220 3180 est
234 3122 385 3178 tortitudo.
866 3132 1029 3202 peccatum,
1046 3129 1098 3201 qui
1111 3128 1193 3183 venit
1206 3128 1243 3182 ad
1256 3127 1445 3199 baptismum,
1455 3131 1553 3185 temen
1563 3131 1620 3187 hoc
1634 3132 1701 3203 ipso

85 3214 147 3271 'stus
162 3215 233 3268 sunt
247 3215 361 3283 septem
376 3210 499 3266 virtutes
514 3211 631 3282 quando
652 3211 814 3282 consigna·
834 3179 968 3289 cimplet
989 3217 1210 3274 contessionem
1244 3217 1374 3273 omnium
1397 3221 1597 3290 peccatorum,
1622 3221 1703 3293 quod

85 3318 134 3375 m,
161 3305 192 3357 ul
214 3302 254 3355 eit
276 3300 438 3371 Apoeiolue
460 3305 583 3355 sancius
600 3314 607 3354 :
625 3298 697 3364 Quia
712 3299 814 3355 multi·
867 3306 1008 3377 baptizari
1023 3305 1104 3378 petit,
1127 3307 1159 3360 ut
1180 3304 1377 3376 justificatur,
1393 3306 1450 3361 hoc
1466 3308 1522 3378 est,
1538 3309 1600 3362 uta
1616 3307 1701 3380 culpe

100 3397 164 3460 est,
190 3389 295 3462 inquit,
320 3388 467 3460 supientia
492 3388 549 3443 Dei
574 3389 671 3443 nostri
689 3388 812 3459 (Ephes.
868 3396 904 3450 ad
919 3395 1043 3467 gratiam
1059 3396 1198 3449 transeat.

85 3478 160 3537 ist
182 3483 216 3533 ut
237 3477 427 3534 multiformis
452 3480 498 3532 cst
519 3477 662 3549 sapientie
688 3477 751 3546 Dei,
774 3478 814 3532 ita
903 3482 946 3538 ts.
967 3483 1065 3538 Nolite
1088 3484 1216 3537 otiosum
1239 3483 1351 3554 putere.
1384 3478 1459 3538 Sunt
1481 3484 1610 3556 quidam,
1636 3485 1700 3541 scio

85 3568 169 3627 nis
184 3570 232 3623 est
245 3566 373 3638 Spiritus
389 3569 521 3637 sanctus,
547 3566 598 3638 qui
613 3566 702 3621 hahet
714 3565 814 3621 direr—
869 3576 947 3627 certe
963 3571 1091 3644 aliquem
1106 3570 1201 3626 inisse
1217 3571 1267 3642 qui
1288 3571 1408 3642 diceret,
1434 3586 1501 3627 cum
1524 3573 1568 3627 illi
1586 3571 1703 3630 dicere·

85 3656 205 3729 r'nsque
221 3655 356 3711 virtutes.
373 3654 458 3710 Unde
473 3658 502 3710 et
517 3654 597 3709 Deus
613 3655 752 3710 virtutum
769 3655 814 3710 di·
868 3676 934 3716 mus
953 3675 959 3715 :
975 3660 1007 3714 ln
1022 3658 1078 3714 hac
1093 3660 1177 3714 aetate
1192 3658 1288 3731 magis
1302 3659 1442 3731 baptizari
1463 3659 1566 3729 debes,
1587 3660 1704 3717 dicebat

85 3742 168 3805 Pul.
184 3760 311 3814 cxxxix,
326 3745 354 3813 5)
370 3759 376 3800 ;
394 3744 473 3815 quod
498 3743 591 3815 aptari
614 3746 711 3814 potest
725 3744 814 3814 Petri,
868 3750 917 3805 ills
934 3765 940 3804 :
957 3746 1052 3812 Quare
1072 3746 1223 3817 baptizor?
1245 3748 1402 3803 Peccatum
1425 3763 1483 3804 non
1507 3748 1612 3814 habeo,
1628 3750 1703 3815 365

85 3838 157 3909 ml
167 3833 292 3906 Spiritui
307 3835 421 3889 sancto.
436 3831 495 3887 Sed
506 3832 563 3889 hoo
579 3832 700 3888 alterius
715 3832 816 3903 dispu·
869 3835 1018 3908 Numquid
1029 3839 1182 3907 peccatum
1194 3837 1346 3891 contruxit
1355 3836 1411 3891 Hic
1421 3836 1513 3892 lutum
1523 3837 1703 3904 nonhabuit,

85 3922 254 3999 multocius
268 3924 316 3977 est
329 3922 480 3992 temporie.
869 3925 948 3999 quod
963 3924 991 3985 ei
1005 3922 1144 3979 Christus
1158 3939 1218 3979 non
1232 3923 1344 3979 leverat
1359 3923 1426 3994 (sl),
1440 3924 1505 3996 ⁸hoc
1519 3927 1576 3996 est,
1601 3942 1661 3983 non
1676 3928 1704 3984 ei

85 4060 163 4125 nitar
176 4063 255 4134 cod,
281 4070 311 4119 ut
326 4065 357 4119 in
373 4064 542 4120 ministerio
556 4080 614 4120 uon
629 4064 791 4121 crubescas
808 4087 816 4122 :
871 4083 945 4137 cum,
961 4067 1068 4136 lih.v1,
1085 4066 1141 4121 col.
1158 4063 1237 4121 1383.
1256 4064 1291 4120 Et
1305 4064 1375 4120 hinc
1390 4065 1515 4139 intelligi
1528 4061 1626 4137 potest
1635 4069 1705 4121 Am·

85 4150 120 4195 Ι
133 4151 210 4192 vero
225 4139 302 4206 post,
318 4151 373 4206 pro
389 4136 464 4208 quod
478 4151 534 4190 nou
553 4136 759 4209 dediquamur,
786 4141 818 4192 ut
870 4139 1003 4194 brosiani
1015 4137 1129 4209 ingenii
1144 4151 1204 4191 non
1215 4137 1334 4191 omnino
1346 4151 1425 4207 esse,
1440 4138 1705 4209 quodeuctoreem

85 4207 245 4279 ..mnibus
260 4207 328 4262 edit.
346 4209 374 4261 ct
388 4222 463 4262 mss.
479 4204 617 4276 Clarum,
634 4205 749 4262 sublata
763 4224 817 4263 ne·
872 4208 1092 4264 consessionem
1117 4207 1211 4262 omitti
1235 4222 1326 4277 posse
1354 4206 1429 4262 inira
1454 4208 1481 4262 si
1505 4208 1613 4263 niilcat.
1630 4208 1706 4262 Nem

85 4277 375 4349 plumeslegimus,
393 4277 468 4350 quod
479 4276 684 4349 dedignamur.
696 4278 732 4333 Et
742 4279 818 4334 huuc
892 4279 1006 4336 uumris
1030 4294 1101 4334 vera
1126 4279 1165 4333 sit
1187 4277 1237 4332 illa
1251 4277 1360 4349 opinio,
1378 4224 1623 4348 quemeimcdum
1638 4280 1706 4349 post

88 4348 255 4431 monem
269 4364 339 4404 esse
355 4349 545 4429 perspicuum
560 4351 616 4404 est.
685 4419 691 4430 ο
871 4297 922 4406 iot
943 4350 1119 4423 Angelicum
1133 4365 1165 4402 ur
1178 4365 1218 4419 p.,
1234 4365 1262 4431 q.
1279 4349 1305 4417 8,
1322 4353 1375 4404 ert.
1392 4348 1419 4418 6,
1436 4348 1543 4403 docent
1557 4347 1704 4420 theologi3

88 4420 172 4479 1⁸⁸.
186 4418 308 4491 aliquot,
331 4425 444 4492 septam
463 4425 592 4475 virtutes
606 4435 688 4492 quasi
706 4425 818 4491 septem
872 4421 1063 4476 Ambrosium
1087 4422 1184 4475 tamen
1207 4435 1258 4490 qur
1282 4435 1319 4474 ex
1342 4434 1400 4474 usu
1425 4423 1556 4474 veterum
1580 4418 1706 4473 aliorum

85 4506 121 4549 Ι.
873 4494 993 4547 Petrum
1006 4492 1043 4546 ud
1058 4490 1229 4561 hujusmodi
1245 4489 1489 4561 preparationem
1505 4504 1578 4543 suos
1592 4488 1706 4543 hortari

87 4562 137 4621 h
151 4561 221 4617 edit.
243 4576 348 4616 omnes
369 4562 397 4615 et
420 4575 495 4615 mss.
518 4560 674 4633 plerique:
692 4561 750 4616 duo
773 4565 818 4617 ta·
837 4530 1079 4631 1'consueveran
1096 4559 1206 4631 aliquid
1222 4561 1367 4615 dicturum
1382 4560 1459 4613 unda
1475 4559 1512 4612 ab
1527 4559 1708 4614 eedemavo·

85 4635 189 4709 quot,
215 4633 264 4704 qui
284 4632 369 4687 modo
395 4632 521 4694 venisti:
544 4632 593 4685 alii
617 4632 819 4704 totidemque
874 4635 935 4689 cari
948 4635 1081 4704 possent,
1098 4647 1158 4687 non
1173 4631 1210 4685 ad
1224 4629 1546 4685 modumtitcredibile.
1563 4628 1706 4685 lmoverc

85 4720 125 4763 u
142 4703 264 4758 venisti.
279 4701 351 4768 Ques
366 4703 452 4757 lectio
469 4701 591 4756 multum
606 4702 725 4756 arridet.
742 4703 820 4758 lnt'ra
875 4721 941 4760 cum
957 4717 1066 4758 sensus
1082 4703 1172 4757 totius
1187 4701 1245 4755 loci
1259 4701 1286 4755 is
1299 4701 1444 4766 videatur,
1468 4699 1627 4771 tingendos
1647 4715 1707 4755 non

85 4774 122 4835 Β
133 4773 207 4831 edit.
222 4789 257 4828 ee
272 4774 374 4844 plures
389 4788 474 4841 mss,
490 4774 519 4827 si
529 4778 626 4827 tumen
639 4789 694 4828 non
708 4774 819 4844 legisti,
873 4775 931 4830 alio
947 4774 1033 4830 modo
1043 4774 1227 4843 peccatesua
1239 4771 1372 4826 confiteri
1397 4770 1513 4838 solitos,
1530 4785 1617 4842 quam
1628 4771 1708 4842 quod

85 4860 177 4909 mn
190 4844 379 4900 desideratur
392 4844 423 4898 in
438 4859 512 4898 mss.
529 4843 607 4898 haud
617 4845 730 4926 paucis.
749 4845 821 4899 Pos-
874 4843 1073 4917 confugiendo
1089 4843 1125 4897 ed
1139 4842 1311 4908 remedium,
1335 4843 1464 4913 aegrotos
1484 4856 1518 4895 se
1534 4845 1621 4912 atque
1636 4857 1708 4897 sau-

143 4915 183 4973 ud
208 4914 368 4986 subjicitur
391 4915 427 4969 de
451 4928 542 4984 caeco,
564 4914 594 4969 id
615 4931 646 4969 iu
663 4914 762 4971 libello
778 4915 823 4970 lle
876 4917 938 4972 cios
955 4915 1041 4970 tacita
1055 4912 1181 4984 quedem
1196 4910 1710 4982 etrurplicitaconsessionedeclara·

163 4986 252 5057 plane
265 4986 415 5041 reticetur.
874 4988 939 5054 bat;
955 4986 1012 5041 hoc
1026 4984 1101 5040 satis
1116 4986 1216 5054 aperte
1252 4983 1350 5037 roberi
1365 4982 1542 5038 arbitramur
1558 4982 1649 5038 husee
1660 4983 1711 5039 ho·

85 5056 208 5119 mss
224 5056 294 5113 edit.
321 5071 356 5111 nc
379 5072 453 5112 mss.
477 5055 621 5124 nonnulli,
644 5055 722 5111 Vede
744 5055 821 5127 lara,
875 5058 972 5113 milies
987 5055 1057 5111 alibi
1073 5070 1161 5127 quam
1175 5054 1206 5109 in
1244 5054 1353 5109 eclesie
1368 5053 1583 5109 Mediolanensi
1593 5053 1709 5112 habitas

85 5134 157 5193 h.
174 5127 212 5184 Εἰ
266 5132 294 5184 st
311 5143 415 5199 pauca,
431 5127 525 5182 oculis
540 5127 643 5183 cordis
659 5127 702 5180 lui
717 5147 725 5181 :
742 5129 823 5182 utro·
876 5143 956 5185 esse.

85 5200 190 5277 μω
203 5143 344 5255 uiimss.
360 5198 451 5254 mullo
466 5199 568 5269 plures
583 5213 617 5252 ac
626 5199 823 5270 probatiores,
911 5199 968 5269 (cr)
983 5197 1047 5254 Vet.
1064 5196 1133 5252 edit.
1151 5198 1180 5252 et
1193 5211 1267 5251 mse.
1285 5194 1406 5267 aliquot,
1423 5210 1479 5250 non
1495 5195 1635 5262 leveram
1650 5210 1712 5253 me·

85 5270 218 5333 “extu
876 5271 934 5326 line
950 5269 1019 5326 edit.
1037 5268 1122 5324 Rom.
1149 5270 1177 5322 et
1191 5267 1286 5322 codex
1299 5267 1406 5322 Teller.
1423 5266 1507 5335 alter,
1525 5281 1582 5321 nou
1599 5265 1711 5322 linire·

142 5342 188 5411 ἰ,
204 5312 298 5398 oculis
312 5340 413 5397 cordis
428 5339 480 5395 tui.
875 5347 942 5407 rat,·
960 5339 1068 5412 optime
1083 5354 1155 5395 raro
1171 5353 1245 5394 mss.
1274 5337 1391 5410 reliqui,
1415 5352 1473 5392 non
1487 5337 1616 5393 leverat.
1628 5334 1711 5401 Quod

133 5478 136 5483 ,
196 5426 319 5469 usuum
334 5410 537 5467 catechumeni
553 5410 660 5467 dabant
674 5411 711 5466 ed
729 5410 823 5482 bapti·
876 5417 974 5469 autem
988 5406 1711 5489 postduosversusproconsupitedhaptismum,

85 5512 112 5565 ,-
174 5482 209 5541 in
222 5482 453 5566 competentium
472 5482 605 5566 ordinem
628 5483 824 5566 admitteban—
875 5484 987 5567 ultime
999 5480 1095 5567 Paris.
1111 5480 1181 5538 edit.
1193 5479 1408 5563 sulrstituerant
1427 5482 1582 5559 consurgit
1593 5476 1632 5543 ud
1640 5475 1712 5547 dap·

163 5558 268 5613 nutem
286 5553 368 5610 addit
387 5553 424 5609 de
442 5553 628 5624 confitendis,
651 5568 824 5626 priusquam
878 5561 996 5611 tremum
1016 5546 1631 5622 inhoeaosterrsed1,.eomse.omn1bus
1645 5544 1711 5617 desi

85 5629 216 5699 utut,
327 5625 381 5710 us,
398 5637 463 5682 eam
477 5624 547 5682 olim
562 5622 825 5682 luisseoonsuetu·
878 5594 1019 5688 ciceiani.
1034 5624 1094 5686 Sed
1108 5621 1182 5687 illud
1196 5635 1354 5704 operarum
1370 5621 1526 5701 peccatum
1539 5614 1625 5681 nir..

94 5696 232 5765 mr
310 5692 527 5780 estrallxpos.
544 5695 658 5779 linang.
684 5712 746 5776 seo.
762 5695 824 5769 Lq-
