3900 6128
105 244 168 317 859

825 258 857 322 S.
882 257 1104 322 AMBROSll.

109 452 189 526 quod
203 453 316 517 nescio.
333 431 400 527 quaa
424 456 503 514 scire
523 472 581 514 non
605 474 738 530 possum.
756 458 839 525 Quod
862 441 974 513 vidi-l
995 474 1102 528 meum,
1119 457 1217 514 divide
1231 458 1309 531 quod
1325 476 1412 516 suum
1428 459 1518 516 Verbi
1528 464 1584 517 eat.
1596 460 1686 536 Egoq

109 557 187 610 mus,
203 542 307 614 inquit,
324 547 352 598 et
370 543 449 616 quod
470 546 636 602 audivimus
661 548 687 610 tl
701 548 783 603 dean.
799 566 818 616 1,
835 548 906 614 t·3),
928 572 937 593 »ι

109 628 240 684 loannes
265 632 353 687 dicit:
385 632 442 688 hoe
469 636 566 690 solum
589 636 665 690 benc
685 638 764 690 scire
792 652 826 690 se
856 635 938 703 dixit,

108 717 188 788 quod
203 718 314 774 audivit
329 722 357 775 et
371 721 449 791 quod
470 723 552 790 vidit,
569 724 619 794 qui
643 724 673 778 in
697 724 807 778 Christi
821 728 940 793 pectore

107 805 308 883 recumbebat.
321 808 398 881 Ergo
409 811 451 865 illi
462 811 534 866 satis
546 816 591 867 est
601 813 731 882 audisse,
745 812 814 867 mihi
826 815 941 867 nonest

110 893 195 949 satis.

143 982 187 1036 2⁴2.
203 982 262 1039 Sed
277 986 356 1057 quod
371 987 419 1043 ille
430 989 550 1056 audivit,
563 989 619 1044 hoc
630 989 701 1043 mihi
712 989 805 1044 dixit:
823 993 851 1043 et
862 989 941 1061 quod

109 1070 942 1150 audivitaChristo,hocnecegopossumnegareverum

110 1173 180 1214 esse
201 1160 237 1215 da
260 1161 388 1219 Christo.
411 1165 491 1237 Ergo
511 1166 590 1238 quod
617 1167 742 1236 audivit,
771 1166 889 1222 audivi:
915 1168 943 1220 et

110 1247 189 1316 quod
204 1249 286 1318 vidit,
303 1251 363 1306 vidi
379 1252 451 1322 (tlt3
480 1254 528 1308 illa
559 1255 636 1308 eninr
656 1254 739 1324 vidit,
756 1254 834 1326 quod
850 1254 942 1324 vidit3

111 1348 171 1389 non
188 1337 492 1410 utiquedivinitatam,
522 1359 589 1413 quae
617 1343 782 1398 secundum
810 1345 944 1397 naturam

112 1437 197 1478 suam
212 1425 307 1481 videri
322 1443 380 1483 uon
398 1432 504 1500 potest.
521 1430 578 1485 Sed
595 1432 664 1503 quia
678 1431 843 1487 secundum
858 1435 944 1486 natu-

61 1534 64 1540 ·
112 1526 173 1564 ram
190 1529 275 1568 suam
298 1517 392 1571 videri
413 1535 472 1573 non
494 1522 617 1589 poterat,
635 1520 768 1590 suscepit
787 1520 945 1591 quoderat

111 1603 219 1668 proetcr
234 1607 366 1659 naturam
382 1607 542 1661 divinitatis
555 1623 562 1676 3
583 1613 613 1662 ul
628 1609 793 1663 secundum
809 1612 942 1663 naturam

113 1691 248 1758 corporis
263 1692 423 1749 videretur.
440 1695 572 1766 Denique
587 1701 616 1750 et
633 1696 761 1767 Spiritus
777 1699 898 1751 sanctus
914 1697 945 1750 iu

994 547 1083 616 illius,
1100 563 1159 604 non
1179 549 1343 605 habebam:
1368 553 1397 604 et
1411 550 1460 605 ilie
1482 551 1561 621 quod
1577 566 1674 607 meum

994 637 1129 692 habebat.
1145 637 1283 709 Suscepit
1311 639 1390 709 quod
1406 654 1512 695 meum·
1532 643 1589 708 est,
1606 643 1638 694 ut
1664 641 1686 695 ir

994 726 1072 796 quod
1088 742 1175 782 suum
1191 730 1255 796 est,
1278 727 1411 797 suscepit
1431 744 1490 782 non
1506 731 1538 782 ut
1552 726 1686 785 contuitu!¹

994 819 1026 867 ut
1040 815 1177 883 repleret.
1194 814 1226 870 Si
1240 815 1345 870 credas
1360 817 1592 886 susceptionem,
1608 815 1686 887 aiitrq

995 900 1162 972 tusionem3
1192 902 1374 958 Manichacus
1404 919 1473 958 essa
1502 904 1618 974 desisti,
1646 919 1686 961 ne

995 989 1138 1046 Ecclesiae
1153 991 1232 1046 tilius
1247 1007 1316 1046 esse
1332 991 1458 1062 coepisti.

1030 1080 1073 1134 tt.
1091 1079 1121 1135 Si
1137 1080 1242 1135 credas
1267 1080 1488 1152 susceptionem
1511 1082 1659 1153 corporis,
1674 1097 1686 1137 ι

995 1167 1138 1222 divinitati
1160 1170 1415 1240 compassionem:
1431 1170 1597 1241 portionem
1618 1169 1686 1242 utiq

995 1256 1062 1326 diae,
1078 1273 1138 1311 non
1160 1257 1313 1327 perfidiam
1332 1258 1505 1328 declinasti;
1528 1259 1625 1313 credis
1650 1273 1686 1315 aa

996 1345 1049 1399 tibi
1062 1346 1206 1416 prodesse
1223 1347 1397 1416 praesumis:
1418 1361 1477 1401 non
1493 1347 1591 1402 credis
1609 1346 1686 1419 quod

996 1450 1088 1506 gnum
1104 1437 1159 1489 est.

1031 1541 1075 1594 25.
1092 1541 1210 1596 Rursus
1226 1540 1252 1594 si
1268 1540 1372 1595 credas
1387 1541 1456 1611 quia
1472 1541 1550 1595 idem
1565 1541 1646 1596 Deus
1671 1555 1686 1597 e

996 1630 1106 1683 veteris
1122 1631 1300 1684 Testamenti
1316 1632 1371 1697 est,
1387 1632 1520 1699 tempora
1534 1633 1631 1684 autem
1647 1629 1686 1686 Va

996 1721 1024 1771 et
1039 1721 1183 1772 momenta
1199 1718 1376 1786 praemittus:
1393 1718 1575 1773 tolerabilior
1589 1718 1686 1775 Valere

112 1779 212 1846 specie
227 1779 312 1834 visus
329 1784 384 1850 est,
401 1783 479 1837 sicut
494 1784 629 1839 columbo
640 1785 721 1854 (Luc.
738 1802 778 1854 ru,
794 1786 859 1855 wi
876 1786 978 1871 quia3
997 1808 1047 1876 qu,
1062 1822 1120 1861 non
1136 1807 1246 1861 saeeula
1261 1809 1327 1859 ,nge
1357 1806 1460 1871 Deum,
1477 1808 1531 1861 sed
1560 1807 1633 1862 deos
1654 1822 1686 1879 p,

111 1863 206 1919 videri
221 1866 359 1925 divinitas
374 1870 405 1925 in
420 1887 483 1927 suae
499 1871 639 1927 claritatis
663 1874 785 1929 veritate
810 1889 868 1928 non
889 1889 944 1944 po-

111 1955 195 2008 terat.

432 2066 557 2123 CAPUT
577 2068 623 2122 lV.

111 2186 179 2242 Nou
195 2188 335 2246 sufficere
354 2192 382 2247 si
397 2192 553 2247 credamus
574 2192 604 2245 iu
624 2191 745 2247 cinisio
763 2208 863 2247 rernm
879 2208 944 2247 car·

149 2274 225 2328 nem,
252 2262 313 2316 nisi
327 2278 343 2317 a
358 2263 518 2318 divinitate
534 2278 646 2317 ornrrem
666 2278 730 2317 cum
745 2279 778 2317 ea
795 2263 944 2318 contusio-

151 2346 227 2398 nem,
246 2332 372 2388 aliamre
388 2333 593 2387 infirmitatem
604 2334 803 2389 secludamus:
820 2335 948 2406 aequasi

145 2402 277 2456 eumdem
294 2404 446 2475 utriusque
464 2404 590 2458 traderis
606 2404 696 2458 Deum
725 2405 866 2469 dicamus,
884 2405 945 2458 nisi

148 2478 327 2527 coaeternum
354 2476 473 2543 ipsimet
507 2474 633 2528 Verbum
654 2474 865 2545 profiteamur:
889 2491 943 2530 uec

147 2543 272 2609 dearum,
290 2545 395 2598 siaute
418 2545 568 2614 l'irqinem
584 2561 777 2615 aquoscamus
790 2545 872 2599 iilum
888 2561 944 2599 cm-

144 2614 237 2682 pisse,
257 2614 317 2667 nisi
327 2615 405 2668 omui
417 2615 565 2685 principie
583 2617 779 2738 antilquiorem
795 2616 944 2686 praedice-

146 2698 219 2737 mus.
238 2683 465 2739 Commendatur
486 2686 575 2739 Petri
588 2701 640 2740 eon
657 2687 753 2740 essia:
771 2692 800 2740 et
816 2702 869 2740 cur
881 2686 942 2754 ille,

146 2751 334 2823 loquentibus
348 2754 426 2823 altis,
445 2757 581 2822 tacuerit,
593 2772 716 2826 quamve
729 2755 856 2828 pulchre
864 2757 943 2811 idem

144 2828 248 2893 postea
265 2826 464 2896 responderit,
483 2828 650 2896 exponitur.

148 2910 191 2964 ⁶23.
209 2911 276 2967 Noli
291 2914 383 2985 igitur
397 2918 425 2969 et
437 2920 467 2969 tu
483 2915 646 2969 secundum
663 2917 794 2970 naturam
804 2916 945 2985 interpre-

111 2998 255 3070 tariquod
275 3005 384 3072 praeter
400 3003 560 3057 diuinitatis
579 3005 711 3056 naturam
728 3006 783 3058 est.
803 3004 877 3057 Nom
888 3004 946 3058 etsi

113 3089 218 3143 eredas
233 3105 250 3142 a
265 3088 384 3145 Christo
398 3106 498 3145 veram
514 3082 586 3145 709
603 3106 721 3144 carnem
735 3105 805 3145 esse
816 3106 943 3160 suseep-

111 3177 211 3246 tam,et
220 3176 942 3251 ollerastransfigurandumcorpusaltm·ibus(t8)‚
957 3162 984 3226 C
998 3169 1130 3240 Denique
1139 3184 1206 3223 cum
1216 3168 1449 3238 interrogasset:
1469 3164 1583 3228 “Quem
1595 3181 1640 3221 1110
1652 3164 1686 3221 dit

111 3281 171 3320 non
182 3265 350 3339 distinguas
362 3271 458 3321 tamen
469 3270 601 3321 naturum
619 3266 781 3321 divinitatis
796 3269 825 3320 et
836 3283 943 3336 corpo-

111 3355 165 3424 ris,
183 3355 278 3410 cttibi
302 3355 425 3411 dicitur:
451 3354 512 3409 nSi
536 3357 615 3408 recte
638 3353 757 3423 otiores,
780 3370 839 3409 non
865 3358 943 3410 recte

112 3443 209 3497 autem
225 3443 351 3514 dividas,
367 3443 497 3514 peccasti
514 3442 600 3512 (Gen.
617 3460 656 3512 ιν,
672 3442 710 3511 7).
723 3463 734 3491 r
748 3442 850 3498 Diride
865 3444 943 3514 quod

110 3585 229 3657 legitur,
248 3607 259 3635 ι
278 3585 465 3658 cujusmodi3
485 3607 496 3636 r
513 3585 684 3641 eorumdem
698 3601 770 3641 vero
786 3600 858 3640 mss.
876 3586 943 3656 qui-

110 3656 177 3710 dam
193 3659 280 3712 etiam
295 3659 447 3729 geminant
469 3658 592 3712 verbum
615 3676 626 3707 ιι
644 3658 766 3724 nesci03
784 3677 795 3709 r
824 3657 943 3728 quidam

110 3727 255 3793 omittunt,
274 3749 285 3775 ιι
305 3729 393 3782 multo
410 3728 516 3782 melius
532 3728 598 3796 hoc,
615 3743 702 3798 quam
718 3728 792 3782 scio.
811 3750 821 3773 r

145 3797 202 3866 (tr)
216 3797 326 3851 Omnes
341 3799 409 3853 edit.
426 3803 455 3852 et
479 3815 552 3852 mss.
575 3814 632 3852 non
659 3799 753 3867 pauci,
782 3822 792 3844 ι
818 3797 942 3851 hoccine

111 3881 168 3947 ego
182 3883 306 3936 possum
311 3909 363 3923 .....
380 3869 459 3938 quod
470 3869 590 3932 audivit,
603 3868 699 3921 audivi
710 3885 716 3933 ;
729 3872 756 3923 et
771 3868 849 3938 quod
859 3868 941 3934 vidit,

110 3936 188 4003 vuti;
217 3961 228 3985 ι
256 3939 341 3992 Rom.
372 3940 453 4008 edit,
486 3961 497 3989 ιι
525 3939 603 4009 quod
627 3938 747 4006 audivit,
777 3939 883 3993 audio:
914 3942 943 3992 et

109 4007 188 4078 quod
204 4008 285 4074 vidit,
303 4009 389 4063 video
406 4026 413 4079 1
431 4032 442 4057 ιι
462 4009 560 4064 caetori
575 4024 648 4063 msa.
660 4009 898 4078 quietpotiores,
911 4012 943 4063 ut

110 4092 166 4132 nos
182 4078 213 4133 in
234 4082 325 4133 textu.
351 4079 385 4133 Et
409 4095 515 4134 rursus
534 4079 610 4132 inira
633 4079 682 4133 ubi
699 4095 801 4132 ornnes
827 4080 943 4134 aditet

109 4164 179 4218 pars
191 4164 250 4204 non
260 4150 379 4203 minima
390 4165 477 4214 mas,
493 4170 504 4198 ι
522 4153 655 4202 naturam
667 4164 751 4203 suam
762 4165 828 4203 eum
841 4151 941 4204 videre

110 4235 169 4275 non
185 4223 307 4290 poterat,
332 4219 494 4274 »nonnulli
520 4235 605 4285 mss,
632 4241 643 4265 ιι
668 4235 727 4272 non
748 4223 897 4288 poterant:
928 4240 939 4269 ι

111 4291 211 4345 caeteri
227 4291 312 4345 etiam
329 4306 436 4362 magno
452 4305 585 4358 numero,
602 4292 630 4344 et
641 4288 940 4358 majoriauetoritate,

112 4362 233 4416 «videri
252 4377 310 4417 non
325 4365 448 4432 poterat.
467 4383 478 4411 a

144 4432 202 4503 (te)
220 4432 329 4487 Eodem
364 4433 430 4486 lane
446 4447 538 4486 sensu
555 4431 664 4485 dietum
689 4431 817 4485 vidimus
841 4431 891 4485 lib.
914 4448 943 4484 ιν

109 4502 146 4557 de
163 4502 247 4572 Frde,
265 4519 328 4574 cap.
345 4450 362 4558 ξ)

108 4589 203 4628 sacrae
219 4574 372 4641 orationis,
390 4573 563 4644 mysterium
585 4574 614 4626 in
639 4588 758 4626 caruem
778 4574 942 4643 transfigu-

108 4649 212 4699 rantur
225 4649 253 4700 et
268 4646 445 4715 sanquinem
464 4668 474 4692 a
489 4661 495 4698 ε
511 4660 577 4714 quae
594 4644 686 4697 verba
699 4643 808 4697 ibidem
818 4658 834 4696 a
846 4658 944 4696 sacra-

109 4717 319 4770 mentariorum
335 4715 467 4784 strophis
483 4716 637 4785 ipsametn
666 4712 797 4784 legitimo
813 4717 841 4767 el
858 4717 942 4767 natu-

110 4785 165 4839 rali
179 4801 272 4840 sensu
293 4786 529 4856 detorquentium
553 4784 816 4855 propugnavimus.
835 4784 943 4838 Verum

111 4854 941 4926 hicipseiocuspeculiarcmmereturanimiattentionem.

110 4925 304 4980 Primoenim
332 4942 417 4981 nemo
447 4930 493 4981 cst
520 4943 558 4980 ex
587 4924 716 4996 antiquis
739 4925 943 4978 auctoribusu

112 4995 221 5065 quibus
238 4999 343 5050 citatus
359 4998 513 5067 reperitur,
522 4997 706 5052 Theodoreto
718 4994 841 5062 scilicet,
855 4995 943 5049 tuone

112 5080 146 5119 ae
156 5068 242 5121 Petro
259 5067 434 5135 laombardo,
451 5069 499 5139 qui
512 5084 578 5122 cum
590 5065 943 5138 simplicisignidcatione

115 5148 144 5199 ct
172 5142 314 5209 κατὰλέξιν
337 5161 395 5201 non
432 5147 608 5216 acceperint.
649 5148 690 5200 Dc
725 5145 942 5216 posterioribus

111 5216 228 5272 duobus
244 5233 303 5272 non
313 5216 506 5272 reluctaturos
521 5218 724 5272 existimamus
736 5216 940 5271 adversarios:

112 5287 258 5357 atprioris
269 5288 370 5359 verba,
384 5291 492 5360 quibus
504 5289 701 5343 Ambrosiana
716 5288 818 5344 Graece
836 5286 941 5355 reddit,

111 5368 336 5424 consideranda.
368 5368 442 5423 Sunt
470 5372 567 5424 autem
597 5367 789 5436 hujusmodi,
819 5363 868 5417 arla
893 5366 943 5438 γάρ

110 5448 249 5528 πιστεύσῃς
286 5446 319 5508 ὡς
359 5446 445 5508 ciuile
481 5444 519 5506 ain
555 5445 584 5500 τὸ
620 5449 694 5518 σῶμα
734 5449 779 5498 τοῦ
816 5448 941 5519 Χριστοῦ,

109 5531 153 5581 καὶ
179 5547 199 5580 π
217 5528 352 5607 σσκομίσῃς
389 5507 426 5598 sq:
463 5525 637 5599 θυσιαστηρίῳ
670 5543 732 5598 προς
760 5526 941 5597 pronai-corr,

111 5605 167 5655 etc.
183 5547 298 5665 denibus
314 5600 415 5655 verbis
432 5599 617 5671 figurativam
632 5600 744 5651 tantum
759 5597 871 5669 signari
883 5613 945 5652 mu·

112 5671 251 5726 tationem
265 5669 333 5743 quis
350 5670 408 5726 sibi
419 5667 616 5741 persuadeat?
630 5666 787 5740 eutpotius
803 5668 870 5744 quis
886 5683 945 5724 non

997 1895 1074 1964 quod
1091 1894 1201 1949 saecula
1217 1897 1303 1963 sunt,
1320 1894 1443 1948 minoris
1460 1897 1538 1948 enim
1554 1895 1686 1968 sacrilag

996 1984 1092 2053 putari
1107 1984 1250 2037 divinitati
1266 1983 1387 2053 saecula,
1404 1999 1492 2054 quam
1506 1983 1643 2053 praeferri
1652 1982 1686 2054 (u

1033 2089 1076 2144 96.
1092 2090 1124 2144 Si
1139 2090 1243 2143 credas
1267 2091 1372 2143 iterum
1398 2089 1466 2160 quia
1490 2089 1629 2144 Christus
1655 2105 1686 2160 pr

998 2195 1057 2233 non
1072 2179 1199 2248 sumpsit
1213 2194 1250 2232 ex
1266 2177 1398 2248 Virgine,
1422 2178 1476 2232 scd
1500 2181 1596 2232 tumen
1623 2178 1686 2250 aliq*

998 2267 1148 2321 Christum
1172 2266 1303 2320 aestimas
1333 2281 1402 2320 esse
1426 2266 1621 2336 principium:
1646 2267 1676 2322 iu

999 2357 1147 2423 distantia,
1164 2355 1200 2408 de
1220 2355 1365 2424 impietate
1381 2355 1528 2408 contentio
1544 2358 1590 2408 est
1609 2354 1683 2424 (⁶30);

999 2446 1076 2499 enim
1100 2459 1258 2513 supparem
1280 2444 1396 2513 negasti
1421 2458 1576 2510 essenon
1595 2445 1686 2515 temp<

998 2537 1095 2586 autem
1110 2536 1138 2586 et
1154 2546 1311 2600 supparem
1328 2530 1461 2602 Virginis
1479 2530 1644 2584 secundum
1662 2544 1686 2585 st

997 2636 1064 2676 nem
1080 2620 1215 2690 corporis
1231 2635 1289 2672 non
1305 2619 1432 2689 negabo,
1455 2621 1483 2672 ct
1506 2620 1670 2672 creatorem

999 2708 1170 2763 confitebor.
1188 2707 1262 2772 Quid
1278 2707 1355 2760 enim
1369 2706 1501 2776 proficis,
1518 2706 1545 2759 si
1559 2706 1644 2761 dicas
1663 2721 1686 2778 q:

999 2801 1064 2852 stus
1079 2797 1189 2851 haccon
1201 2795 1249 2849 itta
1260 2796 1298 2849 sit
1307 2795 1461 2849 ereatura?
1476 2793 1616 2849 Creatura
1627 2798 1686 2850 aaut

999 2885 1137 2940 divinitas
1152 2884 1290 2939 adoratur
1305 2883 1371 2954 tet).

1033 2990 1078 3046 ll.
1095 2991 1196 3046 Noluit
1210 3005 1243 3044 sa
1258 2990 1302 3044 sic
1317 2989 1454 3043 tlhristus
1478 2989 1614 3061 agnosci,
1631 3004 1686 3045 nee

997 3084 1068 3150 tum,
1084 3097 1151 3152 qma
1166 3095 1255 3148 supra
1271 3077 1418 3132 hominem
1442 3082 1520 3141 sunt,
1545 3077 1660 3132 meritis
1679 3093 1686 3133 t

997 3258 1132 3313 homines
1144 3257 1262 3327 (rtlatttr.
1272 3254 1405 3324 xv1,13)?
1419 3274 1430 3303 ι
1444 3270 1510 3308 cum
1522 3255 1570 3308 alii
1582 3254 1686 3310 diceret

997 3346 1229 3411 aliideremiam,
1259 3347 1308 3398 aut
1332 3358 1423 3397 unum
1451 3358 1489 3397 ex
1518 3342 1686 3412 prophetis:

998 3434 1174 3490 sententiam
1191 3431 1379 3502 praedicavit:
1397 3446 1464 3485 cum
1481 3431 1585 3485 Petrus
1597 3429 1686 3487 dixis!

998 3570 1686 3644 illicmanitestumagnoscattideiGraecorumtl

999 3647 1195 3703 eucharistica
1224 3645 1448 3699 testimonium?
1476 3643 1587 3697 Deinde
1610 3658 1678 3697 cum

998 3718 1129 3773 membro
1144 3731 1246 3782 voees,
1266 3738 1276 3765 ι
1294 3731 1393 3769 veram
1409 3730 1527 3768 caruem
1538 3729 1608 3767 esse
1622 3728 1686 3769 sust

996 3792 1143 3860 ponantur
1158 3787 1187 3840 iu
1202 3802 1256 3840 sua
1281 3786 1406 3841 naturali
1428 3785 1657 3856 significatione,
1682 3784 1686 3838 i

997 3861 1067 3915 riori
1084 3858 1216 3912 membro
1238 3873 1342 3911 vocem
1373 3872 1540 3925 «corpus»
1563 3871 1622 3909 non
1652 3856 1683 3910 in

997 3929 1197 4000 accipiendam
1213 3929 1309 3982 series
1323 3929 1388 3997 ipsa
1403 3942 1456 3996 per
1471 3941 1505 3980 se
1529 3926 1678 3981 admonet.

998 4002 1113 4056 cariora
1129 4003 1198 4053 sunt
1213 3999 1309 4053 adhuc
1324 3999 1416 4052 verba
1437 3997 1604 4067 sequentia,
1623 4019 1633 4043 ι
1651 4010 1686 4052 ua

998 4087 1073 4144 guas
1097 4074 1195 4124 tamen
1220 4073 1353 4123 naturam
1377 4068 1538 4121 divinitatis
1554 4072 1582 4121 et
1598 4082 1686 4139 corpo

998 4158 1069 4198 vero
1086 4141 1203 4211 corpori
1218 4155 1318 4194 veram
1334 4139 1513 4193 divinitatem
1536 4139 1646 4207 opponi
1668 4153 1686 4191 a

997 4215 1084 4267 diana
1099 4212 1165 4267 luce
1176 4211 1285 4265 clarius
1300 4214 1355 4264 est.
1369 4209 1522 4263 Postremo
1533 4222 1686 4281 sensus,q

997 4284 1099 4338 hrosio
1116 4283 1261 4352 attingunt
1276 4280 1449 4346 adversarii,
1464 4294 1605 4349 perquam
1616 4279 1686 4335 ahsa

998 4356 1077 4409 Idem
1102 4355 1179 4407 enim
1209 4355 1264 4418 est,
1294 4352 1320 4406 si
1344 4351 1518 4419 scripsisset
1542 4352 1667 4405 sanctus

998 4426 1190 4495 Nequaquam
1207 4422 1281 4476 satis
1297 4427 1351 4489 est,
1369 4422 1395 4475 si
1405 4420 1686 4475 credatisChristum

362 4504 395 4559 0:
416 4525 427 4551 u
444 4503 630 4557 Sacramenta
647 4503 803 4566 sumimus,
813 4518 879 4571 quae
891 4517 943 4570 per
955 4513 984 4577 Ι)
998 4496 1118 4550 atiixum
1134 4494 1331 4564 pependissa3
1350 4507 1404 4546 nec
1429 4492 1455 4545 si
1470 4491 1598 4545 credatis
1624 4492 1684 4562 tigu

998 4582 1113 4621 aeneum
1136 4569 1304 4635 serpentem
1320 4563 1494 4630 exstitisse3
1520 4562 1577 4615 nisi
1593 4563 1681 4616 etiam

996 4637 1146 4691 Christum
1162 4638 1190 4688 in
1207 4650 1242 4690 oo
1257 4636 1423 4703 expirasse,
1441 4648 1499 4686 non
1515 4636 1613 4686 autem
1637 4630 1686 4703 eju

996 4711 1093 4762 tatem.
1111 4706 1193 4771 Quod
1209 4705 1393 4760 ratiocinium
1416 4702 1636 4773 ineptissimum
1656 4718 1686 4758 es

997 4795 1055 4833 non
1071 4778 1166 4831 videt:
1183 4792 1286 4831 verum
1302 4775 1474 4830 econtrario
1485 4773 1685 4843 pulcherrima

998 4849 1180 4913 conficietur,
1198 4848 1222 4901 si
1240 4847 1435 4902 Ambrosiana
1452 4844 1544 4898 verba
1560 4859 1644 4900 asuo
1655 4858 1686 4899 aa

997 4920 1137 4992 gnificatu
1154 4935 1212 4972 non
1227 4920 1404 4972 avertantur.

1033 4991 1089 5059 (aa)
1106 4990 1147 5044 Dc
1163 4989 1218 5043 hac
1233 4988 1379 5042 Valentini
1395 4984 1587 5054 absurditate,
1605 4990 1686 5058 praetr

998 5063 1113 5125 llacres,
1129 5060 1160 5114 at
1180 5061 1344 5130 ethugust.
1361 5057 1522 5114 efflares.
1540 5071 1605 5128 cap.
1617 5059 1686 5128 aar

997 5134 1016 5187 l.
1034 5150 1053 5198 r,
1071 5134 1130 5186 adr
1144 5131 1273 5192 Haeres.‚·
1289 5129 1399 5184 Tertul.
1417 5128 1485 5182 arlr.
1505 5126 1633 5196 Valeat„
1649 5131 1686 5184 etr

1033 5205 1089 5272 (⁹20)
1107 5204 1192 5256 Rom.
1209 5201 1290 5268 edit,
1319 5200 1475 5255 consensio
1503 5205 1567 5252 cst:
1596 5202 1686 5270 aperti

998 5290 1100 5343 sensu,
1119 5273 1172 5327 sed
1187 5273 1223 5326 ab
1241 5273 1319 5325 omni
1335 5271 1507 5325 auctoritate
1522 5270 1678 5328 destituto.

1033 5346 1089 5413 (dt)
1104 5344 1212 5398 Omnes
1228 5343 1296 5397 edit.
1314 5358 1369 5396 nec
1384 5341 1469 5411 pauci
1485 5357 1571 5406 msa..
1589 5342 1686 5399 divini

998 5424 1100 5470 ratur:
1130 5415 1236 5485 reliqui
1266 5430 1339 5468 mss.
1359 5436 1370 5460 ιι
1392 5429 1451 5467 non
1479 5413 1622 5467 divinitas
1652 5412 1686 5469 ad

998 5488 1114 5554 Melius,
1133 5501 1199 5540 cum
1215 5486 1263 5539 hic
1284 5499 1395 5539 sensus
1411 5485 1459 5550 sit,
1485 5484 1554 5538 dum
1577 5483 1686 5540 Christi

999 5559 1074 5614 dicis
1090 5561 1253 5613 creaturam
1269 5570 1366 5622 essse,
1384 5571 1442 5609 non
1457 5554 1566 5622 aliam;
1587 5558 1686 5613 creata

998 5629 1065 5686 dom
1080 5632 1186 5697 mutas,
1202 5626 1376 5703 ejusautem
1387 5625 1570 5682 diuinitatem
1582 5640 1645 5685 non
1659 5643 1686 5683 ar
