3900 6128
107 230 168 305 ⁸8⁷
796 235 1067 303 sauenasu.
1791 240 1852 310 888

107 439 170 496 tum
186 437 395 510 cpiscoporum
409 437 560 509 exemplar
574 438 753 496 Ambrosius
769 436 922 511 habeatur,
938 439 1075 498 effectum
1090 446 1146 500 est.
1163 443 1276 511 Quanto
1290 446 1435 503 amoread
1448 447 1692 523 propugnandam
1707 446 1852 504 Christia-

108 544 155 585 ne
170 527 325 598 religionis
340 526 513 599 dignitatem
527 526 737 599 impelleretur,
754 529 844 586 oblati
859 528 1064 587 Valentiniano
1079 531 1173 587 libelli
1187 549 1242 588 seu
1255 533 1389 605 epistolae
1399 534 1603 591 testificantur.
1619 535 1733 601 Quanto
1744 536 1850 590 ardore

109 615 249 689 flagraret
263 615 441 671 defendendi
458 615 595 672 catholici
611 618 771 690 dogmatis,
788 635 823 673 ao
839 617 995 692 sanguinis
1010 636 1064 691 pra
1080 621 1161 677 illius
1177 623 1344 695 integritate
1354 623 1562 694 profundendi,
1574 641 1641 697 quae
1657 625 1686 680 in
1703 624 1854 680 causaba-

108 704 263 762 silicarum
279 705 411 776 scripsit,
428 705 617 776 patefaciunt.
635 707 714 762 Alibi
729 708 869 762 mirarum
885 707 952 779 ejus
968 708 998 762 in
1015 709 1219 764 'condonandis
1235 710 1364 782 inJ'uriis,
1375 711 1629 783 beneficiisquein
1640 712 1699 767 sibi
1709 711 1853 768 inimicis·

109 793 203 850 simos
220 794 412 850 conterendis
428 795 698 868 magnanimitatem
712 811 719 865 3
736 796 807 850 alibi
822 794 890 868 ejus
905 795 1052 852 adversus
1067 797 1263 867 imperatores
1279 803 1366 872 atque
1379 804 1523 872 ¹tyrannas
1540 802 1735 857 constantiam
1751 800 1853 855 obstu-

107 883 270 957 pescimus.
287 882 453 940 Occurrant
467 884 602 956 epistolae
619 885 649 939 in
665 884 775 957 quibus
790 884 950 955 pastoralis
965 883 1033 956 ejus
1055 885 1235 957 sollicitudo,
1261 893 1394 959 qumana
1417 889 1515 944 solum
1538 890 1693 945 diaecesim
1714 887 1851 944 Mediola-

108 987 242 1043 nensem,
259 972 313 1028 sed
329 977 358 1028 et
372 972 446 1027 alias
461 989 579 1045 qaoque
594 973 663 1028 licet
678 972 801 1027 dissitas
818 971 1078 1045 complectebatur,
1095 974 1212 1045 elucet3
1229 979 1299 1032 sunt
1312 977 1389 1047 aliae,
1407 977 1436 1033 in
1452 979 1563 1050 quibus
1578 979 1707 1049 erumpit
1721 978 1850 1034 doctrina

107 1059 186 1133 ejas,
204 1061 369 1132 prudentia,
385 1064 542 1133 sanctitas,
558 1066 587 1117 et
602 1061 639 1116 ab
655 1062 752 1117 omnis
769 1061 900 1117 avaritiae
916 1061 1057 1118 sordibus
1072 1063 1225 1135 alienatio,
1241 1066 1351 1138 quibus
1366 1067 1487 1123 dotibus
1502 1068 1621 1123 adducti
1631 1084 1702 1123 eum
1716 1069 1849 1139 tanquam

107 1166 263 1206 commune
279 1150 384 1206 saeculi
398 1150 447 1205 sui
462 1149 624 1220 oraculum,
640 1150 768 1221 diaconi,
785 1149 965 1221 presbyteri,
981 1153 1070 1225 atque
1085 1152 1440 1224 episcopieonsulebant:
1458 1172 1568 1213 acuon
1578 1157 1666 1213 modo
1677 1156 1795 1229 privati,
1804 1172 1848 1213 ve·

107 1239 509 1311 rumetiamprineipesviri
526 1238 707 1313 gravissima
731 1238 850 1311 negotia
872 1238 939 1311 ejus
969 1239 1038 1294 ildei
1062 1241 1282 1296 committebant
1306 1247 1393 1315 atque
1416 1245 1556 1300 solertiae.
1586 1245 1744 1302 Postremo
1764 1244 1847 1301 iubis

107 1329 243 1402 epistolis
260 1328 368 1400 ubique
385 1328 482 1384 sancti
497 1328 641 1384 Praesulis
655 1326 760 1399 pietas,
777 1326 918 1397 charitas,
936 1327 1150 1399 misericordia,
1167 1331 1322 1402 modestia,
1341 1333 1476 1404 aequitas,
1493 1337 1580 1405 atque
1596 1333 1749 1389 indefessa
1761 1332 1792 1388 in
1808 1333 1845 1387 vi·

107 1420 190 1492 giliis
200 1419 317 1490 piisque
332 1417 487 1473 laboribus
502 1418 725 1488 perseverentia
739 1432 798 1471 non
809 1417 875 1472 sine
890 1416 1082 1472 admiratione
1097 1420 1294 1491 conspicitur;
1319 1428 1425 1477 utnon
1440 1421 1535 1476 levem
1550 1438 1584 1477 ac
1600 1437 1845 1495 monogrammata

108 1507 258 1563 Ambrosii
273 1507 428 1578 picturam,
446 1506 499 1561 sed
509 1506 640 1561 eidotum
651 1505 816 1562 etsolidum
827 1505 958 1577 signum,
975 1506 1033 1562 imo
1044 1521 1115 1562 vero
1126 1508 1318 1565 Ambrosium
1327 1510 1425 1583 ipsum
1437 1511 1601 1568 redivivam
1612 1527 1737 1569 cernere
1753 1511 1844 1567 videa·

106 1613 184 1654 mur.

143 1686 327 1740 Persuasum
342 1682 462 1738 omnino
475 1681 621 1738 habemas
635 1698 673 1737 ex
687 1682 899 1753 pulcherrimis
915 1683 963 1739 his
980 1683 1115 1755 epistolis
1130 1686 1166 1741 ad
1181 1687 1321 1744 lectorem
1332 1688 1430 1744 redire
1440 1704 1576 1762 magnam
1588 1688 1754 1761 utilitatem,
1766 1689 1844 1762 utque

106 1773 248 1830 reddatur
262 1771 364 1827 eadem
380 1771 512 1839 uberior,
529 1785 588 1826 non
604 1771 702 1826 solum
716 1771 905 1826 illustratioai
922 1770 1066 1843 locorum,
1083 1790 1160 1846 quos
1183 1776 1300 1830 vindice
1326 1775 1460 1849 indigere
1482 1778 1632 1848 duximus,
1648 1777 1845 1832 verumetiam

106 1878 194 1920 novae
209 1860 300 1917 totius
316 1860 416 1930 operis
432 1858 636 1913 distributioni
653 1875 772 1929 operam
787 1860 995 1930 impendimus.
1011 1860 1088 1918 Sane
1103 1878 1246 1937 perquam
1270 1867 1400 1935 optatum
1418 1866 1507 1921 nohis
1529 1866 1637 1922 fuisset
1660 1866 1699 1921 ab
1714 1867 1844 1942 alterutro

105 1951 296 2024 vulgatorum
311 1949 447 2004 ordinum
463 1963 522 2003 non
537 1948 704 2018 discedere,
722 1949 812 2004 certis
828 1949 967 2005 nimirum
981 1951 1011 2006 in
1027 1967 1062 2007 eo
1079 1967 1189 2024 genere
1205 1952 1279 2007 nihil
1294 1955 1402 2009 mutari
1417 1955 1483 2009 sine
1497 1954 1596 2026 aliquo
1612 1970 1716 2010 eorum
1743 1954 1845 2010 incom-

106 2040 207 2109 modo,
224 2038 275 2110 qui
286 2037 367 2091 varia
381 2035 551 2091 testimonia
566 2036 633 2091 inde
648 2036 685 2090 ah
701 2036 883 2106 auctoribus,
900 2038 965 2094 sive
994 2039 1133 2110 indicata,
1150 2042 1215 2096 sivo
1239 2042 1324 2096 citata
1354 2043 1528 2114 inpropriis
1544 2044 1693 2113 inspicere
1721 2042 1843 2099 tontibus

105 2129 230 2197 volunt,
246 2127 372 2181 attamen
386 2127 465 2180 tanta
479 2125 635 2197 utriusque
650 2125 831 2195 perturbatio
851 2129 907 2196 est,
922 2129 1002 2182 tanta
1030 2127 1178 2198 contusio,
1208 2131 1240 2184 ut
1264 2128 1353 2184 alium
1369 2130 1536 2202 quempiam
1565 2131 1739 2203 excogitare
1767 2130 1843 2186 nobis

107 2217 194 2290 plane
210 2214 298 2270 luerit
313 2213 530 2268 necessarium.
547 2212 633 2268 Enim
647 2227 718 2267 vero
733 2213 916 2284 antiquiores
932 2215 1078 2271 editiones
1093 2221 1291 2288 preterquam
1305 2218 1384 2290 quod
1413 2218 1548 2288 plurimis
1576 2219 1713 2289 epistolis
1743 2221 1843 2288 carent,

108 2323 183 2378 quas
198 2303 374 2359 addiderunt
390 2301 515 2356 llomani
530 2301 670 2367 editores,
687 2317 751 2356 eam
768 2302 909 2357 exhibent
924 2302 1115 2373 epistolarum
1132 2306 1251 2374 seriem,
1268 2321 1334 2376 qum
1358 2321 1454 2377 neque
1475 2306 1512 2361 ad
1535 2306 1690 2377 temporis,
1706 2305 1844 2378 nequead

107 2395 240 2450 materiae
255 2392 401 2447 rationem
416 2391 580 2461 adaptetur.
596 2390 692 2446 Editio
709 2391 851 2460 Romana,
868 2389 939 2445 dam
953 2391 1022 2446 huic
1038 2392 1114 2446 malo
1131 2393 1243 2449 mederi
1256 2396 1357 2463 tentat,
1374 2395 1472 2449 omnia
1495 2395 1591 2468 magis
1616 2395 1761 2452 contudit.
1778 2395 1842 2450 Nan

109 2486 138 2540 et
153 2481 295 2554 epistolas
311 2478 614 2551 compluresenatali
630 2479 705 2549 solo,
722 2480 761 2533 sit
775 2479 866 2534 verbo
878 2480 973 2550 venia,
990 2495 1043 2550 per
1058 2480 1118 2535 vim
1134 2480 1254 2537 avulsas
1283 2482 1314 2537 ia
1341 2483 1470 2538 alienam
1498 2484 1644 2552 transulit,
1676 2499 1733 2539 nec
1763 2482 1842 2539 allam

109 2550 388 2645 distinguendorum
403 2573 569 2640 temporum
585 2584 696 2638 curem,
713 2584 801 2640 quam
816 2568 949 2639 protecto
964 2569 1122 2623 maximam
1138 2585 1208 2625 esse
1238 2571 1402 2641 oportebat,
1418 2571 1568 2626 adhibuit:
1600 2576 1631 2625 ut
1659 2572 1780 2627 interim
1806 2571 1847 2627 bic

109 2662 252 2719 sileamus
268 2676 356 2732 quam
370 2674 474 2730 param
490 2657 615 2713 feliciter
629 2658 660 2712 in
676 2658 795 2712 materia
811 2656 974 2729 digerenda
989 2657 1031 2713 illi
1047 2658 1163 2727 cecidit,
1181 2673 1239 2713 non
1263 2674 1330 2715 raro
1358 2660 1509 2714 distractis
1537 2675 1604 2731 qnae
1630 2658 1841 2732 conjungenda

109 2751 228 2807 fuerant
242 2748 388 2821 epistolis,
405 2749 508 2818 atquae
523 2745 724 2801 distrahendas
740 2745 866 2815 luerent,
885 2745 1065 2817 conjunctis.
1081 2746 1139 2802 Sed
1154 2763 1209 2802 nec
1223 2747 1393 2820 perfugium
1406 2748 1496 2803 nohis
1516 2750 1578 2803 erat
1601 2749 1639 2803 ad
1664 2747 1843 2819 manuscrip-

108 2841 177 2909 tos,
193 2839 236 2894 illi
251 2838 329 2894 enim
343 2837 452 2908 prmter
466 2835 546 2904 vitia,
558 2835 667 2906 quihus
682 2834 818 2891 laborare
849 2834 979 2890 diximus
1007 2835 1165 2904 editiones,
1187 2851 1254 2890 eura
1281 2835 1318 2891 ab
1346 2838 1471 2908 utroque
1495 2837 1664 2891 earumdem
1694 2836 1847 2892 editionum

111 2929 214 2985 ordine
230 2927 308 2982 haud
323 2941 426 2997 parum
442 2923 599 2993 dissident,
616 2924 684 2979 licet
699 2925 798 2979 minus
813 2923 849 2978 ab
865 2924 1061 2995 antiquarum,
1077 2926 1139 2979 tum
1155 2925 1194 2979 ita
1223 2924 1393 2995 discrepant
1417 2925 1475 2995 ipsi
1503 2925 1580 2979 inter
1607 2941 1652 2994 sc,
1668 2928 1701 2981 ut
1732 2923 1846 2996 epistola

110 3034 178 3091 qum
192 3017 227 3072 ³0
242 3019 289 3072 est
303 3015 333 3070 in
350 3013 453 3070 codice
468 3013 619 3083 Thuaneo,
636 3014 671 3068 69
687 3013 726 3068 sit
741 3014 771 3067 in
787 3013 1017 3085 laongipontino,
1033 3028 1101 3084 qum
1116 3013 1147 3069 in
1162 3013 1392 3086 Longipontino,
1407 3013 1441 3069 36
1457 3013 1522 3069 hoec
1537 3014 1601 3084 ipsa
1616 3013 1647 3068 in
1662 3014 1802 3070 Thuaneo
1815 3012 1844 3067 ti

112 3106 284 3175 collocetur,
301 3106 330 3159 et
343 3105 374 3159 in
389 3102 456 3157 aliis
471 3101 571 3157 multis
587 3101 691 3156 eodem
706 3102 803 3156 modo.

145 3193 344 3261 Quamobrem
360 3194 390 3247 ut
405 3191 499 3247 coacti
514 3190 590 3246 hanc
605 3193 713 3246 tantam
730 3189 936 3246 contusionem
951 3190 1168 3262 digereremus,
1185 3190 1262 3249 nihil,
1275 3191 1460 3247 commodius
1475 3190 1563 3246 nobis
1579 3191 1676 3246 visum
1694 3193 1751 3263 est,
1767 3205 1845 3264 quam

110 3287 143 3342 ut
158 3298 261 3341 omnes
276 3282 343 3338 illas
358 3280 512 3353 epistolas,
529 3295 654 3351 querum
670 3279 764 3334 aetatis
781 3282 879 3334 notam
894 3278 1022 3350 aliquam
1036 3279 1119 3334 licuit
1134 3279 1367 3351 deprehendere,
1388 3280 1552 3343 secundum
1575 3284 1741 3351 temporum
1762 3281 1844 3335 ratio·

110 3390 179 3431 nem
193 3387 282 3445 quam
297 3371 435 3427 novimus
449 3367 638 3440 potissimum
653 3367 773 3439 probari
787 3367 824 3422 ab
840 3367 974 3437 eruditis,
991 3367 1248 3423 distribueremus.
1274 3368 1344 3423 lnde
1373 3369 1489 3423 classes
1519 3370 1685 3440 exsurgunt
1710 3369 1786 3438 duae,
1799 3366 1844 3422 aed

111 3477 236 3535 quarum
251 3461 332 3531 prior
347 3458 544 3530 posteriorem
558 3457 647 3530 longe
664 3460 794 3528 superat.
812 3456 851 3512 Ut
866 3471 937 3511 vero
953 3455 1117 3529 intelligant
1132 3456 1259 3512 lectores
1270 3457 1408 3530 quidnam
1418 3458 1446 3511 in
1458 3457 1641 3529 assignando
1653 3456 1844 3529 singulisepi·

112 3551 198 3607 stolis
213 3551 279 3606 loco
292 3563 348 3605 suo
363 3551 450 3620 atque
466 3562 589 3601 numero
605 3546 698 3602 secuti
716 3546 821 3614 simus,
838 3547 1022 3618 argumenta,
1039 3545 1149 3617 quibus
1164 3545 1297 3616 ipsarum
1312 3546 1454 3616 probatur
1469 3551 1552 3615 arias,
1569 3545 1701 3601 breviter
1715 3549 1745 3601 et
1759 3545 1844 3601 ocati·

112 3640 193 3697 nenti
208 3639 287 3694 serie
302 3651 513 3710 proponemus.
529 3636 702 3691 Potuissent
716 3634 835 3706 quidem
851 3635 879 3688 et
893 3632 959 3688 aliae
974 3634 1109 3706 quaedam
1126 3635 1260 3706 epistolae
1288 3636 1431 3690 accedere
1453 3635 1547 3705 primo
1568 3634 1637 3689 huic
1654 3635 1761 3703 ordini,
1777 3635 1801 3689 si
1815 3632 1845 3688 ad

112 3729 301 3785 statuendum
314 3727 446 3798 ipserum
461 3727 579 3795 tempus
595 3724 766 3779 earumdem
776 3738 844 3778 cam
859 3721 927 3777 eliis
942 3722 1092 3779 nonnullis
1106 3726 1155 3778 aut
1169 3723 1239 3794 styli
1252 3727 1302 3778 aut
1316 3724 1447 3779 materiae
1465 3723 1636 3778 affinitatem
1651 3722 1792 3779 sufficere
1802 3721 1845 3794 ju·

112 3816 301 3872 dicassemus
315 3830 323 3883 ς
339 3817 367 3868 at
387 3815 571 3868 firmamenta
585 3812 753 3868 istiusmodi
768 3811 912 3867 debiliora
927 3811 1014 3867 nobis
1029 3811 1176 3881 videatur,
1190 3827 1277 3885 quam
1293 3814 1323 3867 ut
1338 3812 1386 3867 his
1401 3812 1548 3867 satistuto
1563 3828 1618 3867 nos
1629 3812 1683 3866 niti
1693 3828 1784 3883 posse
1794 3826 1847 3867 ore

113 3904 230 3961 demus.
245 3903 330 3969 Quod
346 3918 417 3958 vero
432 3902 469 3956 ad
484 3902 679 3972 posteriorem
695 3901 833 3970 classem,
850 3901 907 3956 hoe
922 3899 1008 3957 modo
1025 3916 1089 3956 enm
1104 3901 1243 3956 duximus
1259 3901 1479 3970 instituendam,
1497 3904 1527 3956 at
1542 3899 1688 3970 epistolae,
1706 3917 1772 3973 quae
1785 3915 1847 3972 per·

111 3992 206 4048 tinent
232 3991 269 4047 ad
297 3991 490 4062 exponendos
519 3988 770 4058 saorascodices,
786 3989 816 4044 in
833 3990 928 4045 ironte
944 3990 1130 4059 lacerentur,
1160 3993 1367 4061 sequerentur,
1398 4006 1465 4061 quae
1493 3990 1523 4044 in
1552 3989 1635 4061 gravi
1660 3990 1846 4063 acreligioso

112 4082 419 4156 quopiamversantur
432 4080 628 4151 argument03
656 4093 691 4133 ae
720 4078 839 4132 demum
862 4079 974 4150 aliquot
1001 4078 1146 4149 epistolia,
1165 4094 1232 4150 quae
1253 4079 1288 4132 ad
1304 4081 1437 4134 neutram
1454 4078 1683 4149 partemreierri
1699 4079 1773 4134 satis
1787 4082 1845 4149 apto

114 4172 318 4243 concinneque
333 4171 479 4241 poterant,
494 4183 602 4240 agmen
617 4166 797 4223 clauderent.

148 4262 213 4317 lam
225 4259 397 4317 monuimus
412 4273 471 4314 noa
486 4272 597 4329 pancas
612 4257 766 4328 epistolas,
784 4272 850 4329 qaae
866 4257 894 4311 in
911 4256 1039 4329 antiquis
1061 4255 1240 4311 editionibus
1261 4271 1320 4311 non
1344 4254 1539 4326 habebantur,
1557 4255 1586 4309 in
1605 4257 1738 4312 Romana
1753 4256 1849 4329 vulga·

111 4354 158 4408 tas
174 4366 260 4421 csse;
276 4347 367 4405 nihilo
383 4349 480 4403 tamen
495 4346 593 4402 minus
609 4350 722 4401 certum
736 4345 824 4401 nobis
836 4350 881 4401 est
892 4346 982 4401 multo
997 4345 1094 4400 adhuc
1110 4345 1212 4415 plures
1228 4344 1390 4414 interiissc,
1402 4348 1451 4400 aut
1465 4345 1568 4400 saltem
1585 4345 1614 4399 in
1630 4344 1730 4418 aliquo
1746 4346 1849 4418 ignote

111 4440 302 4498 bibliothece
317 4437 427 4511 angulo
443 4435 547 4491 luctari
564 4449 630 4490 eum
646 4435 744 4490 tineis.
763 4434 877 4489 Etenim
893 4438 924 4489 ut
938 4434 1064 4488 maxime
1080 4435 1193 4488 certam
1208 4435 1254 4487 est
1269 4448 1328 4487 non
1348 4448 1442 4503 pauca
1457 4433 1494 4486 ab
1518 4433 1692 4503 Ambrosio,
1717 4433 1755 4488 ad
1776 4433 1852 4506 5⁸¹8·

111 4545 178 4583 rum
194 4529 314 4584 fratrem
325 4527 438 4582 aliosve
453 4524 613 4581 nonnullos
629 4539 666 4578 ex
676 4523 869 4578 amicissimis
885 4524 968 4577 datas
984 4521 1080 4585 luisse
1096 4521 1158 4589 (lib.
1176 4521 1213 4576 de
1227 4521 1365 4576 Excessu
1381 4521 1516 4593 Satyri);
1539 4523 1578 4576 ita
1602 4521 1741 4579 similiter
1765 4538 1803 4578 ex
1816 4520 1849 4576 iia

113 4633 180 4689 quae
195 4620 319 4687 restant,
336 4630 520 4688 cognoscere
537 4616 583 4669 est
597 4614 672 4668 alias
688 4613 789 4684 plures
804 4628 878 4683 quas
894 4612 930 4666 ad
946 4604 1144 4665 Mareellinam
1161 4624 1305 4678 sororem,
1321 4611 1358 4663 ad
1372 4610 1802 4680 Theodosiumimperatorem,
1817 4609 1850 4665 ad

113 4706 281 4778 Eugenium
294 4709 471 4776 tyrannum
487 4702 524 4758 ad
539 4702 687 4775 Alypium,
703 4702 738 4755 ad
753 4700 947 4757 Phoebadiam
962 4701 1049 4771 atque
1065 4698 1242 4768 Delphinum
1264 4699 1427 4768 scripserat
1449 4701 1572 4752 sanetus
1593 4698 1720 4769 Prmsul,
1737 4699 1851 4755 deside·

52 4802 62 4819 ¹
113 4797 183 4851 rari.
200 4796 262 4849 llas
278 4797 310 4848 ut
325 4810 341 4849 e
356 4793 492 4849 tenebris,
503 4806 687 4861 erueremus,
704 4807 771 4846 oum
786 4788 916 4845 adbibita
931 4802 1012 4856 our-a,
1024 4802 1082 4858 qua
1098 4786 1241 4858 majorem
1255 4800 1315 4842 non
1340 4785 1500 4856 potuimus,
1517 4785 1590 4839 nihil
1616 4785 1672 4840 hac
1689 4791 1773 4857 parte
1787 4802 1854 4868 prof

114 4883 294 4938 fecissemus
308 4897 315 4948 3
333 4882 411 4952 quod
427 4896 517 4935 unum
532 4879 586 4934 luit
600 4879 717 4950 reliqui,
735 4878 840 4933 sedulo
854 4866 1041 4945 inresiduiS,
1057 4891 1132 4946 quas
1147 4875 1278 4929 omnium
1292 4892 1309 4928 n
1325 4877 1427 4928 sancto
1444 4874 1576 4928 Praesule
1593 4874 1777 4945 scriptarum
1791 4874 1854 4946 pul·

116 4972 280 5028 cherrimas
297 4984 366 5024 esse
380 4969 566 5036 arbitramur,
583 4967 725 5024 ornandis
741 4966 940 5022 incubuimus.
958 4965 1056 5036 ltaque
1071 4966 1180 5034 praeter
1190 4964 1238 5017 ille
1249 4979 1315 5035 quae
1328 4961 1389 5034 jam
1402 4978 1489 5032 supra
1503 4962 1735 5018 memoravimus
1746 4962 1856 5019 anobis

114 5060 211 5116 tuisse
226 5057 368 5129 praestita,
385 5072 526 5128 magnum
542 5071 696 5111 numerum
712 5054 990 5124 manuscriptorum,
1007 5053 1147 5125 equibus
1163 5051 1296 5122 plerique
1317 5050 1553 5123 antiquissimam
1578 5051 1781 5124 optimamque
1796 5069 1857 5107 ma·

115 5166 186 5205 num
201 5145 373 5218 praeferunt,
391 5145 426 5199 ad
442 5160 542 5199 earam
559 5144 793 5200 emendationem
809 5142 1008 5198 adhibuimus.
1021 5142 1065 5196 Ad
1077 5141 1140 5196 hmo
1156 5140 1276 5210 spurias
1293 5139 1405 5210 aliquot
1429 5156 1445 5192 a
1469 5138 1592 5209 reliquis
1615 5141 1857 5213 segregavimus,

114 5239 203 5312 cujus
220 5237 273 5307 rei,
290 5250 326 5290 ne
343 5235 399 5289 hcc
415 5238 524 5290 temere
539 5251 555 5289 a
570 5235 657 5290 nobis
673 5233 782 5288 sactum
799 5232 866 5305 quis
882 5231 1057 5299 exsistimet,
1074 5230 1147 5285 ratio
1163 5227 1304 5283 reddetur
1320 5228 1384 5293 suis
1399 5228 1488 5282 locis.
1506 5227 1638 5297 lienique
1659 5230 1692 5282 nt
1706 5245 1762 5299 pro
1784 5230 1861 5286 virili

114 5345 217 5387 eorum
232 5325 341 5399 quibus
358 5325 443 5379 citata
458 5340 496 5378 ex
512 5323 578 5377 aliis
594 5324 774 5379 editionibus
790 5323 820 5376 in
836 5324 937 5376 nostra
953 5319 1110 5376 consulere
1126 5333 1201 5387 opus
1215 5316 1314 5385 fuerit,
1341 5317 1473 5372 laborem
1495 5315 1684 5386 relevemas3
1713 5319 1862 5390 triplicem

114 5420 280 5492 catalogum
292 5415 456 5472 secandum
472 5417 534 5470 ires
544 5414 665 5469 ordines
682 5412 811 5467 omnium
827 5411 988 5466 editionum
1003 5408 1080 5463 inter
1093 5423 1126 5463 se
1143 5409 1329 5476 comparatos
1341 5405 1451 5476 subjici
1467 5404 1647 5472 curavimus,
1661 5410 1863 5482 quartumque

112 5509 305 5582 adjunximus
316 5505 544 5576 alphabeticum,
562 5516 688 5572 quoram
704 5516 759 5569 ope
775 5501 872 5554 omnis
885 5499 1002 5556 salebra
1019 5495 1253 5569 complanabitur
1268 5511 1301 5548 nr
1318 5494 1487 5549 diitieuttas
1501 5494 1558 5549 Sed
1569 5495 1653 5563 prius
1664 5495 1864 5574 chronologia

111 5598 341 5675 primeessaostrae
357 5594 468 5652 classis
483 5597 530 5649 est
547 5588 786 5647 demonstranda.
