3900 6128
401 246 457 316 DE
478 248 610 319 OBITU
632 252 939 357 VALENTlNlrlNl
962 256 1244 324 CONSOLATIO.
1603 263 1685 329 1434

88 466 277 524 cuperemus,
294 453 325 506 ut
339 451 376 509 de
387 453 594 508 nostr-isannis
606 453 718 510 viveret
733 437 840 526 (49),st
855 455 903 515 bat
918 473 955 512 ne
970 456 1029 513 sibi
1044 458 1215 529 eriperetur,
1239 462 1294 517 sed
1314 462 1385 518 llere
1410 463 1517 518 desivit
1541 467 1685 535 ereptum,

85 540 117 613 gi
131 556 190 596 non
204 540 298 612 potuit
313 540 388 597 suis.
856 558 944 616 quem
958 545 1071 602 sciebat
1086 560 1156 603 esse
1171 564 1238 604 cum
1251 547 1380 606 Christo.
1392 550 1427 606 Et
1439 553 1471 607 ut
1487 550 1567 606 scias
1583 566 1686 607 verum

85 629 132 687 lod
159 644 262 702 qurero
282 633 380 686 utrum
402 631 509 703 aliquis
531 633 569 687 sit
592 634 801 703 postmortem
856 634 1018 707 essequod
1033 650 1148 707 assem,
1173 638 1320 694 incastum
1344 641 1469 696 Ammon
1492 640 1584 696 tilium
1607 641 1689 697 tlevit

85 760 89 790 ,
116 734 153 775 au
176 718 301 774 nullus?
321 719 353 775 Si
376 723 433 787 est,
457 721 550 792 vivit,
574 721 631 776 imo
654 723 721 794 quia
743 727 799 794 est,
856 724 990 779 occisum
1004 723 1048 795 (11
1060 725 1134 798 Rep.
1155 743 1218 795 xm,
1239 727 1295 798 36),
1318 728 1495 800 parricidam
1518 729 1688 787 Abessalon

85 806 227 863 ulruitur
241 810 363 864 sterne.
379 806 532 874 Quomodo
548 810 625 867 enim
640 811 801 868 nonhabet
857 811 949 867 doluit
964 813 1171 886 interemptum
1193 815 1297 872 dicens
1314 833 1319 871 :
1346 839 1357 864 ι
1376 816 1470 874 Filius
1494 834 1580 874 mous
1596 818 1689 876 Abas·

85 913 102 968 ι,
127 896 217 969 cuijus
239 897 335 953 anima
356 897 440 969 vivit,
456 901 485 954 et
500 899 591 972 viget,
609 904 637 955 et
658 900 801 956 remeabit
857 900 952 971 salon,
968 900 1049 958 illius
1063 917 1149 959 meua
1165 904 1333 962 Abessalon
1348 905 1392 975 (11
1403 907 1477 979 Rep.
1493 922 1576 978 xum,
1597 906 1655 978 33),
1674 930 1686 958 e

85 1001 131 1042 ms
144 1001 152 1057 3
167 988 196 1042 et
212 986 300 1042 saciet
312 986 394 1056 illud,
412 1001 479 1043 oum
495 989 596 1044 retusa
612 988 711 1061 luerit,
726 990 801 1045 revi-
855 989 1042 1047 innocentem
1057 991 1149 1048 illium
1163 1006 1223 1049 nou
1234 995 1345 1065 putavit
1356 995 1605 1068 esselugendum,
1618 997 1687 1068 quia

94 1071 237 1132 iClamel
250 1075 413 1148 Apostolus
430 1093 436 1133 :
456 1099 467 1124 ι
486 1076 632 1134 Nolumus
646 1095 702 1136 vos
718 1079 801 1153 igno·
857 1078 924 1134 illos
941 1078 999 1135 sibi
1014 1079 1142 1152 periisse
1158 1098 1211 1153 pro
1227 1082 1351 1154 scelere,
1368 1083 1448 1140 huuc
1457 1098 1510 1157 pro
1521 1084 1688 1142 innocentia

85 1167 181 1233 utres,
199 1163 235 1220 de
251 1163 477 1235 dormientibus,
502 1168 534 1221 ut
555 1183 614 1224 non
637 1167 740 1224 tristes
756 1167 800 1223 si·
857 1168 982 1224 credidit
995 1183 1066 1226 esse
1079 1169 1236 1228 victurum.

85 1256 112 1310 ut
125 1257 154 1309 et
169 1253 269 1310 caeteri
284 1252 335 1327 qui
351 1268 435 1325 spem
460 1270 518 1311 non
542 1256 660 1312 babent.
684 1257 758 1313 Nam
772 1258 800 1314 ei
889 1255 934 1313 48.
950 1256 1031 1314 Nibil
1045 1273 1118 1332 crgo
1133 1259 1249 1316 habetis
1264 1261 1342 1333 quod
1359 1262 1538 1334 gravissime
1560 1262 1686 1320 doleatis

85 1356 119 1399 ns
133 1341 212 1415 quod
228 1341 317 1398 lesus
333 1346 467 1399 mortuus
484 1349 540 1414 cst,
558 1347 586 1401 et
607 1348 773 1403 resurrexit
790 1362 797 1403 τ
855 1343 884 1400 in
899 1343 989 1402 tratre
1007 1359 1014 1403 ι
1031 1345 1119 1423 bomo
1133 1353 1220 1404 nutus
1236 1352 1292 1419 est,
1310 1349 1447 1406 humanae
1462 1349 1517 1406 luit
1538 1350 1686 1407 obnoxius

85 1440 144 1487 eus
159 1431 227 1487 illos
243 1431 294 1504 qui
308 1431 491 1489 dormierunt
504 1448 559 1507 per
573 1434 688 1506 lasum,
705 1435 799 1493 addu-
854 1432 1006 1508 fragilitati
1026 1436 1094 1507 (53).
1118 1436 1212 1493 Nemo
1228 1452 1262 1493 se
1278 1438 1433 1495 redemite
1449 1442 1553 1505 morte,
1570 1454 1629 1495 non
1643 1440 1687 1494 di-

85 1535 94 1576 ι
109 1534 145 1577 eo
159 1519 188 1589 (l
204 1518 307 1576 These.
329 1537 368 1590 ιιι,
387 1520 430 1594 li,
447 1519 502 1594 13).
516 1547 527 1571 a
544 1523 643 1581 blanel
657 1539 729 1598 ergo
745 1540 798 1582 eos
853 1538 918 1593 vce,
941 1540 1000 1580 non
1020 1524 1077 1597 ipsi
1100 1541 1209 1598 reges3
1229 1526 1288 1583 imo
1303 1527 1361 1599 ipsi
1377 1528 1567 1602 gravioribus
1583 1526 1686 1602 subja·

85 1624 129 1666 ros
144 1613 242 1665 maaet
257 1613 449 1668 resurrectio.
854 1615 930 1669 cent.
946 1612 1003 1669 lob
1018 1613 1110 1670 dixit:
1130 1634 1142 1662 ι
1159 1615 1311 1672 Numerati
1325 1618 1394 1673 anni
1406 1616 1464 1672 dati
1480 1620 1549 1674 eunt
1564 1618 1684 1689 potenti,

85 1696 154 1766 laod
179 1699 206 1755 si
231 1703 346 1773 gentes,
370 1716 438 1774 quaa
462 1717 546 1773 spem
568 1702 799 1760 resurrectionis
852 1702 941 1757 timor
955 1698 1052 1758 autem
1066 1700 1134 1774 ejus
1149 1702 1178 1758 iu
1193 1705 1316 1760 auribus
1331 1703 1418 1777 ejus3
1435 1705 1552 1779 quando
1568 1706 1686 1763 ridetur

85 1788 159 1858 beat,
176 1788 233 1844 hoc
249 1805 307 1844 unu
323 1791 357 1845 s'e
372 1791 573 1861 consolentur,
597 1792 677 1865 quod
701 1792 800 1849 dicent
814 1815 838 1875 Β
854 1788 963 1847 habere
983 1805 1097 1862 pacem,
1119 1794 1189 1846 tunc
1203 1793 1301 1847 veniet
1316 1792 1384 1865 ejus
1401 1794 1520 1850 eversio
1535 1793 1613 1866 (iob.
1631 1811 1684 1864 xv,

85 1875 162 1934 ullae
176 1881 245 1951 post
259 1880 383 1935 mortem
399 1894 509 1935 sensus
533 1880 798 1939 sit·deiuaotorum
854 1878 959 1949 sose).
978 1901 989 1928 ι
1006 1878 1100 1935 Vobis
1115 1894 1233 1952 quoque
1249 1879 1325 1952 ipsis
1341 1883 1399 1936 tem
1414 1882 1521 1937 acerba
1544 1881 1688 1938 incidisse

97 1981 152 2040 per
165 1966 223 2023 boo
238 1968 338 2024 nullus
354 1971 504 2025 remancat
528 1984 639 2027 sensus
661 1971 774 2027 doloris
791 1987 796 2028 :
854 1967 998 2039 patienter
1011 1966 1090 2024 terre
1104 1968 1229 2038 debetis,
1246 1985 1313 2041 quae
1328 1969 1435 2026 videtis
1450 1970 1538 2026 vobis
1554 1985 1685 2027 commu-

88 2056 186 2130 magis
211 2072 267 2112 nos
293 2057 525 2114 consolationem
551 2059 684 2131 recipcre
706 2059 799 2117 debe·
853 2056 902 2112 uia
917 2072 988 2113 esse
1009 2072 1076 2112 cum
1100 2057 1224 2113 sanetis.
1250 2057 1344 2113 Etiam
1366 2058 1459 2114 David
1480 2059 1600 2114 emissis
1617 2059 1687 2116 tiliis

85 2144 137 2217 {uie
159 2160 240 2201 mors
266 2146 422 2202 metuende
446 2146 569 2216 nonsit,
586 2147 799 2221 eoquodtinis
854 2145 1014 2203 destitutus
1037 2149 1106 2202 est:
1129 2149 1267 2218 optasset
1288 2146 1357 2202 illos
1379 2147 1453 2203 tales
1479 2147 1571 2218 obire,
1587 2148 1686 2219 qualis

85 2236 209 2290 talorum
232 2249 238 2290 :
263 2234 323 2289 vita
343 2238 441 2291 aulem
464 2235 648 2308 desperanda
666 2253 724 2294 non
749 2238 799 2309 sit,
854 2234 940 2289 vobis
965 2232 1056 2290 irater
1079 2239 1200 2307 ereplus
1215 2237 1284 2290 uel:
1308 2233 1357 2292 illa
1372 2235 1494 2292 crimina
1508 2235 1611 2307 doluit,
1627 2251 1687 2293 uolt

86 2322 270 2378 surrectione
295 2323 473 2394 reperetur?
494 2325 550 2380 lob
573 2340 691 2398 quoque
714 2326 800 2384 docet
854 2324 966 2379 exitum
981 2321 1120 2379 aliorum.

85 2408 167 2467 erlem
188 2410 357 2482 timendam,
381 2415 410 2467 et
431 2413 530 2484 potius
552 2414 708 2486 optandam
728 2415 797 2488 piis,
890 2412 933 2467 tu.
956 2410 1015 2468 Sed
1036 2415 1112 2484 esto,
1136 2411 1224 2468 luerit
1243 2412 1510 2485 ingemiscendum.
1525 2413 1688 2486 Quousque

91 2514 99 2556 ε
125 2520 137 2550 ι
164 2498 283 2556 Utinam
304 2499 334 2555 in
360 2499 476 2557 interno
497 2516 544 2558 me
566 2503 745 2575 custodires,
771 2509 800 2561 et
854 2500 952 2556 luctus
972 2505 1103 2573 tempora
1126 2500 1359 2573 protrahuntur?
1388 2502 1520 2558 Duorum
1540 2501 1686 2559 mensium

85 2587 168 2646 teres
184 2605 240 2659 mc,
258 2589 352 2646 donec
368 2590 519 2665 mitigetur
533 2591 576 2647 ire
591 2595 651 2663 tua,
668 2597 697 2648 et
712 2610 799 2650 cons·
853 2589 1000 2645 curricula
1016 2590 1045 2644 iu
1060 2590 1185 2647 fraterni
1209 2588 1324 2646 lunaris
1345 2590 1515 2663 quotidiano
1531 2589 1685 2647 clausistis

85 2677 141 2735 uibi
156 2681 284 2750 tempus,
300 2679 330 2736 in
345 2694 403 2752 quo
420 2694 532 2736 memor
543 2682 587 2737 sis
598 2682 666 2738 mei.
678 2681 710 2739 Si
720 2683 799 2740 enirn
852 2678 1000 2750 amplexu.
1017 2677 1085 2734 Sola
1100 2678 1130 2734 in
1144 2677 1305 2750 Scripturis
1326 2679 1432 2750 tepbte
1453 2679 1513 2735 tilia
1535 2679 1623 2736 delus
1638 2680 1686 2736 eui

85 2782 100 2823 e
114 2767 204 2824 luerit
219 2767 316 2837 bomo,
333 2769 422 2824 vivet.
439 2767 657 2826 Consummens
672 2771 737 2829 dies
751 2772 799 2827 ri·
852 2770 985 2840 tempore
998 2767 1170 2840 postulavit,
1187 2768 1306 2840 cognito
1331 2769 1410 2841 quod
1432 2772 1516 2841 peter
1539 2768 1607 2843 eius
1620 2783 1688 2841 pro-

85 2856 264 2913 esustinebo
288 2858 356 2929 (51),
382 2858 475 2914 donec
501 2859 607 2916 iterum
621 2858 699 2917 tlara.
716 2859 798 2918 'luno
853 2855 987 2913 tecturus
1001 2857 1038 2912 ad
1053 2857 1187 2928 praelium
1202 2860 1334 2926 voverat,
1351 2857 1420 2930 quia
1444 2857 1473 2913 id
1498 2872 1599 2915 rerum
1613 2857 1688 2930 poti·

85 2963 100 3017 ι,
124 2950 153 3002 et
176 2961 233 3019 ego
255 2946 308 3002 tibi
332 2946 492 3004 obediam:
518 2963 608 3020 opera
626 2953 723 3007 eutem
737 2964 798 3006 me·
852 2950 901 3002 tus
916 2944 1037 3002 otlemet
1051 2946 1185 3016 Domino,
1202 2946 1282 3019 quod
1297 2947 1354 3002 sibi
1367 2947 1494 3017 primum
1505 2950 1686 3004 occurrerat.

85 3050 186 3092 uarum
201 3051 238 3092 ne
253 3035 403 3107 despicias
418 3037 496 3104 (lob.
512 3054 573 3106 xiv,
590 3038 694 3111 att-ts).
713 3064 724 3088 ι
853 3034 925 3091 Post
940 3034 1094 3091 victoriam
1109 3036 1268 3092 revertenti
1285 3034 1495 3105 occurritlllie,
1508 3035 1611 3109 ignare
1622 3036 1687 3109 pie-

85 3122 141 3181 lsto
162 3126 270 3193 tamea,
295 3124 453 3181 dolendum
482 3126 520 3182 sit
549 3127 627 3199 quod
656 3128 798 3200 primaeve
813 3123 920 3236 ctutis
936 3123 1003 3194 (54),
1020 3124 1123 3198 ignaru
1138 3123 1290 3195 promissi.
1307 3124 1386 3179 Vidit
1402 3139 1478 3194 eam,
1495 3128 1525 3181 et
1538 3123 1685 3198 ingemuit

86 3214 193 3284 atatam
209 3213 416 3288 gratulandum
433 3219 530 3271 tamen
555 3217 633 3288 quod
656 3216 798 3273 virtutum
852 3216 944 3286 pater,
968 3212 1096 3270 diceus:
1125 3212 1218 3269 alleu
1240 3227 1298 3283 nae,
1321 3213 1390 3282 illia,
1415 3213 1564 3285 impedisti
1579 3228 1636 3284 me,
1653 3213 1684 3270 in

85 3302 123 3360 ils
146 3308 307 3360 veteranus
332 3303 506 3360 decesserit.
532 3304 624 3361 Tanta
646 3307 725 3362 enim
745 3307 800 3364 tuit
853 3302 1006 3359 stimulum
1021 3301 1133 3358 doloris
1149 3302 1225 3358 sucta
1246 3317 1280 3358 es
1301 3302 1384 3357 mihi.
1408 3301 1472 3376 Ego
1492 3301 1570 3357 euim
1586 3302 1688 3374 aperui

85 3392 131 3450 aio
145 3393 214 3449 vitae
230 3391 297 3464 ejus
319 3392 350 3449 ia
372 3392 421 3448 illo
442 3392 579 3449 omnibus
595 3394 709 3451 lubrico
725 3394 798 3452 ado·
852 3405 887 3449 os
901 3405 1000 3448 meum
1015 3391 1052 3447 de
1067 3393 1095 3446 te
1111 3390 1146 3446 ad
1165 3389 1331 3459 Dominum,
1351 3395 1380 3447 et
1401 3406 1459 3446 noa
1477 3394 1581 3462 potero
1598 3405 1686 3445 aver-

85 3482 274 3554 intempore,
291 3484 368 3537 teate
384 3481 450 3538 laus
466 3497 580 3539 momm
596 3482 673 3555 cius,
691 3486 722 3540 ut
737 3497 799 3540 om·
852 3484 916 3538 tere
931 3480 1039 3552 (dudio.
1056 3497 1096 3553 ιιι,
1112 3479 1168 3551 35).
1187 3504 1197 3531 ι
1226 3480 1276 3536 llle
1299 3479 1371 3536 dixit
1393 3481 1429 3535 ad
1447 3495 1514 3536 eum
1531 3494 1537 3536 :
1556 3502 1567 3527 ι
1586 3481 1683 3550 Pater,

85 3571 219 3629 amorium
234 3571 347 3627 doloris
364 3571 500 3628 obducat.
516 3570 600 3638 Quod
620 3573 698 3629 enirn
714 3572 797 3646 obiit,
854 3572 880 3628 ei
895 3571 925 3627 ia
940 3584 987 3628 mo
1001 3569 1146 3642 aperuisti
1161 3583 1196 3625 os
1211 3571 1303 3640 tuum,
1320 3567 1367 3624 tec
1382 3568 1454 3624 mibi
1468 3572 1499 3643 ut
1508 3568 1581 3625 exiit
1589 3569 1686 3625 dcere

85 3659 135 3717 itis
149 3664 195 3716 est
211 3674 218 3716 ε
236 3661 314 3734 quod
332 3659 472 3730 telisluit,
483 3659 798 3730 admirationis.Quem
852 3666 902 3717 tuo
916 3658 1007 3731 (ibid.
1022 3658 1080 3729 36).
1099 3680 1110 3707 ι
1128 3657 1163 3714 Et
1179 3660 1285 3713 iterum
1301 3658 1396 3714 dixit:
1414 3676 1425 3708 ι
1442 3657 1513 3714 Siue
1533 3672 1580 3714 me
1604 3672 1687 3714 mea·

85 3750 180 3807 uisset
205 3749 375 3822 respublica
396 3748 463 3821 (53),
488 3749 515 3805 si
530 3764 598 3806 eum
613 3750 724 3807 diutius
739 3766 800 3808 ser·
853 3748 939 3806 sibus
954 3748 1083 3819 duobus,
1108 3750 1137 3803 et
1158 3745 1271 3803 radens
1291 3746 1368 3803 tlebo
1383 3746 1414 3803 in
1429 3745 1579 3803 montibus
1594 3761 1687 3819 super

85 3836 222 3896 eluisset!
246 3838 304 3895 Sed
326 3839 394 3912 quia
416 3839 475 3894 vite
491 3842 660 3895 sanctorum
676 3854 735 3897 non
751 3840 799 3897 bie
852 3837 1052 3912 virginitatem
1066 3851 1162 3892 meam
1181 3849 1250 3910 ego,
1273 3839 1303 3891 et
1322 3851 1478 3908 comperce
1493 3834 1598 3892 emiooe
1612 3850 1687 3892 niem

85 3929 168 3997 uest,
186 3929 239 3984 sed
255 3930 284 3984 ia
300 3929 375 3983 caulo
390 3926 493 4000 (justis
516 3927 594 3983 enim
618 3926 760 4002 (Philipp.
777 3946 798 4000 r,
853 3926 943 3997 (ibid.
959 3926 1015 3999 et).
1034 3949 1045 3975 ι
1063 3926 1164 3997 ltaque
1179 3924 1297 3980 duobus
1311 3925 1425 3982 exectis
1441 3939 1582 3998 regressa
1605 3941 1688 3981 men·

88 4017 193 4073 rivere
209 4017 358 4087 cbristus,
377 4023 407 4073 et
423 4016 500 4073 raori
509 4012 633 4088 lucrum,
652 4018 718 4091 quia
734 4015 799 4074 ‹lis-
854 4016 949 4087 sibus,
966 4014 1106 4071 sacritlcii
1121 4029 1229 4072 munus
1245 4012 1395 4086 implevit,
1411 4030 1478 4086 queo
1494 4014 1614 4071 decreto
1629 4028 1685 4086 po·

85 4111 166 4163 tcum
183 4104 620 4178 caristoessemauomotias),
640 4104 798 4164 dolendum
853 4104 914 4179 puli
929 4104 1022 4162 lsrael
1037 4104 1190 4177 quaternis
1207 4104 1236 4159 iu
1261 4119 1338 4160 enno
1362 4102 1468 4160 diebus
1491 4103 1528 4160 eb
1550 4101 1687 4177 eiusdem

86 4196 207 4253 duobis
223 4196 280 4251 cito
297 4199 399 4267 raptus
414 4196 463 4267 sit,
481 4194 695 4252 consolandum
719 4197 798 4269 quod
853 4195 950 4268 plebis
965 4193 1084 4251 leminis
1100 4192 1319 4266 deplorabatur.

85 4298 139 4342 ¹ore
154 4285 316 4341 transierit.
887 4283 932 4340 60.
948 4283 994 4340 Ad
1009 4283 1176 4340 deflendum
1190 4282 1283 4355 igitur
1301 4297 1365 4339 suae
1383 4281 1564 4356 virginitatis
1580 4279 1685 4336 dorem

85 4374 106 4441 7
129 4372 174 4431 ll.
193 4373 325 4448 Denique
341 4372 433 4430 David
450 4372 625 4429 moriturum
641 4371 732 4430 illium
749 4374 799 4431 no·
852 4373 928 4430 duos
940 4376 1063 4430 satesse
1074 4386 1194 4427 meuses
1205 4368 1685 4444 teputeatiajauioava,etsabao

85 4467 189 4523 »fluum
202 4480 261 4521 aon
273 4463 391 4521 dolebat
403 4461 446 4534 (ΙΙ
456 4461 531 4536 Rep.
546 4479 596 4532 nu,
610 4461 715 4534 90-28).
731 4462 799 4522 Fle—
853 4477 912 4520 aon
934 4464 1056 4520 veneral
1078 4459 1278 4535 resurrectio,
1304 4465 1332 4516 et
1356 4461 1413 4516 boc
1431 4458 1526 4531 spatio
1542 4455 1685 4528 temporis

807 4533 836 4600 u

85 4687 232 4744 illluditur
254 4688 290 4743 ud
315 4688 477 4744 solemnem
500 4687 722 4744 acclamationis
737 4686 800 4746 lor·
851 4688 898 4744 lae
914 4690 960 4743 est
976 4686 1133 4754 adducere,
1150 4700 1217 4740 cum
1230 4683 1267 4739 de
1281 4681 1440 4737 virtutibus
1455 4679 1591 4751 ejusdem
1604 4677 1684 4751 prin·

100 4759 138 4815 de
152 4775 210 4831 qua
224 4759 424 4816 Tertullianus
439 4759 468 4813 in
482 4757 650 4831 Apoloqets
671 4780 681 4807 ι
695 4758 737 4815 De
748 4775 800 4814 no·
852 4758 928 4831 cipis
939 4757 1042 4814 eadem
1056 4758 1201 4811 testentur
1215 4758 1244 4810 et
1259 4752 1307 4809 alii
1317 4750 1537 4834 multividosis
1548 4749 1685 4807 Senom-

84 4829 142 4885 mis
156 4831 209 4886 tibi
224 4830 359 4901 luppiter
374 4832 481 4900 augeat
491 4845 597 4884 annos.
618 4850 630 4878 ι
851 4845 932 4899 ιιιιιιι,
947 4829 999 4885 lib.
1017 4843 1067 4897 vu,
1085 4840 1150 4899 cap.
1165 4823 1219 4896 39;
1235 4823 1447 4896 Nicephorum,
1462 4820 1515 4877 ab.
1540 4837 1591 4892 ιιι,
1616 4837 1681 4892 cap.

85 4900 139 4957 llic
160 4902 245 4958 locus
268 4901 356 4973 penio
379 4900 501 4956 uberius
515 4902 657 4957 tractatur
671 4899 722 4956 lib.
741 4917 749 4956 ι
764 4901 800 4956 de
851 4900 897 4967 38,
913 4903 952 4970 et,
969 4897 1054 4955 alios.
1443 4963 1449 4977 ‚

85 4972 214 5045 uSatyri
231 4988 310 5029 num.
327 4973 371 5042 it,
388 4987 474 5043 quem
491 4970 624 5028 consule.
888 4971 945 5041 (53)
961 4969 1011 5027 Sic
1025 4967 1076 5024 lib.
1094 4985 1124 5037 u,
1141 4966 1184 5023 llo
1201 4981 1327 5023 excessa
1341 4963 1457 5038 Satyri,
1475 4979 1555 5019 uum.
1571 4962 1600 5034 3,
1615 4962 1685 5020 ilen-

85 5044 161 5101 lom.
177 5044 258 5108 edit,
278 5067 289 5091 a
307 5045 395 5109 viret,
412 5058 623 5098 consummans
638 5042 704 5098 dics
729 5041 796 5098 ritae
853 5042 920 5097 dem
935 5040 1094 5097 irater-num
1109 5040 1230 5094 mortem
1246 5052 1284 5093 ex
1307 5052 1342 5093 eo
1361 5037 1461 5110 negat,
1477 5033 1556 5108 quod
1573 5055 1584 5086 ι
1602 5050 1685 5089 mors

99 5114 270 5182 Sustinebo,
289 5137 300 5163 ι
319 5118 374 5170 etc.
391 5112 463 5179 Quae
478 5113 564 5170 lectio
580 5113 715 5187 congruit
731 5128 799 5170 cum
854 5112 893 5169 sit
907 5111 1070 5169 communis
1086 5109 1234 5166 omuibus.
1254 5131 1264 5157 ι
1284 5108 1414 5179 Uterque
1429 5120 1501 5163 vcro
1516 5106 1633 5162 locutus
1649 5106 1685 5160 nd

85 5186 168 5255 alili,
183 5191 240 5240 vot.
257 5191 354 5241 autom
369 5185 438 5240 edit.
455 5189 483 5240 et
499 5200 571 5241 mss.
589 5185 664 5241 inter
679 5198 713 5240 se
729 5199 798 5240 con·
854 5183 883 5239 id
899 5181 1028 5254 respicit,
1046 5181 1123 5253 quod
1140 5181 1217 5251 apud
1231 5180 1405 5236 Ciceronem
1429 5178 1479 5232 lib.
1503 5194 1534 5232 ιιι
1567 5175 1682 5259 l'uspul.

85 5260 109 5326 l,
125 5257 184 5313 nisi
202 5257 280 5329 quod
296 5274 370 5313 mss.
392 5269 446 5326 pro
462 5271 666 5312 consummans
680 5255 742 5312 sero
756 5256 797 5312 lc·
855 5253 964 5322 Quaest.
986 5253 1105 5310 Telemo
1129 5252 1220 5308 dicit:
1245 5274 1256 5299 ι
1273 5250 1338 5325 Ego
1359 5265 1426 5305 cum
1442 5249 1542 5322 genui,
1559 5250 1683 5302 moritu·

85 5342 236 5392 resumam·
261 5331 289 5384 at
316 5327 363 5383 bic
392 5327 495 5398 lapsus
524 5332 571 5382 est
598 5326 796 5384 librariorum.
852 5324 1050 5382 summisi·
1478 5390 1484 5404 .
1616 5387 1623 5400 .

85 5414 114 5455 m
128 5399 194 5455 baec
208 5399 296 5455 lectio
312 5399 348 5453 ad
364 5398 522 5454 Hebraeum
537 5399 648 5454 textum
664 5401 693 5453 ct
709 5397 797 5471 Vulg.
887 5394 944 5467 (bl)
958 5395 1067 5452 Omnes
1082 5393 1150 5451 adit.
1166 5410 1199 5451 ac
1217 5408 1291 5450 mss.
1308 5391 1429 5465 aliquot,
1448 5414 1459 5439 e
1477 5404 1579 5471 ignara
1595 5389 1682 5470 picta·

85 5487 102 5525 ¹¹
116 5470 214 5542 ¹¹¹⁸ssss
230 5471 353 5525 sslssedil·
851 5468 908 5523 tis:
928 5482 1026 5537 emas,
1044 5481 1114 5523 vcro
1130 5466 1262 5523 melioris
1277 5469 1365 5533 notua,
1385 5487 1396 5511 ι
1414 5477 1505 5535 gruere
1522 5462 1649 5542 pretatis,
1669 5481 1680 5504 ι

85 5540 166 5606 luam
183 5541 373 5612 paucissimis
389 5540 489 5596 verbis
508 5539 673 5594 absolutam
691 5538 799 5595 Valen-
851 5539 961 5609 optimo
974 5554 1079 5595 sensu.
1096 5537 1210 5592 Etenim
1226 5553 1293 5592 cum
1304 5535 1378 5607 patri
1389 5532 1548 5613 revertenti
1561 5529 1680 5585 obviam

85 5612 200 5668 leudem
217 5614 389 5682 complexus
405 5616 451 5666 est
469 5617 591 5665 sanctus
608 5611 799 5680 Ambrosius,
851 5610 1033 5681 processerit
1047 5609 1176 5664 omnium
1192 5608 1296 5679 prima,
1312 5603 1459 5683 quomodo
1474 5603 1612 5681 pietatem
1627 5615 1681 5670 pa·

85 5698 176 5742 umen
191 5700 255 5741 eam
266 5684 296 5740 in
308 5685 396 5740 ullam
407 5681 583 5739 adulationis
599 5682 801 5755 suspicionem
850 5681 984 5740 rentibus
996 5697 1014 5739 a
1028 5680 1098 5739 illlis
1114 5680 1241 5738 debitam
1258 5679 1414 5751 ignorasse
1430 5671 1555 5729 dicenda
1570 5670 1651 5728 erat?
