3900 6128
558 327 615 396 nn
637 312 942 396 stemmatum
964 332 1041 397 me.
1067 332 1121 397 v1.

1544 287 1561 297 ’
1633 334 1693 402 ut

78 530 244 602 :Quomodo
268 545 326 606 ego
351 531 475 601 dimitto,
503 531 547 587 sie
577 535 606 586 et
633 534 665 588 tu
693 531 803 587 dimitte
820 516 948 602 Amata,
978 531 1035 588 hoe
1059 534 1114 603 est,
1138 532 1175 587 ab
1199 532 1317 590 inimico
1343 532 1392 606 (1),
1420 535 1693 609 apeeeatolihere·

75 622 115 681 ’Si
126 620 286 692 dimiseris,
300 621 378 677 bone
395 620 538 676 convenis
554 620 621 690 (98),
633 622 665 675 ut
680 620 805 675 dimitte·
861 626 918 676 tur.

75 710 143 771 [Si
164 727 224 769 non
248 709 382 780 dimittis,
398 708 546 784 quomodo
568 725 635 764 eum
651 709 804 779 convenis,

75 800 267 859 diluturtihi‘?

75 888 108 947 Bt
117 904 155 945 ne
170 888 302 961 patiaris
315 888 418 944 induci
427 902 481 943 nos
495 888 526 941 in
539 888 740 951 tentationem,
752 887 806 941 sed

75 992 181 1035 arrosa
192 976 279 1032 malo.
299 977 372 1031 Vide
383 976 453 1048 quid
470 976 561 1031 dieat:
581 976 622 1030 Et
634 991 670 1030 ne
677 975 807 1047 patiaris

75 1066 140 1123 *nos
153 1067 185 1120 in
201 1066 405 1134 tentationem,
421 1080 510 1136 quam
526 1064 604 1119 torre
620 1081 679 1119 non
695 1080 806 1135 possu-

75 1152 124 1227 Ν).
139 1153 207 1210 Non
223 1153 313 1209 dieii:
337 1154 404 1208 Non
419 1154 543 1209 inducas
558 1154 588 1208 in
605 1153 805 1221 tentationem,

76 1243 139 1301 nsi
167 1242 277 1298 athleta
302 1242 389 1297 talem
412 1242 476 1297 vult
499 1243 699 1311 tentationem,
720 1256 808 1313 quam

75 1331 163 1405 posit
182 1331 311 1387 humana
339 1330 488 1402 eondi1i03
515 1334 543 1385 ot
567 1330 809 1404 unusquisquen

77 1472 187 1531 omues
202 1475 285 1542 edit,
310 1474 387 1527 berre
410 1473 565 1537 eonvenit,·
592 1489 696 1528 ornnes
721 1489 807 1543 mss,

75 1547 227 1610 nonenim
243 1545 352 1616 optimo
369 1560 472 1613 sensu,
490 1544 567 1598 sieut
583 1545 743 1599 ostendunt
758 1559 808 1598 se-

75 1616 164 1686 nilia,
178 1617 319 1689 quomodo
331 1632 394 1670 enm
406 1616 558 1684 convenis,
573 1614 665 1686 idest,
679 1615 809 1688 compel-

132 1688 274 1756 oris,eto.

107 1759 254 1817 severia
271 1774 353 1832 qnam
374 1757 461 1812 iera-e
480 1772 537 1811 non
551 1772 707 1828 possumus
720 1772 811 1827 expo-

75 1844 110 1886 »ω
120 1831 311 1900 superiorum
325 1844 394 1884 esso
410 1830 513 1883 auctor
528 1829 601 1882 salis
612 1828 730 1893 indicat,
745 1844 811 1882 oum

75 1903 162 1957 tntum
180 1900 230 1955 hio
251 1904 280 1955 et
299 1900 382 1954 initio
394 1899 510 1970 eapitis,
530 1914 634 1954 verum
653 1899 740 1953 etiam
759 1899 810 1956 lib.

75 1973 237 2045 *apost
251 1971 318 2027 illas
333 1985 424 2026 voees
436 1969 537 2025 induci
552 1972 583 2024 in
609 1973 811 2039 tentationem,

75 2042 243 2114 ienbjungit
256 2043 388 2099 ultimam
419 2041 578 2110 atilionem,
587 2041 642 2096 sed
651 2040 749 2095 lihera
761 2057 815 2095 nes

75 2112 99 2171 'o.
117 2112 224 2169 Contra
247 2129 330 2168 vero.
353 2112 384 2168 S.
433 2112 536 2171 ilarius
561 2113 592 2168 in
612 2112 691 2166 Psal.
713 2127 814 2180 oxum,

86 2184 113 2254 8,
126 2184 243 2240 uidetur
258 2184 361 2239 eadem
375 2184 412 2238 ad
425 2186 538 2242 textum
553 2183 666 2239 referre
682 2183 815 2239 voluisse

75 2256 181 2330 quiem:
200 2255 283 2322 Quod
294 2255 366 2312 etin
376 2255 540 2310 Dominicis
551 2255 700 2311 orationis
712 2255 817 2311 ordine

898 710 942 765 30.
959 711 1067 766 Potens
1079 715 1125 767 est
1139 713 1235 766 antem
1251 713 1394 767 Dominus
1410 713 1461 784 qui
1484 713 1604 769 abstulit
1627 730 1695 785 pee-

864 802 961 854 ealum
975 802 1118 870 restrum,
1136 805 1164 855 et
1188 800 1294 855 delieta
1315 804 1414 855 vestra
1434 802 1561 871 donavit,
1578 804 1651 858 tueri
1668 806 1697 859 et

864 889 1239 944 custodirevosadversnm
1248 890 1696 962 diaboliadversantisinsidias3

864 982 894 1031 ut
910 994 968 1033 non
979 978 1194 1050 vohisobrepot
1204 979 1352 1048 inimicus,
1364 979 1414 1049 qui
1430 979 1544 1049 eulpam
1555 995 1697 1051 generare

866 1067 1031 1121 consuevit.
1048 1066 1106 1121 Sed
1118 1068 1168 1139 qui
1184 1068 1245 1122 Deo
1261 1083 1295 1123 se
1307 1067 1470 1136 committit,
1483 1066 1631 1122 diabolum
1640 1083 1699 1123 non

865 1155 946 1210 timet
955 1171 961 1225 ;
969 1154 1083 1210 Sienim
1094 1156 1175 1211 Dens
1182 1172 1239 1227 pro
1250 1157 1348 1227 anobis,
1356 1157 1419 1211 enis
1428 1162 1530 1211 eontra
1542 1172 1595 1211 nos
1604 1156 1699 1226 (Rom.

866 1261 926 1313 vm,
943 1242 1013 1314 3l)?
1029 1244 1088 1315 Ipsi
1101 1261 1172 1316 ergo
1182 1245 1247 1300 laus
1258 1248 1286 1300 et
1296 1245 1390 1317 gloria
1402 1261 1418 1298 o
1430 1244 1562 1316 sareulis,
1573 1248 1602 1299 et
1611 1261 1699 1316 nuno,

868 1334 896 1387 et
910 1347 1039 1404 semper,
1056 1336 1085 1386 et
1098 1333 1129 1387 in
1145 1333 1242 1388 omnia
1257 1335 1368 1388 saecula
1383 1334 1575 1388 saeculorum.
1595 1334 1699 1389 Amen.

869 1476 1047 1545 continetur,
1065 1492 1128 1530 eum
1152 1476 1264 1530 dieitur
1276 1497 1284 1529 :
1307 1475 1374 1530 Non
1394 1475 1585 1547 derelinquas
1601 1492 1654 1532 nos
1672 1478 1702 1531 in

870 1548 1072 1613 tentationem,
1093 1563 1175 1628 quam
1191 1548 1276 1601 terre
1296 1564 1353 1601 non
1369 1563 1534 1618 possennus.
1550 1550 1588 1602 tlt
1606 1564 1703 1619 neque

869 1617 947 1688 apud
963 1616 1044 1672 Evnn

869 1689 939 1743 ullis
954 1687 1022 1742 aliis
1037 1634 1173 1743 {northus
1189 1691 1349 1744 memoratu
1363 1688 1454 1743 uerbo
1470 1691 1667 1759 reperiuntur.

906 1758 944 1829 (1)
968 1758 1044 1815 Edit.
1072 1759 1181 1814 ultimae
1205 1761 1313 1826 Paris,
1339 1776 1354 1813 a
1383 1760 1471 1814 vitio:
1497 1759 1603 1815 melius
1627 1761 1702 1830 aliae,

871 1847 905 1885 no
920 1845 994 1886 mss,
1011 1845 1125 1896 omnes,
1143 1830 1180 1885 ah
1197 1831 1327 1885 inimieo.
1343 1830 1427 1894 Quod
1443 1831 1522 1884 enim
1536 1831 1638 1886 Graece
1654 1832 1705 1887 ha·

871 1910 968 1979 betur,
997 1903 1235 1985 mittendarium,
1262 1911 1352 1982 vulgo
1380 1910 1513 1965 redditur
1546 1911 1659 1979 Latine,
1689 1929 1705 1967 a

872 1980 957 2045 malo,
975 1980 1071 2037 sivea
1093 1981 1232 2053 maliano,
1250 1981 1359 2082 quibus
1374 1981 1499 2036 vocibus
1517 1982 1705 2038 oaeodaemon

874 2051 1027 2124 designari
1046 2051 1123 2106 solet
1141 2067 1158 2104 a
1177 2051 1229 2107 SS.
1247 2052 1304 2107 lP.
1320 2067 1387 2106 eum
1406 2055 1503 2106 tamon
1522 2053 1608 2107 etiarn
1628 2054 1707 2108 sumi

873 2125 971 2193 possit
994 2122 1024 2176 in
1049 2125 1153 2177 neutro
1178 2138 1288 2194 genere
1312 2139 1365 2196 pro
1391 2123 1521 2196 qualibet
1544 2123 1705 2182 calamitate

874 2198 961 2267 atque
975 2192 1172 2250 incommodo.

615 2623 796 2703 LlBllll
826 2621 1065 2708 SEXTUS.

811 2823 858 2834 -ι

196 2979 271 3045 380
290 2986 418 3043 CAPUT
438 2985 602 3042 PRIMUM.

81 3072 186 3133 corten·
203 3093 274 3133 vera
291 3092 361 3132 earo
376 3081 407 3132 et
425 3092 513 3130 verns
527 3075 651 3147 sanquis
666 3072 698 3128 in
714 3089 818 3129 saera-

75 3149 182 3205 ulosint
192 3149 292 3204 divini
302 3147 419 3203 seilicet
435 3146 527 3202 Verbi
535 3147 746 3217 omnipotentia
756 3162 820 3200 eon·

75 3221 140 3291 reti,
150 3226 181 3275 et
192 3220 290 3275 aliena
300 3219 411 3291 speeie,
431 3234 467 3272 no
478 3216 672 3272 offensionem
685 3218 817 3288 pariant,

75 3289 114 3357 o‘,·
130 3306 169 3346 ex
183 3292 238 3346 lree
257 3291 390 3360 intelliqi
405 3306 459 3344 nos
476 3288 588 3343 divinae
598 3287 775 3342 substantiae
789 3289 819 3341 iu

75 3360 224 3417 adimente
240 3377 309 3418 esse
320 3361 497 3433 participes.

75 3446 143 3507 &aa
160 3467 252 3506 uerus
277 3454 324 3507 ost
353 3450 406 3504 Dei
429 3448 524 3503 Filius
550 3448 693 3503 Dominus
718 3449 821 3502 nostor

875 2987 977 3059 guinis
992 2987 1146 3043 veritatem
1161 2988 1216 3059 (De
1238 2988 1371 3056 Censeo,
1383 2988 1451 3044 dist.
1468 2989 1494 3057 ⁹2,
1513 3003 1538 3045 o.
1555 2986 1647 3044 Forte
1661 2985 1709 3042 di-

876 3093 927 3131 eas
943 3119 949 3130 .

912 3078 939 3220 3).
956 3166 1054 3221 Primo
1069 3165 1199 3223 omnium
1222 3165 1284 3220 dixi
1306 3166 1359 3221 tibi
1375 3166 1457 3237 (Sap.
1473 3166 1525 3220 lib.
1544 3182 1584 3234 iv,
1600 3180 1664 3235 eap.
1682 3163 1709 3231 l)

877 3255 912 3309 de
928 3271 1066 3310 sermono
1080 3254 1192 3310 Christi
1207 3256 1257 3326 qui
1282 3257 1428 3326 operatur,
1441 3257 1471 3308 ut
1487 3253 1583 3324 possit
1598 3254 1711 3306 mutare

877 3349 905 3399 et
920 3348 1093 3400 convortere
1108 3360 1218 3422 genera
1235 3344 1365 3398 instituta
1382 3346 1493 3398 naturae
1510 3342 1548 3413 (1)
1564 3341 1658 3410 (dean.
1669 3357 1709 3410 vr,

877 3434 931 3502 (ii).
958 3433 1070 3489 Deinde
1098 3433 1149 3488 nbi
1177 3449 1236 3487 non
1261 3433 1390 3488 tulerunt
1412 3445 1580 3486 sermonem
1601 3427 1712 3483 Christi
1764 3422 1788 3497 J

75 3534 237 3610 afflatus,
255 3555 314 3595 nou
338 3537 585 3610 quemadmodum
606 3536 742 3592 homines
766 3549 819 3605 pm·
836 3528 861 3590 c
878 3522 1016 3594 discipuli
1032 3520 1109 3595 ejus,
1125 3522 1279 3577 audientes
1295 3521 1373 3592 qnod
1396 3536 1515 3575 earnem
1531 3534 1615 3574 suam
1630 3518 1713 3572 daret

75 3642 121 3700 tn,
134 3629 188 3685 sed
203 3629 290 3700 quasi
306 3627 400 3682 Filius
415 3643 453 3681 ex
467 3625 632 3681 substantia
648 3625 744 3680 Patris
761 3623 820 3695 (1.);

75 3731 108 3775 n
122 3733 204 3789 earo,
219 3717 377 3789 sicutipse
392 3715 466 3770 dixit
484 3715 579 3785 (donn.
595 3731 635 3782 vr,
661 3713 717 3784 56),
734 3728 822 3785 quarn

75 3804 158 3880 inus,
173 3812 204 3863 et
224 3822 318 3862 uerus
342 3805 410 3877 ejus
434 3808 480 3859 est
502 3806 590 3874 potus
613 3802 669 3873 (De
685 3801 819 3872 Corrsee,

75 3895 95 3969 l,
107 3912 136 3955 o.
145 3896 233 3953 Sient
243 3902 290 3952 est
301 3894 412 3965 verns).

75 3983 121 4045 hl
143 3987 223 4043 torte
237 3985 322 4040 diens
336 3983 427 4055 (quod
442 3982 580 4037 dixerunt
594 3983 665 4035 tune
681 3980 822 4051 temporis

75 4073 228 4148 :diooipuli
246 4073 358 4129 Christi
381 4071 535 4127 audientes
558 4070 704 4125 dicentem
727 4069 821 4139 (dean.

75 4162 102 4235 l:
117 4164 185 4221 Nisi
200 4164 270 4237 quis
294 4160 515 4217 manducaverit
539 4173 658 4213 earnem
673 4173 777 4226 meam,
794 4159 823 4212 et

75 4252 285 4327 {unguinom
295 4266 403 4320 meum,
420 4265 479 4304 non
494 4247 622 4302 manebit
637 4247 667 4301 in
679 4262 735 4316 mo,
754 4248 821 4318 (nee

75 4340 106 4401 ἦ
124 4343 218 4399 vitum
243 4342 414 4410 eternam:
440 4338 516 4393 torte
542 4336 641 4390 dicas:
670 4334 822 4400 Quomodo

75 4430 135 4505 m
146 4431 206 4499 Qui
220 4429 445 4486 similitudinem
460 4426 557 4496 uideo,
573 4441 632 4480 non
649 4424 735 4479 video
751 4438 823 4479 san-

75 4574 189 4635 lioeum
213 4573 295 4630 hunc
317 4570 503 4628 Lonirnnons
520 4568 591 4640 legit
608 4567 637 4620 in
658 4567 706 4620 illa
722 4565 822 4635 ver-hu,

75 4646 304 4717 dominusper
312 4644 452 4714 qratiam,
460 4641 515 4696 sed
525 4637 703 4712 quasidlins,
711 4653 824 4708 perna-

75 4718 214 4789 mffest,
227 4731 268 4770 er
284 4713 453 4769 substantia
473 4712 588 4765 Patris.
605 4707 824 4778 Consequentia
841 4699 867 4758 D

152 4788 234 4860 opud
249 4784 369 4840 Amerb.
388 4784 472 4838 Erae.
489 4787 517 4837 et
531 4782 561 4835 in
574 4778 826 4904 mss3lonqeplu-

183 4862 234 4915 tur
247 4861 279 4912 nl
293 4857 323 4911 in
337 4858 429 4921 textu,
447 4870 506 4908 non
522 4853 606 4906 aliter
620 4857 708 4904 etrum
729 4865 822 4921 egun-

75 4930 125 4991 ἢ
135 4930 208 4989 uili.
224 4929 285 4983 nisi
321 4926 378 4983 uod
394 4929 460 4980 irnte
476 4931 523 4979 est
534 4929 632 4996 potins,
649 4936 828 4975 voeemsan·

75 5003 260 5077 misam
272 4942 376 5055 adduit.
401 5000 438 5051 tlt
452 4996 522 5051 edit.
542 4995 628 5049 ilem.
641 5008 708 5055 eum
723 4991 827 5046 eodem

75 5074 205 5133 uiribus
219 5086 296 5126 mss.
312 5069 414 5125 Gallio.
431 5072 460 5123 et
471 5081 529 5121 uno
544 5066 607 5119 l'at.
623 5065 653 5117 in
671 5078 765 5134 marg.
783 5062 828 5116 sie

75 5144 129 5229 it,
143 5146 191 5201 ito
207 5157 281 5197 vera
296 5140 378 5213 qius,
395 5155 468 5194 mss.
488 5136 605 5191 Christi
620 5151 690 5189 earo
706 5139 785 5187 est...
799 5139 828 5186 et

75 5232 80 5271 ι
127 5232 165 5273 ss
179 5212 308 5286 unquis
327 5217 383 5280 est,
402 5226 485 5282 qinein
505 5214 647 5279 potamus
663 5203 746 5269 Quod
764 5203 827 5274 qni·

75 5230 128 5347 a
140 5284 283 5345 oodioum
292 5281 495 5408 oqpnsilorum
507 5293 648 5333 numerus
657 5279 685 5330 et
700 5274 828 5345 antiqui-

75 5358 263 5421 numeret
290 5353 311 5409 li
333 5353 488 5408 entissime
499 5349 757 5419 umplooteremur.
771 5345 829 5400 hd·

75 5432 193 5493 idom
206 5443 248 5484 ox
266 5396 325 5481 lino
348 5421 566 5493 eornpnrutione
582 5422 662 5474 reete
684 5416 829 5487 consequi

75 5500 237 5565 mom
252 5499 282 5553 ot
302 5496 480 5567 sanguinem
504 5489 739 5548 substantialiter
760 5503 829 5542 esse

95 5636 98 5641 ’
130 5646 196 5703 vet.
209 5640 283 5698 odit.
300 5653 337 5693 no
360 5652 464 5693 omnes
479 5651 553 5690 mss.
571 5632 705 5702 exeeptis
726 5628 829 5711 patonis

75 5712 182 5785 Η,
195 5727 281 5769 ento.
298 5708 367 5765 Non
388 5711 448 5764 tnm
470 5706 626 5789 concinno,
651 5719 717 5758 eum
740 5701 829 5754 drohn

75 5784 167 5871 hd
181 5784 222 5841 ud
235 5794 360 5863 monem
378 5781 466 5862 utque
481 5788 658 5857 sangumem
673 5772 829 5828 referatur.

75 5855 233 5943 squidem
255 5851 437 5931 explanatius
461 5849 550 5911 hehet
572 5847 642 5906 odit.
661 5846 747 5904 Rom.
764 5859 831 5899 eum

877 3612 1065 3681 manducare,
1083 3615 1112 3666 et
1127 3611 1303 3683 sanguinem
1331 3625 1418 3664 suum
1439 3608 1520 3683 daret
1538 3605 1710 3676 bibendum,

878 3700 1077 3769 recedebant3
1095 3700 1179 3755 solus
1189 3703 1286 3754 tamen
1304 3698 1409 3753 Petrus
1423 3697 1512 3751 dixit:
1535 3695 1631 3777 Veron
1646 3694 1714 3749 vitto

879 3797 1001 3845 aeternae
1015 3789 1118 3857 hahes,
1137 3795 1165 3842 et
1175 3804 1259 3860 aqna
1277 3792 1305 3842 te
1321 3786 1459 3859 qnornedo
1474 3782 1713 3849 1·eeedam(1h1'd.

880 3879 945 3950 69)·1
961 3879 1005 3935 No
1021 3879 1112 3951 igitur
1126 3878 1226 3949 plnres
1251 3876 1308 3931 hoe
1330 3875 1471 3944 dicerent,
1488 3872 1578 3929 ueluti
1596 3872 1715 3944 quidam

881 3971 961 4024 esset
972 3969 1079 4024 horror
1087 3968 1213 4036 cruoris,
1224 3965 1277 4020 sed
1289 3967 1420 4019 maneret
1430 3963 1524 4035 gratia
1536 3960 1715 4032 redemptio-

880 4059 948 4127 nis3
964 4057 1029 4113 ideo
1045 4057 1073 4111 in
1089 4055 1311 4111 similitudinem
1334 4053 1452 4126 quidem
1476 4050 1588 4121 ueoipis
1612 4067 1715 4104 suera-

881 4150 1020 4217 monlum,
1049 4146 1102 4201 sed
1132 4161 1201 4201 vere
1226 4147 1338 4198 naturae
1367 4141 1491 4215 gratiam
1520 4140 1716 4211 virtutemque

882 4236 1101 4309 consequeris(
1122 4235 1141 4304 ).

920 4317 990 4381 381
1024 4325 1050 4379 l.
1065 4324 1130 4395 It'qo
1141 4338 1215 4389 sitiri,
1227 4319 1331 4391 inquit,
1340 4318 1429 4391 [taliis
1443 4316 1528 4372 viriis
1539 4315 1588 4388 qui
1599 4311 1716 4370 deeoelo

883 4412 1026 4469 descendi
1041 4411 1130 4483 (itin.
1143 4410 1198 4481 lt).
1215 4408 1273 4464 Sed
1289 4424 1357 4462 earo
1369 4422 1429 4461 non
1438 4404 1618 4461 descendite
1629 4400 1715 4472 eaelo,

883 4559 961 4614 Crat.
978 4557 1008 4611 in
1022 4556 1101 4611 huno
1117 4530 1245 4620 moddm,
1265 4549 1410 4615 Qiromodo
1428 4563 1497 4602 rora
1509 4561 1587 4614 earo,
1601 4559 1717 4616 querno·

884 4631 920 4686 de
934 4626 1177 4697 rertrssanquis?

919 4701 957 4760 (lt
974 4699 1058 4753 Eros.
1076 4701 1104 4751 et
1122 4695 1200 4760 Gill.,
1218 4696 1396 4748 eerirertrre
1411 4689 1547 4742 instituta
1563 4684 1718 4759 yenernlra

885 4762 1016 4826 natiuae:
1032 4769 1068 4822 nh
1084 4767 1242 4821 bisantem
1258 4779 1293 4818 eo
1309 4765 1419 4815 tanturn
1430 4758 1541 4814 recedit
1551 4758 1620 4813 edit.
1632 4757 1718 4811 llonr.

884 4843 963 4914 quod
980 4841 1070 4894 verbo
1086 4843 1265 4892 enarrertere
1281 4831 1410 4902 subjecit
1425 4831 1457 4884 r'n
1473 4828 1573 4883 aliud:
1598 4826 1718 4882 hmerb.

885 4930 956 4968 vero
967 4914 995 4966 et
1004 4911 1100 4964 cuncti
1119 4923 1193 4961 mss.
1205 4905 1360 4960 nobiseum
1369 4903 1558 4969 conveniunt,
1570 4899 1629 4954 nisi
1640 4898 1720 4970 quod

885 4982 1028 5051 nonnulli,
1046 4984 1074 5034 et
1096 4995 1163 5034 enm
1187 4977 1234 5032 his
1259 4974 1454 5043 Lanlraneus,
1471 4971 1590 5041 habent,
1607 4984 1720 5042 qenera

886 5063 914 5110 et
932 5054 1078 5108 instituta.

921 5128 960 5193 tit)
975 5124 1101 5178 Clarom.
1120 5120 1196 5189 eod,
1214 5124 1349 5172 nntmarn
1366 5115 1552 5186 gratiamque
1566 5127 1722 5185 conseque·

887 5200 951 5258 ris,·
968 5195 1114 5261 l'nllilno.,
1134 5197 1247 5246 rtutnrre
1261 5187 1386 5260 qlorinm
1406 5186 1604 5257 rirtnlemque
1619 5197 1722 5240 eonse-

888 5268 1009 5342 qneris,·
1033 5264 1138 5335 reliqui
1163 5266 1191 5316 et
1214 5275 1318 5315 omnes
1339 5259 1406 5313 edit.
1425 5261 1455 5311 ut
1470 5257 1501 5311 in
1515 5257 1607 5310 textu.
1625 5253 1721 5309 Caete·

887 5357 952 5395 rum
968 5339 1070 5392 auctor
1084 5353 1114 5390 rn
1144 5333 1200 5389 hoo
1220 5332 1314 5402 eapite
1339 5330 1518 5383 solutionem
1544 5321 1721 5396 objectionis

887 5412 984 5483 petitae
1007 5424 1023 5461 a
1043 5405 1212 5462 testimonio
1236 5417 1389 5469 sensuum,
1411 5414 1498 5469 qnam
1517 5396 1580 5469 inm
1604 5393 1655 5448 lili.
1678 5406 1718 5457 ru,

888 5498 952 5552 cap.
964 5481 990 5549 1,
1003 5494 1083 5534 num.
1111 5478 1153 5543 11,
1177 5476 1382 5546 proposuerat,
1399 5471 1435 5522 itu
1453 5467 1599 5547 exprimit,
1614 5464 1646 5515 ut
1660 5474 1721 5513 om·

888 5570 956 5608 nem
971 5548 1114 5622 praecidat
1129 5547 1353 5601 cavillationem.
1373 5542 1469 5594 l‘rimo
1485 5552 1563 5591 enim
1579 5530 1720 5587 substan-

888 5624 986 5678 tialem
1001 5619 1257 5677 conversationem
1270 5615 1332 5687 ,jam
1347 5610 1463 5666 abunde
1487 5605 1642 5685 probatum
1655 5613 1720 5678 mo·

889 5699 947 5763 net,
964 5693 1070 5748 deinde
1085 5707 1138 5744 eurr
1152 5689 1208 5742 sub
1224 5687 1319 5740 aliena
1334 5680 1444 5751 speeie,
1457 5689 1545 5745 quum
1556 5667 1722 5726 similitudi·

1068 1617 1171 1672 ellstan
1191 1618 1361 1673 Matthaeum
1384 1620 1412 1672 et
1426 1617 1546 1683 Lunam,
1563 1635 1658 1690 neque
1674 1620 1722 1675 in.

1736 326 1738 331 ,
1748 270 1765 323 't

888 5782 956 5820 nem
972 5766 1067 5832 renat,
1085 5761 1302 5816 sacramentum
1327 5751 1490 5807 institutum
1514 5742 1564 5814 sit,
1580 5740 1723 5804 rationem
1759 5827 1761 5834 Ι

889 5837 984 5896 affert.
