3900 6128
103 298 164 412 ,aa
469 393 476 398 Ι
820 303 1091 369 sauenosu.
1717 344 1722 351 -
1790 305 1850 370 aaa

106 519 164 562 aon
177 505 359 563 existimet?
374 507 518 563 Addimus
534 508 620 563 etiam
637 506 801 564 orthodoxo
817 507 946 580 dogmati
962 506 1138 562 stabiliendo
1153 506 1183 561 in
1208 505 1263 561 hac
1278 506 1372 577 opella
1397 509 1576 580 suppeditari
1592 526 1736 583 expressa
1753 516 1782 568 et
1795 529 1850 586 po-

104 595 203 664 sitiva,
219 598 253 651 ut
266 599 383 663 vocant,
400 597 590 666 llrmameata,
608 613 674 652 cum
690 599 787 653 manen
802 597 974 652 Albertinus
987 595 1221 650 Gerentonianus
1237 597 1386 667 quandam
1405 598 1540 654 minister
1554 599 1624 654 hinc
1639 606 1851 673 argumentum

104 685 268 756 probandae
283 702 349 742 suaa
364 687 494 757 opinioni
508 685 621 741 nullum
637 677 809 757 depromet3
840 685 894 741 aad
909 689 1021 740 tantum
1041 685 1100 739 sibi
1114 688 1258 755 proponat
1277 684 1463 756 objectiones
1478 689 1542 756 (lib.
1569 707 1589 742 ιι
1603 690 1648 744 De
1662 689 1850 749 Sacrament.

106 788 169 844 cap.
190 774 229 844 2),
246 775 359 846 quibus
386 775 505 830 nonnisi
530 775 623 830 iutilia
649 776 766 845 penitus
784 790 818 828 ao
834 789 910 828 vana
933 773 1104 844 respondet.
1122 774 1210 845 Atqui
1226 778 1363 828 constare
1380 779 1494 844 oportet
1508 777 1584 846 apud
1600 794 1704 849 aequos
1720 781 1852 835 aestima-

106 865 186 918 tores
200 879 240 920 ex
255 864 313 919 hoc
333 880 422 935 opere
438 864 488 919 ubi
504 864 688 918 familiariter
702 863 806 934 primis
821 862 980 932 preceptis
996 877 1091 918 novos
1102 862 1475 918 Christianoshmbrosins
1487 864 1599 933 imbuit,
1610 867 1680 937 quid
1695 869 1852 924 sententiae

109 968 199 1023 super
213 952 402 1008 Eucharistia
419 953 459 1007 illi
482 953 579 1022 inerit,
595 953 694 1022 potius
711 951 896 1020 discendum,
919 966 1008 1022 quam
1025 966 1062 1005 ex
1082 951 1148 1006 aliis
1168 950 1305 1023 ejusdem
1319 951 1423 1021 libris,
1440 953 1679 1024 qnandoquidem
1694 955 1724 1009 in
1740 957 1787 1011 his
1815 958 1852 1012 da

108 1041 250 1097 industria
264 1044 385 1113 propter
400 1041 534 1097 infideles
550 1044 638 1113 atque
654 1040 883 1096 catechumenos
897 1039 947 1111 qui
963 1055 1030 1095 eum
1047 1056 1111 1096 eum
1129 1041 1283 1111 baptizatis
1299 1040 1417 1097 contusi
1431 1042 1598 1113 audiebant,
1611 1043 1771 1100 obscurius
1786 1045 1850 1101 elo-

111 1130 261 1203 ruebatur.

141 1219 277 1291 Huiusce
297 1218 469 1290 scriptionis
483 1219 534 1290 qui
550 1218 720 1290 meminere,
737 1233 845 1290 magno
862 1233 1015 1273 consensu
1031 1234 1095 1272 eam
1114 1218 1273 1275 Ambrosio
1290 1236 1409 1291 semper
1432 1221 1624 1277 attribuerent
1641 1237 1647 1276 :
1665 1221 1719 1276 sed
1733 1223 1851 1278 tandem

114 1308 253 1378 superiori
268 1309 382 1364 seacula
397 1308 573 1363 exstiterunt
588 1307 707 1379 quidam
722 1306 906 1375 heterodoxi,
925 1306 976 1376 qui
990 1308 1185 1377 possessione
1200 1311 1260 1361 tam
1275 1308 1411 1364 diuturna
1441 1313 1576 1364 sanetum
1592 1311 1745 1366 doctorem
1764 1311 1849 1366 abdi-

117 1397 382 1451 uudumarbitrati
399 1398 478 1451 sunt.
496 1397 674 1466 Reperimus
699 1395 777 1450 enim
805 1395 897 1449 Henr.
920 1394 1082 1467 Bnllingeri
1104 1396 1140 1450 ad
1161 1396 1263 1452 donch.
1291 1398 1454 1452 Vedianum
1473 1398 1585 1454 litteras
1609 1400 1687 1470 apud
1715 1404 1851 1456 sanctum

116 1485 218 1541 Gallum
233 1485 251 1540 'l
266 1485 337 1541 lulii
352 1483 482 1540 an.1535
497 1484 591 1555 datae,
608 1484 717 1557 quibus
742 1484 821 1538 hune
836 1483 945 1538 librum
969 1499 1037 1538 cum
1056 1486 1251 1556 sequentibus
1268 1486 1311 1541 De
1335 1487 1541 1542 sacramentis
1560 1504 1617 1542 una
1633 1489 1846 1561 complectens,

118 1590 171 1629 rum
185 1574 237 1629 illo
254 1589 289 1630 se
305 1574 343 1630 de
358 1579 481 1646 utroque
496 1589 585 1645 opere
601 1573 711 1628 sentire
727 1572 886 1644 significet,
903 1572 1040 1628 nimirum
1061 1575 1196 1646 stupidos
1208 1576 1262 1629 hos
1283 1592 1461 1648 nequequam
1473 1593 1541 1632 esse
1558 1579 1689 1632 arroteris
1699 1579 1803 1650 optimi
1819 1584 1850 1633 et

114 1663 208 1736 judicii
235 1663 456 1718 emunctissimi
469 1664 606 1718 latinam.
623 1662 737 1716 Causas
754 1662 841 1715 istius
857 1661 899 1715 rei
915 1664 976 1716 tres
991 1661 1084 1731 alieri,
1101 1664 1169 1734 styli
1186 1662 1389 1734 differentium,
1409 1665 1518 1720 veriam
1533 1666 1582 1720 hie
1598 1670 1625 1721 et
1635 1667 1665 1721 in
1686 1667 1849 1739 exploratis

120 1751 256 1808 Ambrosii
270 1753 356 1807 libris
372 1752 556 1822 evponeadae
571 1750 759 1806 eucharistiae
774 1750 927 1818 rationem,
945 1752 1147 1807 tractationem
1164 1768 1263 1807 rerum
1278 1753 1462 1825 frigidiorem
1474 1771 1560 1826 quom
1577 1772 1630 1826 pro
1648 1756 1846 1812 Ambrosiono

119 1842 236 1896 aeuraina
252 1857 288 1896 ac
304 1841 466 1913 diligentia.
485 1840 539 1894 His
549 1840 629 1893 addit
645 1838 800 1893 Erasmum
816 1839 872 1893 etsi
887 1838 1091 1908 dissimularit,
1104 1843 1133 1895 et
1144 1839 1289 1911 judicium
1304 1842 1410 1897 texerit
1422 1859 1519 1912 suum,
1531 1860 1567 1899 ne
1584 1844 1735 1900 videretur
1746 1861 1849 1900 eorum

120 1929 146 1985 le
158 1931 352 1985 sacramentis
362 1930 538 1985 sententiam
553 1928 680 1996 sectari,
698 1943 764 1982 eum
779 1930 876 1983 tamen
893 1927 949 1982 hos
964 1928 1057 1983 libros
1078 1928 1217 1999 rejecerit
1232 1931 1262 1983 in
1281 1933 1465 2001 postremum
1488 1934 1694 1989 Ambrosianus
1710 1934 1849 1989 editionis

121 2022 224 2088 braum,
245 2035 306 2074 non
320 2019 456 2074 dubitare
471 2034 506 2073 se
522 2018 593 2089 quin
607 2017 657 2072 ille
673 2017 803 2072 senserit
831 2016 989 2089 mangonis
1010 2016 1177 2088 cujuspiam
1206 2017 1278 2072 illud
1293 2034 1363 2073 esse
1392 2035 1478 2090 opus.
1495 2022 1585 2086 Quasi
1613 2038 1685 2077 vero
1705 2022 1850 2077 Erasmus

122 2111 239 2180 quartum
250 2124 339 2163 auum
354 2112 465 2163 tomum
481 2123 518 2162 ex
529 2107 605 2162 solis
620 2105 794 2161 adulterinis
819 2107 1030 2175 composuerit.
1061 2105 1120 2160 Sed
1139 2122 1206 2160 cum
1226 2107 1261 2160 de
1285 2109 1431 2162 sententia
1447 2108 1563 2163 Erasmi
1579 2126 1658 2164 mere
1688 2111 1726 2164 sit
1740 2110 1849 2165 isthaec

123 2197 268 2265 hariolatio,
285 2196 470 2269 explodenda
485 2198 584 2268 potius
596 2196 714 2252 videtur
727 2210 815 2267 quam
832 2193 1004 2250 refellenda.
1022 2194 1131 2249 Tribus
1142 2197 1238 2248 autem
1264 2195 1325 2249 illis
1336 2213 1401 2267 quea
1418 2198 1575 2267 praemissa
1589 2201 1668 2268 sunt,
1685 2215 1743 2253 uno
1755 2199 1848 2254 verbo

123 2286 353 2357 respondebimus
368 2286 548 2341 catechesim
565 2301 645 2355 asse,
662 2287 749 2356 atque
766 2284 839 2338 adeo
869 2283 1040 2337 charactere
1061 2282 1119 2337 sibi
1141 2284 1271 2354 proprio,
1288 2283 1388 2354 idest,
1411 2285 1595 2355 simpliciter,
1613 2289 1713 2356 aperte
1724 2303 1759 2340 ao
1781 2287 1848 2341 sine

124 2375 231 2431 notibus
244 2375 353 2431 editam
364 2376 534 2447 oportuisse
552 2390 558 2430 :
576 2374 692 2429 interim
709 2373 915 2445 Bulliagerum
934 2386 1089 2426 censorem
1100 2371 1365 2427 ambrosianorum
1375 2373 1553 2444 scriptorum
1569 2390 1628 2430 aon
1643 2375 1737 2429 videri
1750 2376 1849 2430 admo·

126 2462 177 2518 dum
190 2465 337 2535 idoneum,
354 2465 405 2537 qui
420 2480 479 2537 quo
492 2464 559 2520 loeo
589 2467 646 2519 tam
670 2463 788 2519 levibus
804 2462 961 2518 momentis
982 2461 1145 2534 legitimum
1160 2461 1289 2516 extrudit
1308 2462 1408 2532 letum,
1424 2464 1639 2518 Commentario
1657 2464 1686 2519 in
1702 2465 1845 2536 epistolas

127 2552 189 2608 Pauli
206 2554 330 2609 admittit
353 2570 407 2625 pro
423 2552 595 2609 indubitato.

156 2642 178 2697 ls
191 2643 276 2715 cujus
293 2659 384 2714 opera
400 2642 592 2697 Helmostadii
611 2642 744 2696 Censura
763 2640 890 2696 lidberti
911 2640 981 2695 Coei
1002 2639 1094 2709 praelo
1109 2638 1245 2711 subjecta
1264 2643 1310 2695 est
1323 2639 1412 2711 (anno
1429 2639 1519 2711 1635),
1537 2641 1594 2696 hee
1609 2643 1695 2697 etiam
1711 2659 1786 2714 opus
1810 2658 1848 2698 ex

129 2731 368 2787 Ambrosianorum
384 2732 518 2803 catalogo
534 2731 652 2800 exemit,
669 2746 726 2802 qua
746 2729 776 2784 in
795 2745 827 2784 re
843 2745 909 2784 eum
927 2728 1056 2783 Dallmus
1072 2743 1190 2800 quoque
1207 2728 1236 2782 in
1252 2728 1328 2784 libro
1343 2730 1380 2785 de
1401 2729 1632 2786 Confirmatione
1643 2734 1764 2787 secutus
1790 2735 1845 2787 est.

132 2816 257 2875 llationem
270 2821 375 2894 judicii
394 2821 441 2875 sui
456 2821 579 2891 primam
594 2821 680 2874 istam
692 2820 788 2874 reddit
803 2835 808 2874 :
828 2818 975 2873 Affirmat
987 2824 1098 2882 auctor,
1115 2817 1208 2888 inquit
1223 2818 1281 2885 ille,
1299 2818 1486 2890 Scripturam
1505 2821 1614 2875 testari
1633 2822 1708 2894 quod
1725 2822 1763 2877 ed
1770 2839 1844 2894 pre-

132 2921 167 2961 ces
179 2909 337 2965 Hierebeal
345 2910 426 2982 ignis
434 2909 627 2964 descenderit
639 2909 676 2963 de
690 2908 778 2962 Certo.
792 2907 884 2981 rltpui
894 2907 974 2961 nilril
983 2906 1042 2961 tale
1054 2906 1091 2960 de
1101 2906 1263 2961 Hierobeal
1272 2906 1385 2979 legitur
1400 2908 1430 2962 in
1446 2908 1616 2980 Scriptura.
1627 2909 1685 2965 Sed
1702 2912 1770 2983 quis
1786 2928 1845 2966 non

132 2995 256 3053 videathic
271 2997 525 3071 aliudsignillenri
541 2997 625 3067 nihil,
641 2997 933 3069 praeterquamquod
949 2994 1018 3050 libri
1035 2995 1172 3050 Judieum
1193 3011 1256 3064 cap.
1275 3012 1304 3049 vr
1319 2999 1465 3066 narratur,
1482 2997 1601 3053 Goeleon
1613 2998 1720 3071 angele
1731 2999 1846 3070 suppli-

133 3099 201 3157 casse,
226 3092 256 3142 nt
280 3088 337 3142 sibi
359 3088 537 3142 sacrificium
553 3087 869 3142 offerreeoncederet:
891 3101 950 3157 que
970 3088 1126 3153 annuente,
1148 3100 1215 3139 aua
1237 3101 1327 3155 super
1342 3086 1452 3156 azymis
1482 3088 1617 3157 panibus,
1645 3089 1847 3160 carnibusque

133 3172 192 3229 elixis
204 3175 253 3248 jus
268 3176 440 3245 infudisset,
456 3176 595 3249 angelum
611 3192 725 3231 summa
740 3176 825 3248 virga
836 3175 902 3230 haec
918 3172 1093 3245 contigisse,
1105 3188 1139 3226 ac
1156 3172 1296 3227 divinitus
1312 3190 1327 3228 e
1343 3176 1435 3243 petra,
1453 3176 1501 3228 cui
1513 3176 1614 3229 eadem
1632 3176 1768 3246 imposita
1781 3177 1847 3231 lue-

133 3266 291 3337 rant,ignem
307 3266 455 3335 erupisse.
474 3264 635 3320 Dicendum
652 3265 822 3337 igiturquia
837 3265 865 3319 in
884 3264 1036 3333 Scriptura
1065 3262 1163 3317 lusius
1191 3265 1401 3332 memorantur,
1424 3279 1457 3318 oa
1478 3265 1659 3319 contractius
1675 3264 1780 3320 reterri
1810 3267 1846 3322 ab

133 3350 270 3410 Ambrosio.
287 3356 307 3409 F
309 3355 363 3410 ieri
378 3371 451 3410 vero
462 3356 548 3410 etiam
564 3355 667 3425 potuit,
685 3356 715 3409 ut
729 3354 806 3409 hanc
826 3353 980 3408 historiam
996 3352 1026 3407 in
1042 3352 1196 3407 codicibus
1210 3353 1275 3407 suis
1294 3352 1381 3423 paulo
1396 3352 1481 3408 aliter
1493 3357 1581 3425 atque
1597 3355 1627 3408 in
1642 3356 1753 3411 nostris
1777 3373 1848 3410 ner-

133 3443 196 3495 ratrm
210 3444 355 3498 invenerit
371 3461 377 3497 :
396 3443 474 3514 quod
490 3443 520 3497 in
535 3443 601 3498 aliis
616 3459 734 3515 quoque
751 3443 809 3514 ipsi
825 3441 991 3514 contigisse
1006 3457 1065 3497 non
1085 3442 1188 3510 semel,
1205 3444 1233 3496 at
1249 3441 1397 3512 praecipue
1420 3443 1450 3496 in
1476 3446 1561 3513 eaput
1577 3443 1713 3498 ultimum
1727 3444 1794 3499 libri
1810 3445 1848 3500 de
1884 3460 1888 3467 ’

134 3525 253 3602 h'rluthr,
271 3532 512 3588 observavimus.
530 3532 565 3586 Et
579 3532 636 3586 hoe
651 3547 723 3586 sune
743 3533 849 3586 mirum
865 3532 980 3585 illinon
996 3531 1154 3601 videbitur,
1171 3531 1220 3602 qui
1231 3531 1391 3586 adverterit
1401 3534 1508 3586 tantam
1525 3533 1595 3587 olim
1611 3534 1746 3588 codicum
1762 3534 1848 3589 Vete-

132 3616 158 3671 ris
172 3619 341 3677 Testamenti
358 3622 453 3677 luisse
469 3622 680 3691 diversitatem,
699 3625 729 3676 ut
744 3624 815 3692 quot
831 3619 985 3688 Ecclesiae,
1003 3623 1044 3675 lot
1060 3619 1141 3673 varin
1153 3619 1416 3675 circumferrentur
1432 3622 1624 3692 exemplaria,
1645 3623 1724 3677 sieut
1741 3623 1847 3678 lliero·

132 3720 207 3775 urnas
226 3713 255 3766 in
271 3710 501 3766 Praelationibus
517 3710 583 3766 suis
600 3711 712 3781 passim
730 3713 861 3765 testatur.
879 3708 957 3764 ldem
974 3708 1067 3764 ferme
1083 3708 1171 3763 habet
1187 3708 1217 3764 S.
1235 3709 1433 3782 Augustinus
1451 3711 1495 3766 lle
1507 3710 1590 3766 Dect.
1610 3711 1737 3767 Christ..
1750 3712 1801 3767 lib.
1815 3731 1846 3783 ιι,

131 3800 221 3866 eapti.

152 3886 270 3944 Secunda
290 3889 497 3960 expunctionis
514 3889 588 3943 ratio
605 3888 669 3944 lraec
685 3892 731 3943 est
748 3904 754 3943 ε
775 3887 858 3954 Quod
867 3892 972 3942 auctor
986 3887 1056 3956 iste,
1069 3885 1172 3958 adjicit
1191 3887 1279 3958 idern,
1301 3887 1472 3962 Peralp'tiei
1490 3889 1580 3945 rerba
1599 3907 1605 3946 ε
1626 3891 1778 3947 Hominem
1790 3909 1847 3948 non

129 3972 205 4046 laico,
221 3981 261 4034 ita
275 3980 408 4051 exponit,
426 3979 512 4052 quasi
518 3994 575 4050 per
586 3979 732 4034 lrorninem
743 3977 937 4050 Paralp'ticus
945 3976 1135 4032 intellexerit
1146 3976 1298 4031 Christum
1310 3978 1514 4042 irradiatorem,
1531 3996 1674 4052 perquam
1683 3980 1844 4037 leviculum

128 4068 246 4123 estltoaa.
258 4086 287 4136 v,
299 4068 338 4137 Ἰ).
354 4067 413 4123 Sed
428 4083 570 4139 perquam
585 4067 733 4122 leviculus
749 4066 861 4138 estqui
886 4066 930 4120 sic
946 4065 1054 4137 arguit.
1077 4064 1235 4120 Enimvero
1251 4065 1298 4121 vel
1315 4081 1373 4121 non
1388 4067 1536 4140 intelligit,
1552 4069 1599 4123 vel
1611 4085 1669 4123 non
1682 4070 1847 4142 intelligere

126 4155 226 4228 satagit
237 4158 266 4212 id
287 4156 392 4211 codem
407 4156 472 4212 loeo
488 4172 578 4228 agere
595 4160 732 4210 sanctum
743 4155 914 4223 antistitem,
931 4154 1008 4208 utin
1026 4153 1142 4225 piscina
1158 4154 1283 4227 ligurem
1298 4155 1495 4227 baptismatis,
1512 4157 1541 4211 in
1557 4157 1675 4213 homine
1691 4175 1805 4231 aegrum
1817 4159 1846 4212 in

125 4255 169 4297 eam
181 4246 348 4301 demittente
363 4249 464 4316 typum
475 4246 571 4316 ipsius
586 4245 707 4314 Christi,
720 4245 750 4299 in
767 4244 973 4317 eegrodemum
983 4242 1111 4298 hominis
1127 4244 1294 4315 peccatoris
1310 4245 1479 4316 symbolum
1495 4248 1648 4302 exstitisse
1664 4247 1844 4314 ostenderet,

124 4334 187 4403 elque
200 4336 273 4391 adeo
284 4335 333 4389 bie
350 4334 542 4406 paraliticum
557 4334 714 4406 mysticum
727 4335 801 4402 sive,
820 4335 850 4387 ut
870 4332 964 4386 sancti
991 4332 1086 4386 nostri
1114 4333 1350 4403 utamurvarbo,
1381 4334 1606 4407 intelligibilem,
1628 4336 1843 4407 accipiendum.

122 4416 261 4497 Quodquiu
278 4440 345 4479 eum
363 4423 559 4479 ambrosiano
576 4423 760 4494 exponendae
771 4422 932 4493 Scripturas
948 4421 1034 4476 modo
1051 4422 1147 4493 magis
1159 4437 1324 4495 congruum
1339 4426 1353 4478 ⁸?

146 4510 260 4568 Tertiam
276 4512 475 4585 objectionem
491 4513 529 4566 ila
545 4512 683 4583 exprimit
700 4529 705 4565 :
722 4511 805 4578 Quod
820 4513 851 4566 in
870 4511 919 4565 lris
934 4510 1026 4566 libris
1039 4517 1162 4582 peccate
1180 4513 1313 4583 proprie,
1336 4512 1361 4567 l.
1380 4513 1529 4583 ,latuelle
1539 4529 1596 4585 per
1607 4513 1784 4586 baptismum
1797 4530 1846 4571 re·

121 4596 290 4658 lararirlirat
309 4619 316 4657 :
336 4602 528 4657 haereditaria
552 4618 620 4657 vero
641 4602 663 4656 l.
687 4599 864 4673 originalia,
886 4616 942 4670 per
957 4598 1096 4654 lotionem
1111 4600 1228 4670 pedum,
1241 4601 1507 4655 certelrreretirum
1520 4608 1575 4656 est.
1596 4603 1666 4657 Cum
1687 4602 1844 4676 Tlraologia

120 4694 141 4740 et
157 4689 295 4746 Ecclesiae
315 4691 452 4746 doctrina
471 4707 527 4745 non
555 4692 703 4760 convenit,
723 4695 801 4744 teste
828 4689 1009 4744 illalrloaato.
1034 4687 1069 4741 Et
1093 4687 1149 4742 hoe
1171 4689 1289 4759 quidem
1304 4692 1362 4743 tam
1384 4690 1512 4744 validum
1528 4693 1845 4764 tamqueineluctabile

118 4784 304 4850 argumentum
331 4781 443 4835 Dallmo
471 4781 569 4835 visum
594 4784 640 4834 est
659 4780 722 4849 (lib.
749 4795 791 4849 ιιι,
808 4778 853 4833 De
879 4776 1029 4845 Condrm,
1059 4793 1122 4847 rap.
1148 4778 1186 4847 8),
1204 4780 1235 4832 ut
1258 4777 1308 4847 qui
1331 4777 1388 4831 alia
1415 4780 1500 4850 qnasi
1516 4780 1608 4853 digito
1623 4782 1754 4839 indicare
1770 4786 1844 4839 satis

117 4861 248 4938 babuerat,
260 4868 334 4924 illud
350 4869 470 4939 proprio
486 4868 611 4924 voluerit
627 4868 777 4923 cumulare
789 4865 942 4939 suffragio.
960 4866 1035 4920 Nam
1053 4882 1118 4920 eum
1136 4869 1163 4920 et
1179 4865 1270 4937 hujus
1286 4868 1385 4937 operis
1401 4873 1429 4922 et
1453 4868 1595 4925 librorum
1610 4872 1646 4926 de
1665 4872 1845 4928 Sacramen-

117 4956 148 5009 tis
160 4963 305 5014 auctorem
321 4957 358 5012 de
370 4957 480 5013 lotione
496 4959 603 5028 pedum
619 4957 804 5012 incommode
833 4971 867 5010 ac
883 4954 1066 5026 perabsurde
1082 4955 1306 5025 philosophatos
1323 4958 1535 5028 contendisset,
1561 4959 1657 5015 allatis
1673 4961 1709 5018 de
1734 4964 1843 5036 quibus

113 5047 238 5116 agebatur
248 5048 336 5116 loeis,
352 5048 409 5101 ista
421 5046 577 5118 subjungit
591 5062 596 5101 :
612 5045 943 5118 Utrumquesaturnium,
953 5043 1027 5115 pared
1039 5042 1182 5114 velplaao
1200 5043 1326 5114 velpene
1339 5045 1417 5100 idem
1436 5053 1492 5118 est,
1506 5048 1648 5121 irreptant,
1660 5058 1689 5105 et
1705 5053 1844 5108 instituto

111 5134 245 5191 atllrristo
255 5135 411 5190 lratismati
420 5124 670 5201 contumeliosum,
684 5137 760 5189 satis
771 5134 901 5189 ostendit
909 5133 1045 5186 neutrius
1061 5132 1192 5204 opusculi
1203 5138 1353 5188 erratorem
1364 5151 1432 5191 csse
1441 5137 1644 5195 .›lmhrosium.
1656 5141 1841 5198 Gravissima

111 5227 155 5285 eat,
169 5241 222 5280 uec
236 5224 409 5295 diffitemur,
431 5224 536 5280 isthaec
561 5225 722 5279 accusatio.
738 5224 797 5279 Sed
822 5224 879 5278 hoe
894 5222 1080 5277 incommode
1096 5239 1130 5276 uc
1146 5222 1329 5293 perabsurde
1345 5228 1571 5283 accusatoribus
1588 5229 1663 5300 ipsis
1679 5232 1794 5300 accidit,
1812 5235 1842 5284 ut

110 5309 175 5367 idem
189 5314 261 5369 illud
272 5315 321 5369 eui
337 5317 394 5368 lam
411 5315 528 5386 nigrum
539 5314 617 5368 thola
634 5313 793 5386 proetigunt
811 5313 861 5367 isti
881 5310 1048 5380 aristarchi,
1066 5326 1124 5365 non
1149 5311 1236 5366 morlo
1262 5312 1290 5366 in
1310 5313 1376 5367 aliis
1391 5330 1458 5386 quae
1474 5320 1591 5373 exstant
1603 5319 1751 5373 Arabrosii
1768 5333 1840 5388 ope·

109 5401 181 5457 ribus
195 5419 255 5458 non
272 5404 477 5458 controversis
489 5403 621 5458 invenire
638 5403 686 5470 sit,
704 5403 903 5457 verumetiam
920 5401 949 5456 in
974 5399 1135 5471 deperditis
1151 5415 1275 5471 quorum
1291 5401 1349 5457 loci
1363 5410 1523 5460 occurrunt
1538 5408 1614 5477 apud
1632 5406 1836 5461 fidelissimum

105 5488 189 5560 ipsias
204 5491 384 5565 discipulum
401 5494 599 5564 Augustinum
617 5491 645 5546 ln
661 5491 726 5546 suis
742 5492 888 5546 adversus
905 5490 1083 5561 t’elagianos
1099 5490 1376 5560 disceptationibus,
1388 5493 1438 5547 ubi
1456 5492 1575 5549 dubium
1593 5495 1713 5563 dogma,
1730 5493 1839 5547 nectum

103 5576 263 5637 hereticum
278 5597 429 5653 nunquam
449 5583 568 5652 impune
584 5581 804 5652 proposuisset.
823 5580 893 5633 llaec
914 5579 941 5633 si
955 5578 1199 5634 considerassent
1210 5580 1251 5634 illi
1266 5579 1438 5649 scriptores,
1457 5583 1486 5634 in
1502 5583 1676 5637 sententiam
1692 5594 1757 5632 oum
1776 5583 1839 5635 tan-

101 5672 188 5726 leram
219 5671 396 5738 doctorum,
423 5672 485 5725 tum
507 5671 592 5724 ctiam
612 5671 722 5725 veleris
748 5668 892 5723 Ecclesiae
917 5667 1089 5722 auctoritate
1113 5668 1254 5721 munitam
1270 5666 1346 5720 baud
1366 5668 1602 5724 insurrexissent
1616 5665 1703 5721 tantis
1718 5667 1838 5730 arrirriis.

102 5756 201 5815 l'eram
215 5775 271 5816 eos
285 5759 365 5834 quod
386 5775 476 5816 voces
492 5759 686 5815 irererlitaria
704 5765 826 5835 peecata
847 5757 957 5833 quibus
979 5755 1051 5810 nihii
1076 5755 1134 5813 aisi
1157 5756 1382 5831 concupiscatia
1406 5758 1479 5826 eive,
1499 5756 1531 5809 ut
1547 5756 1612 5829 ipse
1626 5756 1674 5830 nit,
1687 5752 1841 5824 lubrie-um
