3900 6128
555 253 1103 335 srisromaltiicmssi'si.
1621 249 1701 332 tiis

85 464 185 523 oribus
199 469 335 523 mortuus
350 470 397 524 est
407 467 447 538 (3)
458 467 552 538 (Rern.
565 485 594 537 v,
606 467 645 537 6).
654 467 686 524 Si
697 469 733 524 de
748 452 850 524 ser-A
864 468 990 524 rendum
1003 469 1053 523 aut
1065 467 1276 523 vindicandum
1292 479 1352 523 non
1366 466 1464 538 pules,
1480 464 1558 538 quod
1574 464 1605 520 ia
1619 463 1699 521 bunc

85 570 136 612 roe
150 555 262 611 dictum
276 560 332 627 est,
348 557 420 628 quid
434 557 471 611 de
487 557 743 612 altionedicetur?
758 558 812 612 llle
865 557 944 615 diem
967 573 1054 614 nemo
1076 556 1224 628 quaesivit,
1250 571 1337 612 namo
1362 570 1491 628 unquam
1514 553 1699 610 vindicavit?

85 644 181 700 statim
195 660 213 699 a
229 643 363 713 Francis,
380 661 396 698 a
412 644 563 701 Saxonum
578 649 677 718 gente,
693 646 723 701 in
739 646 813 701 Sici·
865 646 960 702 Grave
971 649 1018 703 ast
1029 646 1116 701 tidem
1126 649 1204 700 tuam
1212 646 1289 716 prol
1294 645 1387 701 udaieis
1395 644 1566 716 periclitari.
1577 643 1699 699 Gedeon

85 734 147 788 ioioe
157 733 206 803 (l),
222 735 394 804 Petavioue3
411 735 520 806 ubique
529 735 656 805 denique
666 738 812 790 terrarum
866 752 932 791 cuin
957 736 1119 791 occidisset
1140 739 1288 790 sacratum
1314 733 1437 789 vitulum
1458 733 1566 802 (dudio.
1584 750 1624 803 vi,
1639 733 1696 802 28),

91 824 150 879 est.
166 821 241 887 Quid
258 824 306 892 pio
322 838 478 878 commune
495 839 561 878 cum
577 824 714 894 parlido‘l
729 823 811 879 Aba·
864 824 1003 879 dixerunt
1010 825 1153 897 gentiles:
1166 824 1212 878 Dii
1223 823 1279 894 ipsi
1292 822 1430 894 injuriam
1441 838 1526 877 suam
1536 821 1695 877 vindicent.

87 924 156 966 eum
177 911 268 981 impio
288 915 359 966 sunt
376 911 463 966 eliam
482 912 641 982 impietatis
664 913 808 984 exempla.
864 911 936 978 Quis
953 913 1042 968 habet
1057 911 1245 984 Syuagogam
1259 912 1435 967 vindicaret
1457 910 1595 965 Christus
1610 926 1697 982 quem

85 998 119 1055 lli
133 1000 242 1068 nocuit,
260 1015 319 1071 quo
340 1000 436 1055 rietus
452 999 572 1056 offendit
585 1017 592 1071 3
609 1000 665 1058 hoc
685 1017 745 1057 non
759 1017 810 1057 se·
864 1001 1046 1071 occiderunt,
1063 1003 1369 1073 quemnegaveiunl‘?
1384 1001 1430 1054 An
1444 1001 1524 1055 Deus
1535 1001 1622 1054 Pater
1633 1001 1698 1054 vin-

85 1087 140 1158 bet,
156 1088 209 1143 sed
225 1088 375 1159 damnare,
397 1089 446 1161 qui
463 1090 543 1144 vicit.
863 1089 973 1145 dicabit
985 1105 1050 1159 eos,
1067 1089 1118 1162 qui
1134 1105 1189 1145 nec
1205 1091 1321 1145 Patrem
1336 1089 1491 1161 recipiunt,
1504 1089 1573 1144 dum
1590 1088 1696 1144 Filium

86 1179 174 1248 taque
185 1175 233 1231 illa
243 1177 364 1233 tibinon
374 1177 463 1249 quasi
473 1178 746 1250 ingratorecensui,
756 1179 811 1235 sed
864 1176 1698 1249 nanreceperunthuishabelValentinianorumhoere·

85 1265 142 1332 inre
157 1265 262 1320 collata
277 1268 451 1336 numeravi3
467 1270 498 1321 ut
513 1267 561 1322 bis
569 1267 751 1339 admonitus,
762 1267 809 1323 cui
862 1267 920 1322 sim
934 1266 1103 1337 vindicarc3
1118 1284 1207 1339 quam
1223 1268 1318 1338 pietas
1332 1271 1381 1323 tua
1396 1268 1544 1339 quomodo
1555 1268 1695 1338 vindieat,

85 1353 197 1411 illatam
211 1357 259 1409 est
268 1355 318 1426 (5),
331 1356 398 1426 plus
409 1356 528 1427 diligas.
546 1357 679 1429 Denique
690 1357 747 1412 boc
762 1373 812 1412 re·
863 1372 930 1411 cum
941 1372 994 1412 eos
1005 1356 1256 1428 excludip'usserit
1266 1357 1315 1428 (9),
1328 1373 1383 1412 nec
1394 1357 1589 1412 conveniendi
1604 1373 1695 1411 usur-

85 1443 136 1498 uiti
159 1443 271 1498 Simoni
291 1444 366 1498 dixit
387 1445 530 1499 Dominus
552 1444 659 1501 lesus:
684 1467 696 1492 a
720 1447 811 1501 Recte
862 1461 933 1517 pare
948 1444 1062 1516 copiam
1076 1445 1103 1516 (1
1111 1445 1133 1498 V
1145 1445 1218 1517 llep.
1231 1446 1361 1516 xxii,⁶2)‘?
1375 1446 1406 1502 Si
1422 1446 1536 1502 losiam
1555 1445 1608 1500 tibi
1623 1444 1696 1517 obji-

85 1531 117 1588 ill
131 1531 212 1602 (Lac.
229 1549 280 1602 vii,
297 1532 354 1603 ta).
373 1556 384 1581 i
406 1534 569 1605 Statimque
588 1549 755 1589 conversus
775 1535 811 1589 ad
863 1534 938 1589 ciam
954 1550 1056 1606 regern
1071 1535 1132 1588 Deo
1148 1534 1313 1607 probatum,
1331 1535 1388 1590 boc
1404 1535 1434 1589 in
1450 1535 1518 1590 istis
1527 1535 1693 1606 damnabis,

85 1634 131 1676 em
145 1636 212 1692 quae
228 1621 320 1692 pedes
340 1620 408 1693 ejus
428 1626 581 1694 unguento
601 1623 694 1694 unxit,
710 1626 811 1695 typum
863 1622 940 1694 quod
956 1623 986 1677 in
1000 1622 1050 1677 illo
1066 1621 1222 1693 probatum
1237 1625 1293 1679 est.

85 1709 258 1782 ingerens,
273 1710 313 1764 ait
328 1709 457 1766 Simoni:
483 1711 635 1783 irreptor
650 1713 729 1785 quod
743 1712 810 1768 dico
898 1711 942 1767 Ὦ.
972 1709 1058 1766 Certe
1086 1711 1112 1765 si
1142 1711 1214 1765 milii
1238 1727 1341 1782 parum
1366 1712 1435 1767 ildei
1458 1711 1599 1783 defertur,
1620 1712 1695 1786 jube

85 1799 196 1855 emissa
218 1802 289 1854 sunt
311 1802 432 1870 peccata
456 1799 524 1872 ejus
546 1801 647 1872 multa,
672 1801 812 1873 quoniam
822 1833 848 1898 Β
863 1800 971 1857 adesse
986 1815 1063 1872 quos
1077 1800 1228 1871 putaveris
1243 1801 1419 1872 episcopos;
1437 1803 1587 1871 tractetur,
1604 1802 1696 1875 impe·

93 1888 227 1943 multum.
244 1887 299 1943 Cui
311 1892 408 1944 aulem
422 1889 519 1944 minus
532 1888 695 1961 dimittitur,
712 1890 811 1946 minus
863 1892 953 1961 rator,
969 1888 1040 1961 quid
1054 1888 1138 1944 salva
1152 1888 1210 1944 llde
1225 1890 1274 1961 agi
1290 1888 1405 1946 debeat.
1426 1888 1457 1944 Si
1473 1889 1509 1946 de
1525 1890 1626 1946 causis
1641 1905 1695 1962 pe·

87 1975 176 2050 (ibid.
192 1977 249 2048 tr).
269 2001 280 2025 n
299 1977 371 2032 llaec
385 1980 431 2033 est
446 1978 552 2033 mulier
567 1995 633 2051 quae
648 1980 678 2034 in
692 1980 811 2035 domum
863 1977 1006 2034 cuniariis
1021 1977 1145 2032 comites
1169 1981 1237 2033 laos
1259 1979 1403 2049 consulis,
1420 1982 1529 2050 quanto
1548 1980 1644 2053 magis
1663 1981 1695 2037 in

85 2066 122 2122 aei
135 2066 265 2135 intravit,
280 2064 370 2137 eiecit
384 2066 531 2135 luceam,
547 2066 698 2123 Christum
712 2072 809 2125 autam
863 2082 954 2122 causa
962 2066 1117 2139 religionis
1129 2067 1303 2122 sacerdotes
1312 2067 1429 2123 Domini
1439 2083 1558 2140 aequum
1566 2072 1612 2125 est
1623 2084 1693 2126 coa·

85 2153 147 2210 titt.
165 2154 300 2210 Ecclesia
314 2157 391 2210 enim
408 2156 598 2229 synagogam
608 2159 746 2229 exclusit,
759 2174 813 2214 cur
862 2155 966 2211 aulas?

99 2247 237 2313 tentatur,
253 2247 284 2298 ut
298 2244 375 2314 apud
389 2244 501 2299 Christi
517 2245 669 2316 famulum,
681 2246 738 2302 boc
754 2250 810 2318 est,
897 2243 1126 2301 28.Conaideiet
1141 2244 1353 2300 clementiatua
1364 2247 1491 2317 quantos
1503 2246 1695 2305 insidiatores

85 2333 372 2403 lorelidei,dedomc
383 2332 494 2388 Christi
504 2332 664 2408 Synagoga
674 2337 813 2392 excludat
861 2331 1696 2405 habeatEcclesia,quantosexploratores:levemrimam

85 2423 169 2478 iam?
862 2423 889 2477 si
903 2420 1090 2487 offenderint,
1105 2422 1197 2495 llgeat
1212 2423 1357 2479 aculeum.
1373 2422 1541 2479 Secundum
1558 2424 1695 2482 homines

85 2510 147 2567 lec
163 2527 230 2583 ego,
247 2512 416 2583 imperator,
432 2527 533 2569 amore
552 2516 581 2569 at
601 2513 700 2569 studio
718 2514 761 2569 tui
782 2514 812 2570 in
861 2512 983 2584 loquor:
1005 2514 1145 2567 caeterum
1160 2512 1228 2582 ptus
1243 2511 1414 2567 bominibus
1429 2511 1486 2582 (10)
1503 2513 1582 2569 Deus
1609 2515 1695 2571 lime-

85 2601 810 2675 srmonemcontuli.Debeoenimbenellciistuis,
862 2604 923 2672 tur,
946 2601 999 2673 qui
1017 2601 1105 2658 etiam
1128 2599 1357 2672 imperatoribus
1379 2600 1448 2673 jura
1471 2602 1638 2673 proeierlur.
1662 2605 1694 2659 Si

85 2706 100 2762 l,
114 2706 162 2746 me
176 2693 302 2761 patente,
318 2690 453 2745 liberasti
466 2690 611 2762 plurimos
630 2691 667 2747 de
681 2693 811 2765 exsiliis,
863 2691 959 2746 amico
980 2689 1099 2762 aliquis,
1115 2689 1143 2744 si
1166 2689 1280 2760 parenti
1300 2692 1350 2745 aut
1368 2690 1534 2762 propinquo
1558 2692 1695 2749 deleren-

85 2780 212 2849 ceribus,
230 2780 265 2834 da
281 2780 390 2834 ultimae
406 2781 490 2836 necis
504 2783 603 2852 poeuis
618 2781 674 2851 (Cl3
691 2772 766 2838 954
782 2786 813 2838 ut
864 2779 933 2835 dum
953 2779 1111 2848 existimat,
1134 2782 1214 2833 recte
1239 2794 1296 2851 ego
1316 2781 1345 2833 ct
1359 2778 1554 2836 deferendum
1578 2783 1650 2853 Deo,
1666 2786 1696 2838 et

85 2869 202 2925 debeam
217 2885 269 2938 pro
286 2869 380 2924 salute
396 2871 445 2924 tua
460 2871 547 2924 etiam
557 2868 753 2926 allencionem
768 2873 810 2927 tui
864 2884 931 2924 eum
946 2866 1003 2939 (ll)
1019 2867 1236 2939 praeterendum
1251 2868 1389 2923 omnibus
1404 2867 1549 2940 judicari.
1564 2870 1697 2928 Consule

96 2974 156 3014 nou
178 2959 282 3013 timere
310 2959 409 3029 (namo
432 2958 546 3031 majore
574 2959 682 3015 llducia
710 2961 811 3033 ulitur,
865 2958 928 3027 tibi,
945 2959 1113 3029 imperator,
1130 2959 1180 3011 aut
1193 2960 1293 3027 patere
1308 2971 1354 3012 naa
1368 2959 1527 3015 consulere
1543 2960 1624 3016 mibi.

85 3048 184 3120 quiex
199 3046 304 3102 affectu
321 3047 433 3119 diligit:
459 3063 546 3103 nemo
562 3052 642 3104 certe
657 3048 745 3105 debat
758 3050 812 3105 lae·
900 3046 945 3101 ιθ.
956 3044 1031 3111 Quid
1042 3045 1230 3116 respondebo
1242 3049 1354 3118 postea,
1366 3047 1394 3102 si
1405 3051 1587 3119 compertum
1597 3050 1697 3121 faerit,

85 3136 128 3210 lai
142 3136 201 3192 sibi
216 3136 355 3198 consulit)
371 3140 623 3193 catalaunorum
639 3142 812 3210 conceptam
865 3135 932 3190 duta
955 3135 1025 3190 hinc
1048 3135 1231 3205 auctoritate,
1246 3134 1363 3206 aliquos
1388 3135 1625 3193 Christianorum
1649 3143 1699 3194 aut

85 3241 187 3297 unque
203 3226 368 3281 sacerdotis
382 3226 421 3296 (l)
441 3228 566 3298 gratiam
585 3242 644 3283 uno
664 3230 812 3284 momento
828 3196 975 3298 cgladio,
989 3226 1041 3280 aut
1055 3222 1198 3294 fustibus,
1214 3226 1264 3279 aut
1279 3223 1426 3294 plumbeis
1447 3227 1595 3282 necatos‘l
1616 3225 1698 3292 Quo-

85 3330 119 3371 m.
137 3315 173 3370 Et
185 3318 283 3369 lameri
299 3330 358 3370 uon
374 3316 513 3370 damnum
533 3316 636 3387 gratioe
657 3317 810 3389 deprecor,
866 3312 1699 3387 modobocpurgaboiactum?Quomodoexousaboapud

86 3404 156 3459 lutis
170 3404 334 3475 pei-iculum
348 3404 397 3474 (8).
867 3403 1036 3475 episcopos,
1046 3402 1096 3474 qui
1112 3417 1191 3458 nunc
1206 3403 1274 3474 quia
1289 3417 1343 3474 per
1352 3402 1471 3475 triginta
1487 3403 1699 3462 etinnumeros

85 3490 248 3565 Quanquam
262 3498 404 3565 quantum
419 3497 475 3566 est,
492 3494 661 3567 imperator,
677 3497 710 3552 ut
729 3512 814 3569 quoe-
867 3490 1139 3565 annospresbylari
1150 3490 1268 3564 quidam
1278 3490 1335 3563 (la)
1346 3483 1420 3547 955
1431 3491 1526 3565 gradu
1537 3492 1639 3566 iuncti,
1652 3491 1700 3551 vel

85 3632 143 3691 lota
158 3633 208 3690 illa
222 3635 372 3707 pericope,
388 3658 398 3687 i
416 3636 606 3693 defensorem
621 3637 746 3695 islam...
762 3655 817 3711 pro
868 3635 976 3692 ricrem
991 3649 1155 3708 possumus
1169 3634 1357 3716 interpretari
1368 3632 1418 3690 illo
1435 3651 1546 3693 sensu:
1561 3658 1573 3684 «
1589 3633 1635 3693 Ne
1650 3653 1700 3695 cu·

85 3707 189 3763 oribus
204 3711 338 3762 mortuus
350 3710 406 3779 est,
425 3730 436 3758 ι
454 3709 484 3763 in
499 3724 558 3765 uno
568 3709 634 3764 eod.
649 3710 724 3783 Reg.
735 3711 816 3766 desi·
864 3705 1218 3780 juscuaquesaoerdotis,
1229 3704 1700 3779 »idast,oinniumepiscoporum

85 3792 117 3834 r:
134 3777 210 3834 sorte
225 3794 285 3834 non
300 3778 385 3834 male.
868 3779 1005 3861 gratiam,
1020 3791 1078 3902 qua
1091 3776 1154 3859 iam
1167 3792 1185 3831 a
1199 3779 1242 3859 tot
1265 3777 1351 3832 annis
1372 3778 1538 3849 principum
1553 3779 1700 3837 adversus

85 3864 167 3922 iong.
182 3850 261 3918 cod,
278 3849 432 3923 Scytbiier
446 3850 553 3906 melius
568 3850 628 3919 alii,
644 3850 814 3923 atquaedit.
867 3865 938 3905 reos
953 3848 1024 3904 indu
1037 3851 1166 3920 gentiam
1180 3848 1314 3903 oblinere
1329 3848 1436 3919 solent,
1452 3850 1592 3906 amittam.

85 3936 100 3991 i,
114 3921 194 3993 quod
208 3936 315 3977 nomen
331 3921 406 3976 male
422 3922 564 3977 scribitur
578 3923 608 3978 in
622 3922 691 3978 edit.
708 3925 814 3988 Sirim,-
903 3920 943 3991 (8)
956 3918 1041 3975 Cclb.
1057 3917 1135 3988 cod,
1153 3941 1164 3966 α
1183 3919 1218 3974 Ει
1237 3922 1334 3974 lamen
1348 3920 1459 3975 donum
1474 3923 1578 3994 gratim
1594 3922 1702 3994 depre-

85 3990 139 4047 iim
154 3991 252 4047 Siscia
269 3992 358 4047 sedes
370 3993 550 4063 episcopalis
561 4008 620 4048 non
630 3994 773 4066 ignobilis
784 3995 814 4050 iii
869 4008 930 4047 cor.
948 3991 1007 4047 Sed
1016 3990 1122 4045 salutis
1134 3989 1297 4060 periculum
1308 3995 1514 4062 quantumest,
1531 3992 1569 4047 im
1593 3997 1701 4064 arator,

85 4061 133 4119 aia
148 4063 313 4132 superiore.
331 4062 410 4118 lnlra
424 4079 506 4133 vero,
519 4063 683 4120 ubiomues
699 4066 768 4120 edit.
780 4082 815 4121 ac
869 4067 900 4118 ιιι
914 4061 1110 4135 quaerendum
1128 4064 1178 4116 aut
1196 4061 1416 4144 vindicandum,
1435 4086 1447 4111 i
1465 4067 1520 4119 etc.
1537 4011 1617 4120 Infra
1630 4081 1702 4121 vero

88 4133 292 4206 pluresmss.,
312 4156 323 4182 ι
341 4138 369 4188 et
391 4150 448 4205 quo
470 4136 568 4190 victus
591 4134 740 4191 offendit»
765 4138 814 4193 alii
868 4133 1161 4205 proilldemluam,
1182 4156 1193 4182 a
1214 4133 1292 4187 idem
1312 4149 1368 4188 ms.
1386 4134 1475 4190 babet
1504 4135 1626 4192 «ssdem
1646 4152 1702 4193 no·

85 4208 170 4277 tproe
185 4221 219 4261 ae
235 4206 342 4287 lerunt,
357 4208 409 4260 «le
421 4222 537 4277 quoque
548 4208 645 4262 victus
656 4206 786 4262 otl'endit.
801 4232 813 4256 a
868 4208 971 4261 stram.
991 4228 1002 4254 a
1477 4178 1485 4207 ⁹

85 4276 188 4333 basiis
203 4276 336 4331 nonnihil
352 4277 501 4332 obscurus
517 4278 554 4333 ob
579 4279 739 4334 verborum
754 4283 815 4333 tra-
904 4276 943 4346 (9)
960 4277 1035 4349 Bag.
1052 4274 1119 4331 eod.
1132 4291 1243 4343 unus«
1262 4291 1428 4348 quanquam
1438 4293 1499 4348 prae
1509 4279 1626 4333 caeteris
1637 4278 1702 4349 ipae

85 4362 152 4418 iem,
177 4365 244 4420 quae
265 4351 297 4403 ut
318 4347 436 4403 facilius
460 4349 655 4419 explicentur,
674 4350 713 4404 ila
734 4350 816 4405 erili·
868 4351 917 4402 tua
934 4347 1314 4417 quomodoviridicas,cum
1326 4347 1698 4419 eosaxcludijusseiis3·

93 4421 183 4476 sunt:
205 4440 217 4470 i
234 4422 265 4474 ιιι
287 4418 355 4489 plus
380 4418 499 4491 diligas,
515 4420 564 4475 cui
586 4421 655 4491 plus
676 4422 815 4476 collatum
867 4419 974 4490 reliqui
990 4433 1064 4474 mss.
1085 4422 1113 4473 el
1129 4433 1232 4543 agones
1248 4419 1317 4542 Ἑιιίῗ.
1335 4418 1410 4472 utin
1427 4420 1518 4487 textu,
1534 4418 1592 4474 nisi
1608 4415 1699 4543 qgod,

85 4561 132 4618 lec
142 4560 326 4633 temporibus
335 4560 456 4644 relatam
467 4563 502 4617 de
516 4561 649 4635 Eugeaio
660 4563 815 4619 victoriam
830 4560 857 4626 D
869 4489 1148 4617 ssaelgffiogxosffiilt
1161 4503 1263 4641 ffirceos
1274 4492 1701 4643 iegggiffifioqlurtigugenhooegjeti

85 4632 305 4689 aldermannus
324 4634 464 4701 attribuit,
480 4635 570 4704 alque
593 4634 702 4689 multos
720 4635 816 4690 sancti
870 4633 979 4706 quibas
990 4629 1703 4711 omniumhaereticommconventiculaprohibita

84 4704 132 4760 itis
153 4709 258 4777 rogatu
282 4704 320 4758 ab
345 4704 443 4771 exilio,
462 4708 491 4759 et
512 4709 645 4760 extremo
668 4706 815 4776 supplicio
870 4708 950 4774 sunt,
966 4703 1035 4759 licet
1049 4703 1109 4757 illic
1125 4700 1320 4756 Valentiniani
1346 4701 1500 4772 speciatim
1523 4718 1582 4758 non
1605 4702 1702 4758 nomi-

85 4790 126 4832 os
139 4791 220 4831 esse.
238 4775 347 4830 Verum
363 4776 646 4847 praeterquamquod
662 4791 699 4831 ex
709 4776 816 4832 Oresio
869 4780 986 4832 nactur.

85 4846 817 4930 ato'lbeodcsiumvictoriasuaolemenlerusum
906 4847 963 4916 llll)
988 4843 1063 4900 Mss.
1091 4856 1150 4898 uon
1182 4842 1278 4915 pauci.
1312 4839 1493 4899 iCaeterum
1515 4845 1583 4916 plus
1610 4845 1703 4902 omni·

85 4918 369 5060 fficffiffiasagig
371 4917 645 5044 grlllffelddczssbrlg?
647 4919 818 5061 ¹331?ss
869 4917 969 5057 Μιεῖιῑ
979 4918 1053 5043 ιῗέε.
1068 4984 1180 5058 aliquot
1203 5008 1215 5033 α
1232 4983 1258 5040 si
1266 4984 1361 5041 amico
1373 5003 1428 5042 suo
1441 4985 1542 5059 aliqui,
1554 4987 1580 5044 si
1589 4990 1703 5061 parenti

85 5076 145 5117 rum
161 5076 240 5130 esse,
258 5064 289 5115 ut
304 5077 356 5131 pro
372 5061 491 5115 miseris
503 5061 696 5131 imperatores
713 5076 819 5117 conve·
871 5063 920 5127 aiil
934 5072 987 5185 gro
1009 5072 1099 5129 inquo
1112 5074 1120 5127 3
1131 5027 1327 5140 'deferendum
1344 5058 1415 5127 Deo,
1431 5062 1552 5141 etcum,
1570 5084 1581 5109 i
1599 5064 1655 5116 etc.

105 5146 165 5189 non
190 5133 283 5186 semel
305 5149 321 5184 a
344 5133 432 5187 nobis
454 5132 645 5187 observatum
669 5136 716 5188 est
737 5133 817 5203 apud
906 5130 931 5197 (l
954 5137 963 5198 )
1002 5144 1041 5184 on
1052 5144 1137 5200 pauci
1150 5145 1259 5198 mss.,·
1278 5129 1456 5200 presbyterii
1466 5132 1594 5201 quidam,
1614 5155 1625 5181 i
1644 5135 1700 5188 cle.

85 5205 186 5272 ιοίιιιιι,
202 5206 232 5259 et
245 5220 283 5258 eii
298 5202 433 5274 pluribus
449 5205 607 5275 Augustini
619 5203 754 5275 epistolis
765 5204 816 5259 ad·
870 5199 1702 5272 Curireporrociliciumolcricismaximeonerosumernt,

97 5272 176 5331 licet.
871 5271 1110 5346 quandoquidem
1124 5272 1161 5326 ad
1175 5270 1247 5351 illud
1262 5271 1449 5342 tributorum,
1467 5289 1502 5328 ac
1517 5274 1703 5344 publicorum

85 5349 179 5403 taines
189 5345 270 5415 edit,
285 5367 296 5395 i
309 5345 516 5418 cujuscunque
528 5346 702 5414 sacerdotii,
717 5362 815 5402 imss.
872 5341 1596 5413 oedillcioiumcuraperliaebat.Onerosiustamen
1605 5342 1701 5398 adhuc

86 5418 166 5474 rasio
202 5433 273 5488 rope
288 5418 325 5472 ad
341 5433 441 5487 unum,
458 5438 468 5466 ι
487 5417 694 5490 cujuscunque
712 5432 816 5473 sacer·
872 5417 991 5486 inisset,
1003 5414 1030 5471 si
1041 5415 1209 5486 spectacula
1222 5413 1345 5486 prolana
1356 5430 1460 5470 curare
1471 5415 1598 5470 elericos
1613 5427 1703 5484 opor-

92 5509 106 5541 ι
128 5433 245 5555 Quibus
272 5489 354 5559 prior
376 5489 463 5544 lectio
488 5490 584 5562 magis
608 5491 752 5557 arriserit,
778 5490 817 5543 ita
872 5488 991 5558 luisset,
1006 5489 1039 5542 ut
1051 5485 1242 5542 Innocentius
1257 5485 1286 5556 l,
1303 5485 1443 5541 decretali
1458 5501 1513 5541 sua
1526 5485 1562 5539 ad
1578 5485 1700 5539 Victric.

85 5563 167 5635 gant:
189 5560 233 5616 Ne
249 5560 320 5615 inihi
340 5563 538 5632 comparatam
557 5560 725 5616 sacerdotio
740 5575 817 5631 iiico,
873 5557 1012 5615 Rollioin.
1039 5572 1103 5630 cap.
1126 5556 1161 5613 13
1182 5558 1252 5614 edit.
1276 5559 1400 5627 Quosn,
1424 5558 1494 5612 itam
1515 5555 1601 5636 epist.
1626 5552 1643 5609 l
1666 5550 1705 5610 ad

85 5646 185 5705 unque
201 5630 274 5690 illud
288 5633 337 5703 sit,
353 5632 418 5690 sive
432 5632 556 5706 dignum
571 5631 636 5688 sive
652 5630 817 5704 indignum,
872 5628 985 5688 Nucer.
1002 5644 1067 5702 cap.
1082 5628 1110 5699 3,
1129 5631 1167 5685 et.
1183 5643 1199 5686 a
1221 5624 1585 5711 eleemomosynam
1600 5623 1704 5709 Pelet„

85 5703 443 5767 metlavoreuianiittaai.
456 5703 820 5784 Lectioaemieroposte·
872 5646 1707 5783 videtui-significare.lfrcbabiliasbmeaestiatelligen·
