<?xml version="1.0" encoding="UTF-8"?>
<!DOCTYPE html PUBLIC "-//W3C//DTD XHTML 1.0 Transitional//EN"
    "http://www.w3.org/TR/xhtml1/DTD/xhtml1-transitional.dtd">
<html xmlns="http://www.w3.org/1999/xhtml" xml:lang="en" lang="en">
 <head>
  <title>
</title>
<meta http-equiv="Content-Type" content="text/html;charset=utf-8" />
  <meta name='ocr-system' content='tesseract 3.04.00' />
  <meta name='ocr-capabilities' content='ocr_page ocr_carea ocr_par ocr_line ocrx_word'/>
</head>
<body>
  <div class='ocr_page' id='page_1' title='image "./patrologiaecurs70unkngoog_0517.png"; bbox 0 0 3900 6128; ppageno 0'>
   <div class='ocr_carea' id='block_1_1' title="bbox 106 286 184 355">
    <p class='ocr_par' dir='ltr' id='par_1_1' title="bbox 106 286 184 355">
     <span class='ocr_line' id='line_1_1' title="bbox 106 286 184 355; baseline -0.026 0"><span class='ocrx_word' id='word_1_1' title='bbox 106 286 184 355; x_wconf 83' lang='lat' dir='ltr'><strong>mat</strong></span> 
     </span>
    </p>
   </div>
   <div class='ocr_carea' id='block_1_2' title="bbox 834 244 1181 346">
    <p class='ocr_par' dir='ltr' id='par_1_2' title="bbox 834 244 1181 346">
     <span class='ocr_line' id='line_1_2' title="bbox 834 244 1181 346; baseline 0 -2"><span class='ocrx_word' id='word_1_2' title='bbox 834 271 1112 346; x_wconf 77' lang='grc'>1111111111</span> <span class='ocrx_word' id='word_1_3' title='bbox 1178 244 1181 255; x_wconf 86' lang='lat'>&#39;</span> 
     </span>
    </p>
   </div>
   <div class='ocr_carea' id='block_1_3' title="bbox 1758 282 1837 348">
    <p class='ocr_par' dir='ltr' id='par_1_3' title="bbox 1758 282 1837 348">
     <span class='ocr_line' id='line_1_3' title="bbox 1758 282 1837 348; baseline 0.025 -2"><span class='ocrx_word' id='word_1_4' title='bbox 1758 282 1837 348; x_wconf 73' lang='lat' dir='ltr'><strong>mea</strong></span> 
     </span>
    </p>
   </div>
   <div class='ocr_carea' id='block_1_4' title="bbox 110 447 1836 558">
    <p class='ocr_par' dir='ltr' id='par_1_4' title="bbox 110 447 1836 558">
     <span class='ocr_line' id='line_1_4' title="bbox 110 447 1836 558; baseline -0.002 -15"><span class='ocrx_word' id='word_1_5' title='bbox 110 487 160 558; x_wconf 90' lang='lat' dir='ltr'><strong>sit,</strong></span> <span class='ocrx_word' id='word_1_6' title='bbox 175 487 205 542; x_wconf 90' lang='lat' dir='ltr'><strong>et</strong></span> <span class='ocrx_word' id='word_1_7' title='bbox 220 484 286 540; x_wconf 90' lang='lat' dir='ltr'><strong>sine</strong></span> <span class='ocrx_word' id='word_1_8' title='bbox 306 482 439 554; x_wconf 89' lang='lat' dir='ltr'><strong>periculo</strong></span> <span class='ocrx_word' id='word_1_9' title='bbox 463 481 656 538; x_wconf 89' lang='lat' dir='ltr'><strong>domesticam</strong></span> <span class='ocrx_word' id='word_1_10' title='bbox 680 480 820 554; x_wconf 85' lang='lat' dir='ltr'><strong>injuriam</strong></span> <span class='ocrx_word' id='word_1_11' title='bbox 836 496 895 536; x_wconf 91' lang='lat' dir='ltr'><strong>non</strong></span> <span class='ocrx_word' id='word_1_12' title='bbox 910 479 945 535; x_wconf 93' lang='lat' dir='ltr'><strong>li·</strong></span> <span class='ocrx_word' id='word_1_13' title='bbox 963 460 993 521; x_wconf 62' lang='grc' dir='ltr'><strong>Α</strong></span> <span class='ocrx_word' id='word_1_14' title='bbox 1039 479 1083 537; x_wconf 65' lang='grc'><strong>18.</strong></span> <span class='ocrx_word' id='word_1_15' title='bbox 1114 447 1177 537; x_wconf 81' lang='lat' dir='ltr'><strong>Sed</strong></span> <span class='ocrx_word' id='word_1_16' title='bbox 1197 480 1310 538; x_wconf 89' lang='lat' dir='ltr'><strong>utinam</strong></span> <span class='ocrx_word' id='word_1_17' title='bbox 1336 497 1424 555; x_wconf 85' lang='lat' dir='ltr'><strong>qnam</strong></span> <span class='ocrx_word' id='word_1_18' title='bbox 1452 482 1539 539; x_wconf 83' lang='lat' dir='ltr'><strong>tortis</strong></span> <span class='ocrx_word' id='word_1_19' title='bbox 1567 482 1599 539; x_wconf 89' lang='lat' dir='ltr'><strong>in</strong></span> <span class='ocrx_word' id='word_1_20' title='bbox 1621 482 1754 552; x_wconf 85' lang='lat' dir='ltr'><strong>hostem,</strong></span> <span class='ocrx_word' id='word_1_21' title='bbox 1782 486 1836 540; x_wconf 88' lang='lat' dir='ltr'><strong>tan</strong></span> 
     </span>
    </p>
   </div>
   <div class='ocr_carea' id='block_1_5' title="bbox 85 569 947 1707">
    <p class='ocr_par' dir='ltr' id='par_1_5' title="bbox 85 569 947 1707">
     <span class='ocr_line' id='line_1_5' title="bbox 112 569 946 640; baseline -0.007 -10"><span class='ocrx_word' id='word_1_22' title='bbox 112 575 206 630; x_wconf 90' lang='lat' dir='ltr'><strong>cuerit</strong></span> <span class='ocrx_word' id='word_1_23' title='bbox 216 573 342 629; x_wconf 75' lang='lat' dir='ltr'><strong>ulcisci?</strong></span> <span class='ocrx_word' id='word_1_24' title='bbox 357 572 520 626; x_wconf 82' lang='lat' dir='ltr'><strong>&#39;l&#39;antumne</strong></span> <span class='ocrx_word' id='word_1_25' title='bbox 531 571 680 626; x_wconf 90' lang='lat' dir='ltr'><strong>inclinatis</strong></span> <span class='ocrx_word' id='word_1_26' title='bbox 690 571 805 627; x_wconf 89' lang='lat' dir='ltr'><strong>animos</strong></span> <span class='ocrx_word' id='word_1_27' title='bbox 816 569 852 624; x_wconf 92' lang='lat' dir='ltr'><strong>ad</strong></span> <span class='ocrx_word' id='word_1_28' title='bbox 862 573 946 640; x_wconf 92' lang='lat' dir='ltr'><strong>turpe</strong></span> 
     </span>
     <span class='ocr_line' id='line_1_6' title="bbox 110 659 945 732; baseline -0.006 -13"><span class='ocrx_word' id='word_1_29' title='bbox 110 663 302 719; x_wconf 85' lang='lat' dir='ltr'><strong>vernularum</strong></span> <span class='ocrx_word' id='word_1_30' title='bbox 313 660 488 732; x_wconf 83' lang='lat' dir='ltr'>obsequium</span> <span class='ocrx_word' id='word_1_31' title='bbox 502 676 510 730; x_wconf 79' lang='lat'>3</span> <span class='ocrx_word' id='word_1_32' title='bbox 526 663 557 715; x_wconf 92' lang='lat' dir='ltr'><strong>ut</strong></span> <span class='ocrx_word' id='word_1_33' title='bbox 572 663 764 716; x_wconf 75' lang='lat' dir='ltr'><strong>exsecutores</strong></span> <span class='ocrx_word' id='word_1_34' title='bbox 774 675 830 714; x_wconf 86' lang='lat' dir='ltr'><strong>vos</strong></span> <span class='ocrx_word' id='word_1_35' title='bbox 841 659 945 714; x_wconf 83' lang='lat' dir='ltr'><strong>alienae</strong></span> 
     </span>
     <span class='ocr_line' id='line_1_7' title="bbox 112 749 945 825; baseline -0.01 -16"><span class='ocrx_word' id='word_1_36' title='bbox 112 752 264 825; x_wconf 76' lang='lat' dir='ltr'><strong>prebeatis</strong></span> <span class='ocrx_word' id='word_1_37' title='bbox 275 750 454 819; x_wconf 75' lang='lat' dir='ltr'><strong>insolentiae,</strong></span> <span class='ocrx_word' id='word_1_38' title='bbox 467 752 554 821; x_wconf 90' lang='lat' dir='ltr'><strong>utque</strong></span> <span class='ocrx_word' id='word_1_39' title='bbox 570 750 600 804; x_wconf 91' lang='lat' dir='ltr'><strong>in</strong></span> <span class='ocrx_word' id='word_1_40' title='bbox 614 751 731 804; x_wconf 91' lang='lat' dir='ltr'><strong>vosmet</strong></span> <span class='ocrx_word' id='word_1_41' title='bbox 745 749 829 819; x_wconf 89' lang='lat' dir='ltr'><strong>ipsos</strong></span> <span class='ocrx_word' id='word_1_42' title='bbox 844 749 945 802; x_wconf 87' lang='lat' dir='ltr'><strong>verta·</strong></span> 
     </span>
     <span class='ocr_line' id='line_1_8' title="bbox 109 834 947 910; baseline -0.012 -11"><span class='ocrx_word' id='word_1_43' title='bbox 109 841 288 899; x_wconf 80' lang='lat' dir='ltr'><strong>tismanus?</strong></span> <span class='ocrx_word' id='word_1_44' title='bbox 302 839 334 895; x_wconf 92' lang='lat' dir='ltr'><strong>Si</strong></span> <span class='ocrx_word' id='word_1_45' title='bbox 342 837 525 910; x_wconf 88' lang='lat' dir='ltr'><strong>pereundum</strong></span> <span class='ocrx_word' id='word_1_46' title='bbox 544 840 600 906; x_wconf 91' lang='lat' dir='ltr'><strong>est,</strong></span> <span class='ocrx_word' id='word_1_47' title='bbox 623 837 692 908; x_wconf 90' lang='lat' dir='ltr'><strong>quia</strong></span> <span class='ocrx_word' id='word_1_48' title='bbox 706 836 840 892; x_wconf 93' lang='lat' dir='ltr'><strong>dolorem</strong></span> <span class='ocrx_word' id='word_1_49' title='bbox 855 834 947 890; x_wconf 90' lang='lat' dir='ltr'><strong>habui</strong></span> 
     </span>
     <span class='ocr_line' id='line_1_9' title="bbox 109 923 945 1001; baseline -0.012 -14"><span class='ocrx_word' id='word_1_50' title='bbox 109 932 246 1000; x_wconf 88' lang='lat' dir='ltr'><strong>liberum,</strong></span> <span class='ocrx_word' id='word_1_51' title='bbox 257 928 341 1001; x_wconf 84' lang='lat' dir='ltr'><strong>juvat</strong></span> <span class='ocrx_word' id='word_1_52' title='bbox 350 927 447 999; x_wconf 90' lang='lat' dir='ltr'><strong>perire</strong></span> <span class='ocrx_word' id='word_1_53' title='bbox 458 926 597 980; x_wconf 89' lang='lat' dir='ltr'><strong>manibus</strong></span> <span class='ocrx_word' id='word_1_54' title='bbox 616 924 853 979; x_wconf 83' lang='lat' dir='ltr'><strong>Palaestinorum.</strong></span> <span class='ocrx_word' id='word_1_55' title='bbox 870 923 945 978; x_wconf 89' lang='lat' dir='ltr'><strong>Ten·</strong></span> 
     </span>
     <span class='ocr_line' id='line_1_10' title="bbox 110 1012 945 1089; baseline -0.012 -13"><span class='ocrx_word' id='word_1_56' title='bbox 110 1020 294 1089; x_wconf 90' lang='lat' dir='ltr'><strong>tatadomus,</strong></span> <span class='ocrx_word' id='word_1_57' title='bbox 312 1016 468 1072; x_wconf 89' lang='lat' dir='ltr'><strong>sollicitata</strong></span> <span class='ocrx_word' id='word_1_58' title='bbox 488 1029 583 1069; x_wconf 90' lang='lat' dir='ltr'><strong>uxor:</strong></span> <span class='ocrx_word' id='word_1_59' title='bbox 601 1014 626 1068; x_wconf 90' lang='lat' dir='ltr'><strong>si</strong></span> <span class='ocrx_word' id='word_1_60' title='bbox 642 1028 702 1069; x_wconf 89' lang='lat' dir='ltr'><strong>non</strong></span> <span class='ocrx_word' id='word_1_61' title='bbox 717 1013 799 1067; x_wconf 91' lang='lat' dir='ltr'><strong>licuit</strong></span> <span class='ocrx_word' id='word_1_62' title='bbox 812 1013 884 1067; x_wconf 92' lang='lat' dir='ltr'><strong>mihi</strong></span> <span class='ocrx_word' id='word_1_63' title='bbox 898 1012 945 1066; x_wconf 89' lang='lat' dir='ltr'><strong>vi-</strong></span> 
     </span>
     <span class='ocr_line' id='line_1_11' title="bbox 111 1101 945 1174; baseline -0.011 -8"><span class='ocrx_word' id='word_1_64' title='bbox 111 1124 182 1166; x_wconf 90' lang='lat' dir='ltr'><strong>vere</strong></span> <span class='ocrx_word' id='word_1_65' title='bbox 198 1109 262 1163; x_wconf 91' lang='lat' dir='ltr'><strong>sine</strong></span> <span class='ocrx_word' id='word_1_66' title='bbox 291 1121 394 1161; x_wconf 91' lang='lat' dir='ltr'><strong>eorum</strong></span> <span class='ocrx_word' id='word_1_67' title='bbox 409 1104 523 1174; x_wconf 81' lang='lat' dir='ltr'><strong>froude,</strong></span> <span class='ocrx_word' id='word_1_68' title='bbox 548 1102 655 1158; x_wconf 89' lang='lat' dir='ltr'><strong>saltem</strong></span> <span class='ocrx_word' id='word_1_69' title='bbox 679 1102 768 1157; x_wconf 88' lang='lat' dir='ltr'><strong>liceat</strong></span> <span class='ocrx_word' id='word_1_70' title='bbox 788 1103 865 1156; x_wconf 91' lang='lat' dir='ltr'><strong>mori</strong></span> <span class='ocrx_word' id='word_1_71' title='bbox 880 1101 945 1157; x_wconf 87' lang='lat' dir='ltr'><strong>sine</strong></span> 
     </span>
     <span class='ocr_line' id='line_1_12' title="bbox 85 1190 946 1274; baseline -0.012 -18"><span class='ocrx_word' id='word_1_72' title='bbox 85 1261 91 1274; x_wconf 50' lang='grc'>,</span> <span class='ocrx_word' id='word_1_73' title='bbox 111 1195 378 1256; x_wconf 86' lang='lat' dir='ltr'><strong>meorumscelere.</strong></span> <span class='ocrx_word' id='word_1_74' title='bbox 387 1192 486 1248; x_wconf 86' lang='lat' dir='ltr'><strong>Retuli</strong></span> <span class='ocrx_word' id='word_1_75' title='bbox 500 1208 556 1265; x_wconf 91' lang='lat' dir='ltr'><strong>ego</strong></span> <span class='ocrx_word' id='word_1_76' title='bbox 567 1193 718 1261; x_wconf 90' lang='lat' dir='ltr'><strong>acceptam</strong></span> <span class='ocrx_word' id='word_1_77' title='bbox 724 1190 874 1262; x_wconf 80' lang='lat' dir='ltr'><strong>injuriam,</strong></span> <span class='ocrx_word' id='word_1_78' title='bbox 886 1204 946 1246; x_wconf 86' lang='lat' dir='ltr'><strong>noa</strong></span> 
     </span>
     <span class='ocr_line' id='line_1_13' title="bbox 111 1278 943 1353; baseline -0.012 -10"><span class='ocrx_word' id='word_1_79' title='bbox 111 1288 219 1344; x_wconf 82' lang='lat' dir='ltr'><strong>intulit</strong></span> <span class='ocrx_word' id='word_1_80' title='bbox 234 1286 294 1340; x_wconf 87' lang='lat' dir='ltr'><strong>Vos</strong></span> <span class='ocrx_word' id='word_1_81' title='bbox 311 1283 454 1339; x_wconf 87' lang='lat' dir='ltr'><strong>aestimate</strong></span> <span class='ocrx_word' id='word_1_82' title='bbox 479 1296 516 1336; x_wconf 88' lang='lat' dir='ltr'><strong>an</strong></span> <span class='ocrx_word' id='word_1_83' title='bbox 539 1281 629 1353; x_wconf 88' lang='lat' dir='ltr'><strong>digna</strong></span> <span class='ocrx_word' id='word_1_84' title='bbox 653 1279 830 1335; x_wconf 74' lang='lat' dir='ltr'>vicissitudo</span> <span class='ocrx_word' id='word_1_85' title='bbox 845 1278 943 1333; x_wconf 85' lang='lat' dir='ltr'><strong>tuerit.</strong></span> 
     </span>
     <span class='ocr_line' id='line_1_14' title="bbox 114 1366 946 1441; baseline -0.013 -9"><span class='ocrx_word' id='word_1_86' title='bbox 114 1378 159 1434; x_wconf 95' lang='lat' dir='ltr'><strong>llli</strong></span> <span class='ocrx_word' id='word_1_87' title='bbox 174 1377 210 1431; x_wconf 92' lang='lat' dir='ltr'><strong>de</strong></span> <span class='ocrx_word' id='word_1_88' title='bbox 225 1375 331 1429; x_wconf 89' lang='lat' dir='ltr'><strong>damno</strong></span> <span class='ocrx_word' id='word_1_89' title='bbox 347 1371 495 1426; x_wconf 80' lang='lat' dir='ltr'><strong>fructuum</strong></span> <span class='ocrx_word' id='word_1_90' title='bbox 504 1372 677 1441; x_wconf 88' lang='lat' dir='ltr'><strong>queruntur,</strong></span> <span class='ocrx_word' id='word_1_91' title='bbox 689 1383 746 1440; x_wconf 88' lang='lat' dir='ltr'><strong>ego</strong></span> <span class='ocrx_word' id='word_1_92' title='bbox 758 1369 794 1423; x_wconf 90' lang='lat' dir='ltr'><strong>de</strong></span> <span class='ocrx_word' id='word_1_93' title='bbox 805 1366 946 1440; x_wconf 77' lang='lat' dir='ltr'><strong>conjugis</strong></span> 
     </span>
     <span class='ocr_line' id='line_1_15' title="bbox 113 1456 946 1533; baseline -0.014 -12"><span class='ocrx_word' id='word_1_94' title='bbox 113 1465 294 1533; x_wconf 87' lang='lat' dir='ltr'><strong>amissione;</strong></span> <span class='ocrx_word' id='word_1_95' title='bbox 316 1460 450 1516; x_wconf 81' lang='lat' dir='ltr'><strong>conferte</strong></span> <span class='ocrx_word' id='word_1_96' title='bbox 470 1458 638 1528; x_wconf 90' lang='lat' dir='ltr'><strong>manipulos</strong></span> <span class='ocrx_word' id='word_1_97' title='bbox 652 1456 774 1527; x_wconf 89' lang='lat' dir='ltr'><strong>messis,</strong></span> <span class='ocrx_word' id='word_1_98' title='bbox 790 1459 819 1511; x_wconf 92' lang='lat' dir='ltr'><strong>et</strong></span> <span class='ocrx_word' id='word_1_99' title='bbox 834 1456 946 1511; x_wconf 89' lang='lat' dir='ltr'><strong>sociam</strong></span> 
     </span>
     <span class='ocr_line' id='line_1_16' title="bbox 111 1543 944 1618; baseline -0.017 -6"><span class='ocrx_word' id='word_1_100' title='bbox 111 1555 200 1612; x_wconf 88' lang='lat' dir='ltr'><strong>thori.</strong></span> <span class='ocrx_word' id='word_1_101' title='bbox 213 1552 352 1608; x_wconf 77' lang='lat' dir='ltr'><strong>Dolorem</strong></span> <span class='ocrx_word' id='word_1_102' title='bbox 362 1563 460 1604; x_wconf 90' lang='lat' dir='ltr'><strong>meum</strong></span> <span class='ocrx_word' id='word_1_103' title='bbox 468 1548 526 1617; x_wconf 93' lang='lat' dir='ltr'><strong>ipsi</strong></span> <span class='ocrx_word' id='word_1_104' title='bbox 538 1547 710 1618; x_wconf 77' lang='lat' dir='ltr'><strong>probarunt,</strong></span> <span class='ocrx_word' id='word_1_105' title='bbox 719 1545 808 1617; x_wconf 81' lang='lat' dir='ltr'><strong>cujus</strong></span> <span class='ocrx_word' id='word_1_106' title='bbox 817 1543 944 1616; x_wconf 80' lang='lat' dir='ltr'><strong>injurias</strong></span> 
     </span>
     <span class='ocr_line' id='line_1_17' title="bbox 113 1633 945 1707; baseline -0.013 -10"><span class='ocrx_word' id='word_1_107' title='bbox 113 1640 348 1699; x_wconf 86' lang='lat' dir='ltr'><strong>vindicaverunt.</strong></span> <span class='ocrx_word' id='word_1_108' title='bbox 360 1636 464 1691; x_wconf 89' lang='lat' dir='ltr'><strong>Videte</strong></span> <span class='ocrx_word' id='word_1_109' title='bbox 473 1650 531 1707; x_wconf 88' lang='lat' dir='ltr'><strong>quo</strong></span> <span class='ocrx_word' id='word_1_110' title='bbox 542 1634 768 1690; x_wconf 89' lang='lat' dir='ltr'><strong>vosministerio</strong></span> <span class='ocrx_word' id='word_1_111' title='bbox 779 1633 945 1705; x_wconf 90' lang='lat' dir='ltr'><strong>dignospu·</strong></span> 
     </span>
    </p>
   </div>
   <div class='ocr_carea' id='block_1_6' title="bbox 1001 570 1833 1708">
    <p class='ocr_par' dir='ltr' id='par_1_6' title="bbox 1001 570 1833 1335">
     <span class='ocr_line' id='line_1_18' title="bbox 1003 570 1833 644; baseline 0.006 -20"><span class='ocrx_word' id='word_1_112' title='bbox 1003 570 1172 627; x_wconf 86' lang='lat' dir='ltr'><strong>moderatus</strong></span> <span class='ocrx_word' id='word_1_113' title='bbox 1187 571 1218 627; x_wconf 93' lang='lat' dir='ltr'><strong>in</strong></span> <span class='ocrx_word' id='word_1_114' title='bbox 1232 572 1357 627; x_wconf 83' lang='lat' dir='ltr'><strong>victoria</strong></span> <span class='ocrx_word' id='word_1_115' title='bbox 1380 572 1497 629; x_wconf 84' lang='lat' dir='ltr'><strong>luisset.</strong></span> <span class='ocrx_word' id='word_1_116' title='bbox 1520 572 1631 627; x_wconf 88' lang='lat' dir='ltr'><strong>Verum</strong></span> <span class='ocrx_word' id='word_1_117' title='bbox 1655 573 1736 644; x_wconf 87' lang='lat' dir='ltr'><strong>quod</strong></span> <span class='ocrx_word' id='word_1_118' title='bbox 1753 571 1833 629; x_wconf 81' lang='lat' dir='ltr'><strong>tacite</strong></span> 
     </span>
     <span class='ocr_line' id='line_1_19' title="bbox 1002 660 1833 731; baseline 0.005 -17"><span class='ocrx_word' id='word_1_119' title='bbox 1002 675 1060 715; x_wconf 90' lang='lat' dir='ltr'><strong>usu</strong></span> <span class='ocrx_word' id='word_1_120' title='bbox 1087 661 1177 731; x_wconf 85' lang='lat' dir='ltr'><strong>venit,</strong></span> <span class='ocrx_word' id='word_1_121' title='bbox 1209 660 1344 717; x_wconf 90' lang='lat' dir='ltr'><strong>insolens</strong></span> <span class='ocrx_word' id='word_1_122' title='bbox 1372 677 1473 717; x_wconf 90' lang='lat' dir='ltr'><strong>rerum</strong></span> <span class='ocrx_word' id='word_1_123' title='bbox 1495 662 1698 717; x_wconf 86' lang='lat' dir='ltr'><strong>secundarum</strong></span> <span class='ocrx_word' id='word_1_124' title='bbox 1722 662 1833 718; x_wconf 87' lang='lat' dir='ltr'><strong>animos</strong></span> 
     </span>
     <span class='ocr_line' id='line_1_20' title="bbox 1002 746 1832 824; baseline 0.007 -24"><span class='ocrx_word' id='word_1_125' title='bbox 1002 746 1052 818; x_wconf 84' lang='lat' dir='ltr'><strong>qui</strong></span> <span class='ocrx_word' id='word_1_126' title='bbox 1063 747 1164 803; x_wconf 80' lang='lat' dir='ltr'>debuit</span> <span class='ocrx_word' id='word_1_127' title='bbox 1174 753 1312 805; x_wconf 90' lang='lat' dir='ltr'><strong>eventum</strong></span> <span class='ocrx_word' id='word_1_128' title='bbox 1322 766 1431 824; x_wconf 85' lang='lat' dir='ltr'><strong>pugnae</strong></span> <span class='ocrx_word' id='word_1_129' title='bbox 1442 751 1542 806; x_wconf 89' lang='lat' dir='ltr'><strong>divino</strong></span> <span class='ocrx_word' id='word_1_130' title='bbox 1552 749 1651 805; x_wconf 83' lang='lat' dir='ltr'><strong>favori</strong></span> <span class='ocrx_word' id='word_1_131' title='bbox 1661 752 1691 804; x_wconf 91' lang='lat' dir='ltr'><strong>et</strong></span> <span class='ocrx_word' id='word_1_132' title='bbox 1698 750 1832 820; x_wconf 87' lang='lat' dir='ltr'><strong>praesidio</strong></span> 
     </span>
     <span class='ocr_line' id='line_1_21' title="bbox 1002 834 1830 911; baseline 0.008 -22"><span class='ocrx_word' id='word_1_133' title='bbox 1002 834 1129 907; x_wconf 85' lang='lat' dir='ltr'><strong>deterre,</strong></span> <span class='ocrx_word' id='word_1_134' title='bbox 1145 837 1203 891; x_wconf 92' lang='lat' dir='ltr'><strong>sibi</strong></span> <span class='ocrx_word' id='word_1_135' title='bbox 1219 840 1380 911; x_wconf 89' lang='lat' dir='ltr'><strong>arrogavit,</strong></span> <span class='ocrx_word' id='word_1_136' title='bbox 1397 839 1520 894; x_wconf 89' lang='lat' dir='ltr'><strong>dicens:</strong></span> <span class='ocrx_word' id='word_1_137' title='bbox 1540 861 1551 886; x_wconf 81' lang='grc' dir='ltr'>ι</span> <span class='ocrx_word' id='word_1_138' title='bbox 1569 839 1601 894; x_wconf 92' lang='lat' dir='ltr'><strong>ln</strong></span> <span class='ocrx_word' id='word_1_139' title='bbox 1614 838 1830 896; x_wconf 82' lang='lat' dir='ltr'><strong>maxillaasina</strong></span> 
     </span>
     <span class='ocr_line' id='line_1_22' title="bbox 1002 923 1831 998; baseline 0.007 -21"><span class='ocrx_word' id='word_1_140' title='bbox 1002 923 1098 979; x_wconf 86' lang='lat' dir='ltr'><strong>delevi</strong></span> <span class='ocrx_word' id='word_1_141' title='bbox 1114 926 1193 980; x_wconf 87' lang='lat' dir='ltr'><strong>mille</strong></span> <span class='ocrx_word' id='word_1_142' title='bbox 1210 927 1292 983; x_wconf 91' lang='lat' dir='ltr'><strong>viros</strong></span> <span class='ocrx_word' id='word_1_143' title='bbox 1321 926 1407 998; x_wconf 67' lang='lat' dir='ltr'><strong>(ibid.</strong></span> <span class='ocrx_word' id='word_1_144' title='bbox 1426 928 1511 996; x_wconf 71' lang='grc'>16).»</span> <span class='ocrx_word' id='word_1_145' title='bbox 1540 927 1605 983; x_wconf 86' lang='grc' dir='ltr'><strong>Ν11</strong></span> <span class='ocrx_word' id='word_1_146' title='bbox 1633 942 1718 982; x_wconf 88' lang='lat' dir='ltr'><strong>aram</strong></span> <span class='ocrx_word' id='word_1_147' title='bbox 1749 929 1831 983; x_wconf 89' lang='lat' dir='ltr'><strong>statui</strong></span> 
     </span>
     <span class='ocr_line' id='line_1_23' title="bbox 1002 1011 1828 1088; baseline 0.007 -23"><span class='ocrx_word' id='word_1_148' title='bbox 1002 1011 1064 1068; x_wconf 90' lang='lat' dir='ltr'><strong>Deo</strong></span> <span class='ocrx_word' id='word_1_149' title='bbox 1081 1028 1135 1067; x_wconf 91' lang='lat' dir='ltr'><strong>nec</strong></span> <span class='ocrx_word' id='word_1_150' title='bbox 1151 1014 1278 1069; x_wconf 81' lang='lat' dir='ltr'><strong>hostiam</strong></span> <span class='ocrx_word' id='word_1_151' title='bbox 1295 1015 1475 1086; x_wconf 89' lang='lat' dir='ltr'><strong>immolavit;</strong></span> <span class='ocrx_word' id='word_1_152' title='bbox 1491 1015 1545 1071; x_wconf 92' lang='lat' dir='ltr'><strong>sed</strong></span> <span class='ocrx_word' id='word_1_153' title='bbox 1560 1015 1723 1088; x_wconf 76' lang='lat' dir='ltr'>negligens</span> <span class='ocrx_word' id='word_1_154' title='bbox 1743 1017 1828 1071; x_wconf 89' lang='lat' dir='ltr'><strong>saeri-</strong></span> 
     </span>
     <span class='ocr_line' id='line_1_24' title="bbox 1002 1099 1827 1175; baseline 0.007 -22"><span class='ocrx_word' id='word_1_155' title='bbox 1002 1099 1072 1171; x_wconf 86' lang='lat' dir='ltr'><strong>tlcii,</strong></span> <span class='ocrx_word' id='word_1_156' title='bbox 1088 1105 1258 1173; x_wconf 81' lang='lat' dir='ltr'><strong>assumptor</strong></span> <span class='ocrx_word' id='word_1_157' title='bbox 1272 1103 1387 1172; x_wconf 82' lang='lat' dir='ltr'><strong>glorioe.</strong></span> <span class='ocrx_word' id='word_1_158' title='bbox 1410 1106 1441 1158; x_wconf 90' lang='lat' dir='ltr'><strong>ut</strong></span> <span class='ocrx_word' id='word_1_159' title='bbox 1464 1103 1646 1175; x_wconf 89' lang='lat' dir='ltr'><strong>triumphum</strong></span> <span class='ocrx_word' id='word_1_160' title='bbox 1670 1119 1759 1159; x_wconf 87' lang='lat' dir='ltr'><strong>suum</strong></span> <span class='ocrx_word' id='word_1_161' title='bbox 1772 1120 1827 1175; x_wconf 85' lang='lat' dir='ltr'><strong>per·</strong></span> 
     </span>
     <span class='ocr_line' id='line_1_25' title="bbox 1001 1191 1826 1263; baseline 0.006 -19"><span class='ocrx_word' id='word_1_162' title='bbox 1001 1191 1090 1260; x_wconf 90' lang='lat' dir='ltr'><strong>petuo</strong></span> <span class='ocrx_word' id='word_1_163' title='bbox 1106 1195 1297 1248; x_wconf 87' lang='lat' dir='ltr'><strong>consecraret</strong></span> <span class='ocrx_word' id='word_1_164' title='bbox 1311 1192 1439 1263; x_wconf 91' lang='lat' dir='ltr'><strong>nomine,</strong></span> <span class='ocrx_word' id='word_1_165' title='bbox 1455 1194 1573 1248; x_wconf 89' lang='lat' dir='ltr'><strong>vocavit</strong></span> <span class='ocrx_word' id='word_1_166' title='bbox 1593 1192 1694 1248; x_wconf 89' lang='lat' dir='ltr'><strong>locum</strong></span> <span class='ocrx_word' id='word_1_167' title='bbox 1711 1193 1826 1250; x_wconf 80' lang='lat' dir='ltr'><strong>Maxilla</strong></span> 
     </span>
     <span class='ocr_line' id='line_1_26' title="bbox 1002 1279 1249 1335; baseline 0.02 -4"><span class='ocrx_word' id='word_1_168' title='bbox 1002 1279 1249 1335; x_wconf 86' lang='lat' dir='ltr'><strong>interiectionem.</strong></span> 
     </span>
    </p>

    <p class='ocr_par' dir='ltr' id='par_1_7' title="bbox 1001 1366 1825 1708">
     <span class='ocr_line' id='line_1_27' title="bbox 1037 1366 1825 1443; baseline 0.006 -22"><span class='ocrx_word' id='word_1_169' title='bbox 1037 1366 1081 1422; x_wconf 77' lang='lat' dir='ltr'><strong>ot.</strong></span> <span class='ocrx_word' id='word_1_170' title='bbox 1100 1367 1135 1423; x_wconf 84' lang='lat' dir='ltr'><strong>Et</strong></span> <span class='ocrx_word' id='word_1_171' title='bbox 1150 1384 1219 1423; x_wconf 87' lang='lat' dir='ltr'><strong>mox</strong></span> <span class='ocrx_word' id='word_1_172' title='bbox 1233 1368 1283 1424; x_wconf 89' lang='lat' dir='ltr'><strong>siti</strong></span> <span class='ocrx_word' id='word_1_173' title='bbox 1296 1370 1428 1441; x_wconf 87' lang='lat' dir='ltr'><strong>graviter</strong></span> <span class='ocrx_word' id='word_1_174' title='bbox 1442 1370 1529 1441; x_wconf 85' lang='lat' dir='ltr'><strong>coepit</strong></span> <span class='ocrx_word' id='word_1_175' title='bbox 1536 1369 1733 1427; x_wconf 89' lang='lat' dir='ltr'><strong>inardescere</strong></span> <span class='ocrx_word' id='word_1_176' title='bbox 1748 1373 1775 1426; x_wconf 89' lang='lat' dir='ltr'><strong>et</strong></span> <span class='ocrx_word' id='word_1_177' title='bbox 1787 1387 1825 1443; x_wconf 83' lang='lat' dir='ltr'><strong>po</strong></span> 
     </span>
     <span class='ocr_line' id='line_1_28' title="bbox 1001 1455 1825 1530; baseline 0.006 -20"><span class='ocrx_word' id='word_1_178' title='bbox 1001 1456 1050 1511; x_wconf 89' lang='lat' dir='ltr'><strong>tus</strong></span> <span class='ocrx_word' id='word_1_179' title='bbox 1066 1455 1176 1528; x_wconf 89' lang='lat' dir='ltr'><strong>deerat,</strong></span> <span class='ocrx_word' id='word_1_180' title='bbox 1191 1472 1247 1513; x_wconf 91' lang='lat' dir='ltr'><strong>nec</strong></span> <span class='ocrx_word' id='word_1_181' title='bbox 1259 1457 1320 1530; x_wconf 82' lang='lat' dir='ltr'><strong>jam</strong></span> <span class='ocrx_word' id='word_1_182' title='bbox 1336 1458 1414 1514; x_wconf 83' lang='lat' dir='ltr'><strong>terre</strong></span> <span class='ocrx_word' id='word_1_183' title='bbox 1428 1474 1463 1514; x_wconf 91' lang='lat' dir='ltr'><strong>ac</strong></span> <span class='ocrx_word' id='word_1_184' title='bbox 1473 1459 1599 1515; x_wconf 88' lang='lat' dir='ltr'><strong>tolerare</strong></span> <span class='ocrx_word' id='word_1_185' title='bbox 1609 1462 1739 1530; x_wconf 87' lang='lat' dir='ltr'><strong>poterat.</strong></span> <span class='ocrx_word' id='word_1_186' title='bbox 1755 1459 1825 1516; x_wconf 88' lang='lat' dir='ltr'><strong>Unde</strong></span> 
     </span>
     <span class='ocr_line' id='line_1_29' title="bbox 1002 1544 1825 1619; baseline 0.006 -20"><span class='ocrx_word' id='word_1_187' title='bbox 1002 1544 1175 1617; x_wconf 88' lang='lat' dir='ltr'><strong>intelligens</strong></span> <span class='ocrx_word' id='word_1_188' title='bbox 1190 1546 1271 1619; x_wconf 90' lang='lat' dir='ltr'><strong>quod</strong></span> <span class='ocrx_word' id='word_1_189' title='bbox 1293 1547 1376 1602; x_wconf 93' lang='lat' dir='ltr'><strong>mihil</strong></span> <span class='ocrx_word' id='word_1_190' title='bbox 1391 1549 1451 1602; x_wconf 91' lang='lat' dir='ltr'><strong>tam</strong></span> <span class='ocrx_word' id='word_1_191' title='bbox 1476 1547 1563 1603; x_wconf 84' lang='lat' dir='ltr'><strong>facile</strong></span> <span class='ocrx_word' id='word_1_192' title='bbox 1577 1551 1681 1619; x_wconf 87' lang='lat' dir='ltr'><strong>esset,</strong></span> <span class='ocrx_word' id='word_1_193' title='bbox 1703 1548 1825 1604; x_wconf 78' lang='lat' dir='ltr'><strong>humane</strong></span> 
     </span>
     <span class='ocr_line' id='line_1_30' title="bbox 1003 1633 1825 1708; baseline 0.005 -19"><span class='ocrx_word' id='word_1_194' title='bbox 1003 1634 1070 1705; x_wconf 92' lang='lat' dir='ltr'><strong>opis</strong></span> <span class='ocrx_word' id='word_1_195' title='bbox 1084 1633 1151 1706; x_wconf 85' lang='grc'>(90).</span> <span class='ocrx_word' id='word_1_196' title='bbox 1169 1635 1248 1705; x_wconf 89' lang='lat' dir='ltr'><strong>quod</strong></span> <span class='ocrx_word' id='word_1_197' title='bbox 1263 1635 1328 1690; x_wconf 90' lang='lat' dir='ltr'><strong>sine</strong></span> <span class='ocrx_word' id='word_1_198' title='bbox 1343 1635 1444 1691; x_wconf 89' lang='lat' dir='ltr'><strong>divino</strong></span> <span class='ocrx_word' id='word_1_199' title='bbox 1458 1634 1629 1708; x_wconf 86' lang='lat' dir='ltr'><strong>adjumento</strong></span> <span class='ocrx_word' id='word_1_200' title='bbox 1646 1652 1708 1693; x_wconf 91' lang='lat' dir='ltr'><strong>non</strong></span> <span class='ocrx_word' id='word_1_201' title='bbox 1719 1636 1825 1693; x_wconf 82' lang='lat' dir='ltr'><strong>ditticito</strong></span> 
     </span>
    </p>
   </div>
   <div class='ocr_carea' id='block_1_7' title="bbox 113 1721 1857 3400">
    <p class='ocr_par' dir='ltr' id='par_1_8' title="bbox 113 1721 1857 3400">
     <span class='ocr_line' id='line_1_31' title="bbox 113 1721 1824 1796; baseline -0.005 -7"><span class='ocrx_word' id='word_1_202' title='bbox 113 1733 184 1789; x_wconf 86' lang='lat' dir='ltr'><strong>tant.</strong></span> <span class='ocrx_word' id='word_1_203' title='bbox 202 1731 227 1783; x_wconf 84' lang='lat' dir='ltr'><strong>h</strong></span> <span class='ocrx_word' id='word_1_204' title='bbox 248 1726 419 1782; x_wconf 89' lang='lat' dir='ltr'><strong>vobiscum</strong></span> <span class='ocrx_word' id='word_1_205' title='bbox 444 1723 474 1778; x_wconf 94' lang='lat' dir='ltr'><strong>in</strong></span> <span class='ocrx_word' id='word_1_206' title='bbox 490 1725 613 1778; x_wconf 85' lang='lat' dir='ltr'><strong>mortem</strong></span> <span class='ocrx_word' id='word_1_207' title='bbox 628 1722 707 1778; x_wconf 83' lang='lat' dir='ltr'><strong>attici</strong></span> <span class='ocrx_word' id='word_1_208' title='bbox 729 1722 842 1793; x_wconf 90' lang='lat' dir='ltr'><strong>volunt,</strong></span> <span class='ocrx_word' id='word_1_209' title='bbox 857 1737 945 1793; x_wconf 89' lang='lat' dir='ltr'><strong>quem</strong></span> <span class='ocrx_word' id='word_1_210' title='bbox 1002 1721 1089 1794; x_wconf 86' lang='lat' dir='ltr'><strong>foret,</strong></span> <span class='ocrx_word' id='word_1_211' title='bbox 1105 1723 1282 1779; x_wconf 86' lang='lat' dir='ltr'><strong>exclamavit</strong></span> <span class='ocrx_word' id='word_1_212' title='bbox 1308 1725 1396 1796; x_wconf 89' lang='lat' dir='ltr'><strong>atque</strong></span> <span class='ocrx_word' id='word_1_213' title='bbox 1420 1725 1599 1795; x_wconf 88' lang='lat' dir='ltr'><strong>obsecravit,</strong></span> <span class='ocrx_word' id='word_1_214' title='bbox 1626 1741 1663 1780; x_wconf 90' lang='lat' dir='ltr'><strong>ne</strong></span> <span class='ocrx_word' id='word_1_215' title='bbox 1679 1726 1742 1780; x_wconf 90' lang='lat' dir='ltr'><strong>sibi</strong></span> <span class='ocrx_word' id='word_1_216' title='bbox 1760 1727 1824 1782; x_wconf 81' lang='lat' dir='ltr'><strong>Deus</strong></span> 
     </span>
     <span class='ocr_line' id='line_1_32' title="bbox 114 1810 1823 1895; baseline -0.004 -20"><span class='ocrx_word' id='word_1_217' title='bbox 114 1820 173 1892; x_wconf 91' lang='lat' dir='ltr'><strong>ipsi</strong></span> <span class='ocrx_word' id='word_1_218' title='bbox 187 1816 298 1873; x_wconf 91' lang='lat' dir='ltr'><strong>ultione</strong></span> <span class='ocrx_word' id='word_1_219' title='bbox 313 1813 436 1885; x_wconf 88' lang='lat' dir='ltr'><strong>dignum</strong></span> <span class='ocrx_word' id='word_1_220' title='bbox 451 1811 537 1880; x_wconf 90' lang='lat' dir='ltr'><strong>deiis,</strong></span> <span class='ocrx_word' id='word_1_221' title='bbox 559 1813 609 1882; x_wconf 89' lang='lat' dir='ltr'><strong>qui</strong></span> <span class='ocrx_word' id='word_1_222' title='bbox 624 1811 776 1880; x_wconf 82' lang='lat' dir='ltr'><strong>laeserant,</strong></span> <span class='ocrx_word' id='word_1_223' title='bbox 789 1810 946 1882; x_wconf 82' lang='lat' dir='ltr'><strong>judicave-</strong></span> <span class='ocrx_word' id='word_1_224' title='bbox 965 1812 1190 1895; x_wconf 69' lang='lat' dir='ltr'><strong>Bomnipotens</strong></span> <span class='ocrx_word' id='word_1_225' title='bbox 1204 1811 1236 1867; x_wconf 90' lang='lat' dir='ltr'><strong>in</strong></span> <span class='ocrx_word' id='word_1_226' title='bbox 1251 1810 1394 1868; x_wconf 77' lang='lat' dir='ltr'><strong>ostensam</strong></span> <span class='ocrx_word' id='word_1_227' title='bbox 1409 1815 1547 1885; x_wconf 86' lang='lat' dir='ltr'><strong>verteret,</strong></span> <span class='ocrx_word' id='word_1_228' title='bbox 1568 1814 1649 1886; x_wconf 89' lang='lat' dir='ltr'><strong>quod</strong></span> <span class='ocrx_word' id='word_1_229' title='bbox 1668 1814 1823 1885; x_wconf 86' lang='lat' dir='ltr'><strong>impmden·</strong></span> 
     </span>
     <span class='ocr_line' id='line_1_33' title="bbox 113 1898 1820 1976; baseline -0.003 -13"><span class='ocrx_word' id='word_1_230' title='bbox 113 1909 191 1976; x_wconf 89' lang='lat' dir='ltr'><strong>runt,</strong></span> <span class='ocrx_word' id='word_1_231' title='bbox 209 1907 238 1961; x_wconf 88' lang='lat' dir='ltr'><strong>et</strong></span> <span class='ocrx_word' id='word_1_232' title='bbox 252 1902 303 1975; x_wconf 88' lang='lat' dir='ltr'><strong>qui</strong></span> <span class='ocrx_word' id='word_1_233' title='bbox 324 1900 463 1955; x_wconf 69' lang='lat' dir='ltr'><strong>vindictas</strong></span> <span class='ocrx_word' id='word_1_234' title='bbox 483 1899 639 1971; x_wconf 77' lang='lat' dir='ltr'><strong>praebuere</strong></span> <span class='ocrx_word' id='word_1_235' title='bbox 665 1899 871 1954; x_wconf 83' lang='lat' dir='ltr'><strong>ministerium.</strong></span> <span class='ocrx_word' id='word_1_236' title='bbox 888 1898 946 1953; x_wconf 88' lang='lat' dir='ltr'><strong>Sed</strong></span> <span class='ocrx_word' id='word_1_237' title='bbox 1002 1902 1048 1956; x_wconf 91' lang='lat' dir='ltr'><strong>ter</strong></span> <span class='ocrx_word' id='word_1_238' title='bbox 1070 1900 1188 1957; x_wconf 88' lang='lat' dir='ltr'><strong>incauto</strong></span> <span class='ocrx_word' id='word_1_239' title='bbox 1216 1916 1355 1957; x_wconf 87' lang='lat' dir='ltr'><strong>sermone</strong></span> <span class='ocrx_word' id='word_1_240' title='bbox 1383 1901 1441 1957; x_wconf 87' lang='lat' dir='ltr'><strong>sibi</strong></span> <span class='ocrx_word' id='word_1_241' title='bbox 1469 1902 1581 1974; x_wconf 89' lang='lat' dir='ltr'><strong>aliquid</strong></span> <span class='ocrx_word' id='word_1_242' title='bbox 1604 1904 1820 1975; x_wconf 82' lang='lat' dir='ltr'><strong>assignavisset.</strong></span> 
     </span>
     <span class='ocr_line' id='line_1_34' title="bbox 113 1988 1819 2063; baseline -0.003 -10"><span class='ocrx_word' id='word_1_243' title='bbox 113 1999 141 2053; x_wconf 88' lang='lat' dir='ltr'><strong>si</strong></span> <span class='ocrx_word' id='word_1_244' title='bbox 155 1996 228 2051; x_wconf 90' lang='lat' dir='ltr'><strong>adeo</strong></span> <span class='ocrx_word' id='word_1_245' title='bbox 244 1990 363 2047; x_wconf 89' lang='lat' dir='ltr'><strong>subdita</strong></span> <span class='ocrx_word' id='word_1_246' title='bbox 385 1988 536 2060; x_wconf 86' lang='lat' dir='ltr'><strong>superbis,</strong></span> <span class='ocrx_word' id='word_1_247' title='bbox 558 1988 634 2044; x_wconf 89' lang='lat' dir='ltr'><strong>colla</strong></span> <span class='ocrx_word' id='word_1_248' title='bbox 648 1989 763 2060; x_wconf 85' lang='lat' dir='ltr'><strong>geritis,</strong></span> <span class='ocrx_word' id='word_1_249' title='bbox 778 1988 883 2043; x_wconf 87' lang='lat' dir='ltr'><strong>tradite</strong></span> <span class='ocrx_word' id='word_1_250' title='bbox 899 2001 946 2043; x_wconf 88' lang='lat' dir='ltr'><strong>me</strong></span> <span class='ocrx_word' id='word_1_251' title='bbox 1003 1988 1079 2053; x_wconf 87' lang='lat' dir='ltr'><strong>Quin</strong></span> <span class='ocrx_word' id='word_1_252' title='bbox 1093 1989 1180 2044; x_wconf 86' lang='lat' dir='ltr'><strong>etium</strong></span> <span class='ocrx_word' id='word_1_253' title='bbox 1194 1989 1275 2044; x_wconf 91' lang='lat' dir='ltr'><strong>illam</strong></span> <span class='ocrx_word' id='word_1_254' title='bbox 1289 1990 1446 2046; x_wconf 89' lang='lat' dir='ltr'><strong>victoriam</strong></span> <span class='ocrx_word' id='word_1_255' title='bbox 1462 1990 1522 2046; x_wconf 87' lang='lat' dir='ltr'><strong>Deo</strong></span> <span class='ocrx_word' id='word_1_256' title='bbox 1538 1991 1702 2063; x_wconf 88' lang='lat' dir='ltr'><strong>deputabat</strong></span> <span class='ocrx_word' id='word_1_257' title='bbox 1714 1992 1819 2048; x_wconf 81' lang='lat' dir='ltr'><strong>dicens:</strong></span> 
     </span>
     <span class='ocr_line' id='line_1_35' title="bbox 113 2076 1819 2153; baseline -0.004 -11"><span class='ocrx_word' id='word_1_258' title='bbox 113 2079 476 2148; x_wconf 84' lang='lat' dir='ltr'><strong>hostiummanibus3vos</strong></span> <span class='ocrx_word' id='word_1_259' title='bbox 487 2077 577 2132; x_wconf 90' lang='lat' dir='ltr'><strong>nolito</strong></span> <span class='ocrx_word' id='word_1_260' title='bbox 588 2077 734 2132; x_wconf 89' lang='lat' dir='ltr'><strong>occidere.</strong></span> <span class='ocrx_word' id='word_1_261' title='bbox 744 2076 811 2132; x_wconf 93' lang='lat' dir='ltr'><strong>Non</strong></span> <span class='ocrx_word' id='word_1_262' title='bbox 822 2078 946 2131; x_wconf 93' lang='lat' dir='ltr'><strong>mortem</strong></span> <span class='ocrx_word' id='word_1_263' title='bbox 1006 2078 1079 2133; x_wconf 78' lang='lat' dir='ltr'><strong>«Tu</strong></span> <span class='ocrx_word' id='word_1_264' title='bbox 1095 2078 1202 2133; x_wconf 90' lang='lat' dir='ltr'><strong>dedisti</strong></span> <span class='ocrx_word' id='word_1_265' title='bbox 1217 2079 1248 2133; x_wconf 90' lang='lat' dir='ltr'><strong>in</strong></span> <span class='ocrx_word' id='word_1_266' title='bbox 1275 2094 1364 2134; x_wconf 90' lang='lat' dir='ltr'><strong>manu</strong></span> <span class='ocrx_word' id='word_1_267' title='bbox 1380 2079 1461 2134; x_wconf 88' lang='lat' dir='ltr'><strong>servi</strong></span> <span class='ocrx_word' id='word_1_268' title='bbox 1484 2080 1526 2134; x_wconf 90' lang='lat' dir='ltr'><strong>tui</strong></span> <span class='ocrx_word' id='word_1_269' title='bbox 1548 2080 1678 2136; x_wconf 88' lang='lat' dir='ltr'><strong>salutem</strong></span> <span class='ocrx_word' id='word_1_270' title='bbox 1702 2096 1819 2153; x_wconf 73' lang='lat' dir='ltr'><strong>magna·</strong></span> 
     </span>
     <span class='ocr_line' id='line_1_36' title="bbox 113 2152 1818 2242; baseline -0.004 -11"><span class='ocrx_word' id='word_1_271' title='bbox 113 2174 223 2242; x_wconf 88' lang='lat' dir='ltr'><strong>abnuo,</strong></span> <span class='ocrx_word' id='word_1_272' title='bbox 241 2169 296 2224; x_wconf 90' lang='lat' dir='ltr'><strong>sed</strong></span> <span class='ocrx_word' id='word_1_273' title='bbox 309 2169 443 2222; x_wconf 90' lang='lat' dir='ltr'><strong>vestrum</strong></span> <span class='ocrx_word' id='word_1_274' title='bbox 462 2165 546 2238; x_wconf 81' lang='lat' dir='ltr'><strong>fugio</strong></span> <span class='ocrx_word' id='word_1_275' title='bbox 570 2165 739 2237; x_wconf 85' lang='lat' dir='ltr'><strong>contagium</strong></span> <span class='ocrx_word' id='word_1_276' title='bbox 754 2164 820 2237; x_wconf 78' lang='grc'>(81).</span> <span class='ocrx_word' id='word_1_277' title='bbox 837 2165 947 2220; x_wconf 86' lang='lat' dir='ltr'><strong>Verum</strong></span> <span class='ocrx_word' id='word_1_278' title='bbox 1004 2165 1091 2237; x_wconf 88' lang='lat' dir='ltr'><strong>banc,</strong></span> <span class='ocrx_word' id='word_1_279' title='bbox 1107 2169 1136 2221; x_wconf 90' lang='lat' dir='ltr'><strong>et</strong></span> <span class='ocrx_word' id='word_1_280' title='bbox 1150 2182 1229 2222; x_wconf 89' lang='lat' dir='ltr'><strong>nunc</strong></span> <span class='ocrx_word' id='word_1_281' title='bbox 1244 2168 1382 2223; x_wconf 79' lang='lat' dir='ltr'><strong>subvenit</strong></span> <span class='ocrx_word' id='word_1_282' title='bbox 1396 2169 1465 2240; x_wconf 86' lang='lat' dir='ltr'><strong>quin</strong></span> <span class='ocrx_word' id='word_1_283' title='bbox 1479 2183 1550 2222; x_wconf 88' lang='lat' dir='ltr'><strong>ecce</strong></span> <span class='ocrx_word' id='word_1_284' title='bbox 1560 2170 1675 2223; x_wconf 90' lang='lat' dir='ltr'><strong>morior</strong></span> <span class='ocrx_word' id='word_1_285' title='bbox 1692 2152 1749 2239; x_wconf 85' lang='lat' dir='ltr'><strong>siti,</strong></span> <span class='ocrx_word' id='word_1_286' title='bbox 1764 2171 1818 2224; x_wconf 86' lang='lat' dir='ltr'><strong>etia</strong></span> 
     </span>
     <span class='ocr_line' id='line_1_37' title="bbox 120 2253 1817 2327; baseline -0.005 -8"><span class='ocrx_word' id='word_1_287' title='bbox 120 2264 148 2319; x_wconf 87' lang='lat' dir='ltr'><strong>si</strong></span> <span class='ocrx_word' id='word_1_288' title='bbox 162 2258 321 2317; x_wconf 84' lang='lat' dir='ltr'><strong>tormidine</strong></span> <span class='ocrx_word' id='word_1_289' title='bbox 336 2253 441 2310; x_wconf 89' lang='lat' dir='ltr'><strong>ceditis</strong></span> <span class='ocrx_word' id='word_1_290' title='bbox 452 2253 662 2325; x_wconf 87' lang='lat' dir='ltr'><strong>insolentibus,</strong></span> <span class='ocrx_word' id='word_1_291' title='bbox 687 2253 804 2326; x_wconf 89' lang='lat' dir='ltr'><strong>alligate</strong></span> <span class='ocrx_word' id='word_1_292' title='bbox 819 2253 947 2308; x_wconf 87' lang='lat' dir='ltr'><strong>vinculis</strong></span> <span class='ocrx_word' id='word_1_293' title='bbox 1002 2257 1178 2325; x_wconf 88' lang='lat' dir='ltr'><strong>potestatem</strong></span> <span class='ocrx_word' id='word_1_294' title='bbox 1188 2271 1291 2311; x_wconf 91' lang='lat' dir='ltr'><strong>eorum</strong></span> <span class='ocrx_word' id='word_1_295' title='bbox 1306 2256 1463 2327; x_wconf 89' lang='lat' dir='ltr'><strong>dequibus</strong></span> <span class='ocrx_word' id='word_1_296' title='bbox 1477 2258 1589 2311; x_wconf 90' lang='lat' dir='ltr'><strong>tantum</strong></span> <span class='ocrx_word' id='word_1_297' title='bbox 1605 2258 1725 2313; x_wconf 89' lang='lat' dir='ltr'><strong>donasti</strong></span> <span class='ocrx_word' id='word_1_298' title='bbox 1739 2258 1817 2312; x_wconf 85' lang='lat' dir='ltr'><strong>triun-</strong></span> 
     </span>
     <span class='ocr_line' id='line_1_38' title="bbox 113 2342 1816 2417; baseline -0.004 -9"><span class='ocrx_word' id='word_1_299' title='bbox 113 2363 239 2408; x_wconf 89' lang='lat' dir='ltr'><strong>manus:</strong></span> <span class='ocrx_word' id='word_1_300' title='bbox 257 2347 387 2401; x_wconf 90' lang='lat' dir='ltr'><strong>inermes</strong></span> <span class='ocrx_word' id='word_1_301' title='bbox 411 2343 490 2413; x_wconf 90' lang='lat' dir='ltr'><strong>licet,</strong></span> <span class='ocrx_word' id='word_1_302' title='bbox 510 2343 661 2398; x_wconf 88' lang='lat' dir='ltr'><strong>invenient</strong></span> <span class='ocrx_word' id='word_1_303' title='bbox 682 2342 741 2397; x_wconf 86' lang='lat' dir='ltr'><strong>sibi</strong></span> <span class='ocrx_word' id='word_1_304' title='bbox 764 2357 845 2397; x_wconf 87' lang='lat' dir='ltr'><strong>arma</strong></span> <span class='ocrx_word' id='word_1_305' title='bbox 860 2342 947 2398; x_wconf 88' lang='lat' dir='ltr'><strong>nodis</strong></span> <span class='ocrx_word' id='word_1_306' title='bbox 1002 2345 1107 2417; x_wconf 90' lang='lat' dir='ltr'><strong>phum,</strong></span> <span class='ocrx_word' id='word_1_307' title='bbox 1121 2344 1188 2399; x_wconf 91' lang='lat' dir='ltr'><strong>sitis</strong></span> <span class='ocrx_word' id='word_1_308' title='bbox 1200 2345 1379 2399; x_wconf 90' lang='lat' dir='ltr'><strong>necessitate</strong></span> <span class='ocrx_word' id='word_1_309' title='bbox 1393 2343 1651 2416; x_wconf 75' lang='lat' dir='ltr'><strong>adjudicortlbid.</strong></span> <span class='ocrx_word' id='word_1_310' title='bbox 1667 2346 1723 2416; x_wconf 90' lang='grc'>18).</span> <span class='ocrx_word' id='word_1_311' title='bbox 1741 2345 1816 2411; x_wconf 75' lang='lat' dir='ltr'><strong>»Quo-</strong></span> 
     </span>
     <span class='ocr_line' id='line_1_39' title="bbox 115 2431 1813 2506; baseline -0.006 -9"><span class='ocrx_word' id='word_1_312' title='bbox 115 2441 231 2497; x_wconf 81' lang='lat' dir='ltr'><strong>solutoe.</strong></span> <span class='ocrx_word' id='word_1_313' title='bbox 247 2435 332 2490; x_wconf 88' lang='lat' dir='ltr'><strong>Certe</strong></span> <span class='ocrx_word' id='word_1_314' title='bbox 358 2432 520 2488; x_wconf 90' lang='lat' dir='ltr'><strong>conditioni</strong></span> <span class='ocrx_word' id='word_1_315' title='bbox 544 2431 691 2502; x_wconf 81' lang='lat' dir='ltr'><strong>impositae</strong></span> <span class='ocrx_word' id='word_1_316' title='bbox 721 2431 794 2485; x_wconf 88' lang='lat' dir='ltr'><strong>satis</strong></span> <span class='ocrx_word' id='word_1_317' title='bbox 816 2431 948 2486; x_wconf 79' lang='lat' dir='ltr'><strong>futurum</strong></span> <span class='ocrx_word' id='word_1_318' title='bbox 1003 2434 1090 2489; x_wconf 92' lang='lat' dir='ltr'><strong>modo</strong></span> <span class='ocrx_word' id='word_1_319' title='bbox 1104 2432 1158 2487; x_wconf 91' lang='lat' dir='ltr'><strong>Dei</strong></span> <span class='ocrx_word' id='word_1_320' title='bbox 1173 2432 1387 2504; x_wconf 88' lang='lat' dir='ltr'><strong>misericordia,</strong></span> <span class='ocrx_word' id='word_1_321' title='bbox 1401 2448 1466 2488; x_wconf 91' lang='lat' dir='ltr'><strong>cum</strong></span> <span class='ocrx_word' id='word_1_322' title='bbox 1479 2433 1661 2506; x_wconf 81' lang='lat' dir='ltr'><strong>projecisset</strong></span> <span class='ocrx_word' id='word_1_323' title='bbox 1669 2435 1718 2491; x_wconf 92' lang='lat' dir='ltr'><strong>ille</strong></span> <span class='ocrx_word' id='word_1_324' title='bbox 1732 2435 1813 2490; x_wconf 85' lang='lat' dir='ltr'><strong>maxil-</strong></span> 
     </span>
     <span class='ocr_line' id='line_1_40' title="bbox 115 2520 1811 2595; baseline -0.005 -10"><span class='ocrx_word' id='word_1_325' title='bbox 115 2527 248 2585; x_wconf 88' lang='lat' dir='ltr'><strong>arbitroti</strong></span> <span class='ocrx_word' id='word_1_326' title='bbox 264 2525 344 2593; x_wconf 88' lang='lat' dir='ltr'><strong>sunt,</strong></span> <span class='ocrx_word' id='word_1_327' title='bbox 370 2522 397 2576; x_wconf 91' lang='lat' dir='ltr'><strong>si</strong></span> <span class='ocrx_word' id='word_1_328' title='bbox 413 2520 561 2575; x_wconf 90' lang='lat' dir='ltr'><strong>viventem</strong></span> <span class='ocrx_word' id='word_1_329' title='bbox 582 2520 612 2574; x_wconf 92' lang='lat' dir='ltr'><strong>in</strong></span> <span class='ocrx_word' id='word_1_330' title='bbox 626 2522 801 2590; x_wconf 89' lang='lat' dir='ltr'><strong>potestatem</strong></span> <span class='ocrx_word' id='word_1_331' title='bbox 824 2520 945 2575; x_wconf 90' lang='lat' dir='ltr'><strong>daretis.</strong></span> <span class='ocrx_word' id='word_1_332' title='bbox 1003 2522 1070 2592; x_wconf 89' lang='lat' dir='ltr'><strong>lam,</strong></span> <span class='ocrx_word' id='word_1_333' title='bbox 1087 2520 1201 2592; x_wconf 88' lang='lat' dir='ltr'><strong>aperuit</strong></span> <span class='ocrx_word' id='word_1_334' title='bbox 1214 2523 1381 2577; x_wconf 81' lang='lat' dir='ltr'><strong>scissuram</strong></span> <span class='ocrx_word' id='word_1_335' title='bbox 1395 2521 1472 2594; x_wconf 79' lang='lat' dir='ltr'><strong>ejus,</strong></span> <span class='ocrx_word' id='word_1_336' title='bbox 1489 2526 1517 2577; x_wconf 90' lang='lat' dir='ltr'><strong>et</strong></span> <span class='ocrx_word' id='word_1_337' title='bbox 1532 2522 1601 2578; x_wconf 84' lang='lat' dir='ltr'><strong>lons</strong></span> <span class='ocrx_word' id='word_1_338' title='bbox 1627 2525 1726 2595; x_wconf 87' lang='lat' dir='ltr'><strong>erupit</strong></span> <span class='ocrx_word' id='word_1_339' title='bbox 1740 2539 1771 2579; x_wconf 84' lang='grc'><strong>11</strong></span> <span class='ocrx_word' id='word_1_340' title='bbox 1782 2539 1811 2591; x_wconf 88' lang='lat' dir='ltr'><strong>ea,</strong></span> 
     </span>
     <span class='ocr_line' id='line_1_41' title="bbox 150 2607 1812 2682; baseline -0.005 -10"><span class='ocrx_word' id='word_1_341' title='bbox 150 2615 195 2672; x_wconf 76' lang='grc'><strong>11.</strong></span> <span class='ocrx_word' id='word_1_342' title='bbox 211 2613 326 2679; x_wconf 83' lang='lat' dir='ltr'><strong>Quibus</strong></span> <span class='ocrx_word' id='word_1_343' title='bbox 341 2610 384 2664; x_wconf 94' lang='lat' dir='ltr'><strong>illi</strong></span> <span class='ocrx_word' id='word_1_344' title='bbox 399 2607 517 2677; x_wconf 90' lang='lat' dir='ltr'><strong>auditis,</strong></span> <span class='ocrx_word' id='word_1_345' title='bbox 534 2608 670 2679; x_wconf 86' lang='lat' dir='ltr'><strong>quamvis</strong></span> <span class='ocrx_word' id='word_1_346' title='bbox 690 2610 746 2664; x_wconf 93' lang='lat' dir='ltr'><strong>tria</strong></span> <span class='ocrx_word' id='word_1_347' title='bbox 762 2608 852 2663; x_wconf 87' lang='lat' dir='ltr'><strong>millia</strong></span> <span class='ocrx_word' id='word_1_348' title='bbox 865 2608 947 2662; x_wconf 90' lang='lat' dir='ltr'><strong>viro·</strong></span> <span class='ocrx_word' id='word_1_349' title='bbox 1004 2614 1033 2667; x_wconf 89' lang='grc'><strong>11</strong></span> <span class='ocrx_word' id='word_1_350' title='bbox 1047 2610 1121 2665; x_wconf 92' lang='lat' dir='ltr'><strong>bibit</strong></span> <span class='ocrx_word' id='word_1_351' title='bbox 1131 2609 1267 2681; x_wconf 88' lang='lat' dir='ltr'><strong>Samson,</strong></span> <span class='ocrx_word' id='word_1_352' title='bbox 1283 2614 1312 2666; x_wconf 91' lang='lat' dir='ltr'><strong>et</strong></span> <span class='ocrx_word' id='word_1_353' title='bbox 1323 2612 1487 2681; x_wconf 86' lang='lat' dir='ltr'><strong>resumpsit</strong></span> <span class='ocrx_word' id='word_1_354' title='bbox 1506 2611 1654 2682; x_wconf 91' lang='lat' dir='ltr'><strong>spiritum,</strong></span> <span class='ocrx_word' id='word_1_355' title='bbox 1679 2616 1708 2668; x_wconf 93' lang='lat' dir='ltr'><strong>et</strong></span> <span class='ocrx_word' id='word_1_356' title='bbox 1722 2613 1812 2668; x_wconf 85' lang='lat' dir='ltr'><strong>vocavit</strong></span> 
     </span>
     <span class='ocr_line' id='line_1_42' title="bbox 115 2696 1810 2773; baseline -0.005 -11"><span class='ocrx_word' id='word_1_357' title='bbox 115 2720 182 2763; x_wconf 93' lang='lat' dir='ltr'><strong>rum</strong></span> <span class='ocrx_word' id='word_1_358' title='bbox 192 2700 397 2767; x_wconf 83' lang='lat' dir='ltr'><strong>ascenderant,</strong></span> <span class='ocrx_word' id='word_1_359' title='bbox 410 2699 626 2752; x_wconf 89' lang='lat' dir='ltr'><strong>sacramentum</strong></span> <span class='ocrx_word' id='word_1_360' title='bbox 638 2697 782 2752; x_wconf 89' lang='lat' dir='ltr'><strong>dederunt</strong></span> <span class='ocrx_word' id='word_1_361' title='bbox 796 2696 900 2769; x_wconf 90' lang='lat' dir='ltr'><strong>quoda</strong></span> <span class='ocrx_word' id='word_1_362' title='bbox 914 2710 948 2752; x_wconf 88' lang='lat' dir='ltr'><strong>se</strong></span> <span class='ocrx_word' id='word_1_363' title='bbox 1003 2699 1102 2755; x_wconf 90' lang='lat' dir='ltr'><strong>locum</strong></span> <span class='ocrx_word' id='word_1_364' title='bbox 1116 2700 1332 2755; x_wconf 76' lang='lat' dir='ltr'><strong>invocationem</strong></span> <span class='ocrx_word' id='word_1_365' title='bbox 1347 2700 1437 2756; x_wconf 83' lang='lat' dir='ltr'><strong>tontis</strong></span> <span class='ocrx_word' id='word_1_366' title='bbox 1461 2700 1527 2773; x_wconf 91' lang='grc'>(91),</span> <span class='ocrx_word' id='word_1_367' title='bbox 1546 2716 1580 2755; x_wconf 89' lang='grc'><strong>11</strong></span> <span class='ocrx_word' id='word_1_368' title='bbox 1606 2702 1688 2772; x_wconf 89' lang='lat' dir='ltr'><strong>quod</strong></span> <span class='ocrx_word' id='word_1_369' title='bbox 1706 2701 1810 2757; x_wconf 83' lang='lat' dir='ltr'><strong>victoria</strong></span> 
     </span>
     <span class='ocr_line' id='line_1_43' title="bbox 113 2785 1809 2864; baseline -0.006 -13"><span class='ocrx_word' id='word_1_370' title='bbox 113 2785 947 2864; x_wconf 81' lang='lat' dir='ltr'><strong>vitaeejusvisnullairrogaretur3tantummodopatiens</strong></span> <span class='ocrx_word' id='word_1_371' title='bbox 1000 2787 1172 2860; x_wconf 81' lang='lat' dir='ltr'><strong>jactantiam</strong></span> <span class='ocrx_word' id='word_1_372' title='bbox 1195 2789 1394 2844; x_wconf 86' lang='lat' dir='ltr'><strong>invocationis</strong></span> <span class='ocrx_word' id='word_1_373' title='bbox 1415 2789 1555 2861; x_wconf 87' lang='lat' dir='ltr'><strong>precibus</strong></span> <span class='ocrx_word' id='word_1_374' title='bbox 1579 2790 1809 2845; x_wconf 84' lang='lat' dir='ltr'><strong>emendasset:ita</strong></span> 
     </span>
     <span class='ocr_line' id='line_1_44' title="bbox 114 2874 1857 2952; baseline -0.007 -11"><span class='ocrx_word' id='word_1_375' title='bbox 114 2882 301 2940; x_wconf 86' lang='lat' dir='ltr'><strong>vinculorum</strong></span> <span class='ocrx_word' id='word_1_376' title='bbox 324 2879 415 2946; x_wconf 89' lang='lat' dir='ltr'><strong>esset,</strong></span> <span class='ocrx_word' id='word_1_377' title='bbox 441 2877 472 2930; x_wconf 91' lang='lat' dir='ltr'><strong>ut</strong></span> <span class='ocrx_word' id='word_1_378' title='bbox 497 2875 675 2931; x_wconf 90' lang='lat' dir='ltr'><strong>deditionem</strong></span> <span class='ocrx_word' id='word_1_379' title='bbox 692 2874 760 2948; x_wconf 83' lang='lat' dir='ltr'><strong>ejus</strong></span> <span class='ocrx_word' id='word_1_380' title='bbox 785 2877 947 2946; x_wconf 89' lang='lat' dir='ltr'><strong>patrarent,</strong></span> <span class='ocrx_word' id='word_1_381' title='bbox 1003 2878 1122 2932; x_wconf 88' lang='lat' dir='ltr'><strong>diversa</strong></span> <span class='ocrx_word' id='word_1_382' title='bbox 1134 2876 1248 2948; x_wconf 82' lang='lat' dir='ltr'><strong>judicia</strong></span> <span class='ocrx_word' id='word_1_383' title='bbox 1263 2879 1376 2933; x_wconf 87' lang='lat' dir='ltr'><strong>mature</strong></span> <span class='ocrx_word' id='word_1_384' title='bbox 1387 2878 1473 2949; x_wconf 90' lang='lat' dir='ltr'><strong>edita,</strong></span> <span class='ocrx_word' id='word_1_385' title='bbox 1484 2879 1601 2949; x_wconf 89' lang='lat' dir='ltr'><strong>quodet</strong></span> <span class='ocrx_word' id='word_1_386' title='bbox 1611 2879 1769 2952; x_wconf 81' lang='lat' dir='ltr'><strong>arrogantia</strong></span> <span class='ocrx_word' id='word_1_387' title='bbox 1780 2878 1809 2930; x_wconf 83' lang='lat' dir='ltr'><strong>ci·</strong></span> <span class='ocrx_word' id='word_1_388' title='bbox 1855 2912 1857 2943; x_wconf 88' lang='lat'>:</span> 
     </span>
     <span class='ocr_line' id='line_1_45' title="bbox 114 2956 1857 3047; baseline -0.005 -18"><span class='ocrx_word' id='word_1_389' title='bbox 114 2987 174 3047; x_wconf 91' lang='lat' dir='ltr'><strong>quo</strong></span> <span class='ocrx_word' id='word_1_390' title='bbox 188 2969 275 3026; x_wconf 85' lang='lat' dir='ltr'><strong>vacui</strong></span> <span class='ocrx_word' id='word_1_391' title='bbox 289 2967 394 3022; x_wconf 89' lang='lat' dir='ltr'><strong>tierent</strong></span> <span class='ocrx_word' id='word_1_392' title='bbox 407 2964 486 3037; x_wconf 87' lang='lat' dir='ltr'><strong>ejus,</strong></span> <span class='ocrx_word' id='word_1_393' title='bbox 504 2963 594 3036; x_wconf 87' lang='lat' dir='ltr'><strong>cujus</strong></span> <span class='ocrx_word' id='word_1_394' title='bbox 609 2965 821 3037; x_wconf 78' lang='lat' dir='ltr'><strong>arguebantur,</strong></span> <span class='ocrx_word' id='word_1_395' title='bbox 839 2963 948 3019; x_wconf 85' lang='grc'>111111-</span> <span class='ocrx_word' id='word_1_396' title='bbox 1003 2969 1032 3022; x_wconf 87' lang='grc'><strong>11</strong></span> <span class='ocrx_word' id='word_1_397' title='bbox 1043 2964 1186 3021; x_wconf 82' lang='lat' dir='ltr'><strong>offensam</strong></span> <span class='ocrx_word' id='word_1_398' title='bbox 1197 2965 1371 3038; x_wconf 85' lang='lat' dir='ltr'><strong>incurreret,</strong></span> <span class='ocrx_word' id='word_1_399' title='bbox 1388 2969 1417 3021; x_wconf 91' lang='lat' dir='ltr'><strong>et</strong></span> <span class='ocrx_word' id='word_1_400' title='bbox 1432 2967 1581 3023; x_wconf 88' lang='lat' dir='ltr'><strong>humilitas</strong></span> <span class='ocrx_word' id='word_1_401' title='bbox 1594 2969 1661 3024; x_wconf 90' lang='lat' dir='ltr'><strong>sine</strong></span> <span class='ocrx_word' id='word_1_402' title='bbox 1672 2969 1729 3024; x_wconf 91' lang='lat' dir='ltr'><strong>ulla</strong></span> <span class='ocrx_word' id='word_1_403' title='bbox 1741 2965 1808 3023; x_wconf 84' lang='lat' dir='ltr'><strong>otten-</strong></span> <span class='ocrx_word' id='word_1_404' title='bbox 1855 2956 1857 2965; x_wconf 82' lang='lat'>&#39;</span> 
     </span>
     <span class='ocr_line' id='line_1_46' title="bbox 115 3054 1857 3131; baseline -0.006 -13"><span class='ocrx_word' id='word_1_405' title='bbox 115 3065 159 3119; x_wconf 93' lang='lat' dir='ltr'><strong>ris</strong></span> <span class='ocrx_word' id='word_1_406' title='bbox 174 3059 285 3131; x_wconf 71' lang='lat' dir='ltr'><strong>(ludio.</strong></span> <span class='ocrx_word' id='word_1_407' title='bbox 301 3073 353 3126; x_wconf 83' lang='lat' dir='ltr'><strong>xx,</strong></span> <span class='ocrx_word' id='word_1_408' title='bbox 371 3054 414 3125; x_wconf 83' lang='grc'><strong>13,</strong></span> <span class='ocrx_word' id='word_1_409' title='bbox 432 3055 519 3126; x_wconf 64' lang='lat' dir='ltr'><strong>sem).</strong></span> <span class='ocrx_word' id='word_1_410' title='bbox 1003 3056 1049 3111; x_wconf 93' lang='lat' dir='ltr'><strong>sio</strong></span> <span class='ocrx_word' id='word_1_411' title='bbox 1065 3071 1102 3110; x_wconf 91' lang='lat' dir='ltr'><strong>ne</strong></span> <span class='ocrx_word' id='word_1_412' title='bbox 1117 3070 1188 3111; x_wconf 89' lang='lat' dir='ltr'><strong>sese</strong></span> <span class='ocrx_word' id='word_1_413' title='bbox 1203 3054 1419 3111; x_wconf 90' lang='lat' dir='ltr'><strong>reconciliaret.</strong></span> <span class='ocrx_word' id='word_1_414' title='bbox 1854 3106 1857 3127; x_wconf 66' lang='grc'>,</span> 
     </span>
     <span class='ocr_line' id='line_1_47' title="bbox 149 3141 1857 3217; baseline -0.005 -11"><span class='ocrx_word' id='word_1_415' title='bbox 149 3141 949 3217; x_wconf 76' lang='lat' dir='ltr'><strong>anneoaptaitaqueudo,spetaeoegressus,deseruit</strong></span> <span class='ocrx_word' id='word_1_416' title='bbox 1038 3145 1083 3200; x_wconf 75' lang='grc'><strong>15.</strong></span> <span class='ocrx_word' id='word_1_417' title='bbox 1100 3144 1602 3202; x_wconf 87' lang='lat' dir='ltr'><strong>Verumubidecursaseriebcllum</strong></span> <span class='ocrx_word' id='word_1_418' title='bbox 1611 3146 1808 3203; x_wconf 81' lang='lat' dir='ltr'><strong>Paloestinomn</strong></span> <span class='ocrx_word' id='word_1_419' title='bbox 1854 3178 1857 3205; x_wconf 86' lang='grc'>.</span> 
     </span>
     <span class='ocr_line' id='line_1_48' title="bbox 115 3231 1809 3314; baseline -0.006 -17"><span class='ocrx_word' id='word_1_420' title='bbox 115 3243 207 3314; x_wconf 87' lang='lat' dir='ltr'><strong>petrae</strong></span> <span class='ocrx_word' id='word_1_421' title='bbox 231 3235 439 3292; x_wconf 89' lang='lat' dir='ltr'><strong>munitionem:</strong></span> <span class='ocrx_word' id='word_1_422' title='bbox 464 3248 499 3287; x_wconf 90' lang='lat' dir='ltr'><strong>ac</strong></span> <span class='ocrx_word' id='word_1_423' title='bbox 522 3232 639 3298; x_wconf 87' lang='lat' dir='ltr'><strong>duobus</strong></span> <span class='ocrx_word' id='word_1_424' title='bbox 664 3233 792 3286; x_wconf 85' lang='lat' dir='ltr'><strong>innexus</strong></span> <span class='ocrx_word' id='word_1_425' title='bbox 814 3231 946 3302; x_wconf 84' lang='lat' dir='ltr'><strong>funibus,</strong></span> <span class='ocrx_word' id='word_1_426' title='bbox 1004 3234 1180 3305; x_wconf 88' lang='lat' dir='ltr'><strong>composuit,</strong></span> <span class='ocrx_word' id='word_1_427' title='bbox 1192 3236 1350 3289; x_wconf 91' lang='lat' dir='ltr'><strong>etsuorum</strong></span> <span class='ocrx_word' id='word_1_428' title='bbox 1361 3235 1513 3290; x_wconf 90' lang='lat' dir='ltr'><strong>declinans</strong></span> <span class='ocrx_word' id='word_1_429' title='bbox 1524 3236 1687 3308; x_wconf 86' lang='lat' dir='ltr'><strong>ignaviam,</strong></span> <span class='ocrx_word' id='word_1_430' title='bbox 1703 3240 1731 3291; x_wconf 88' lang='lat' dir='ltr'><strong>at</strong></span> <span class='ocrx_word' id='word_1_431' title='bbox 1743 3233 1809 3290; x_wconf 82' lang='lat' dir='ltr'><strong>hosti</strong></span> 
     </span>
     <span class='ocr_line' id='line_1_49' title="bbox 115 3321 1807 3400; baseline -0.005 -15"><span class='ocrx_word' id='word_1_432' title='bbox 115 3330 167 3386; x_wconf 91' lang='lat' dir='ltr'><strong>ubi</strong></span> <span class='ocrx_word' id='word_1_433' title='bbox 176 3325 413 3400; x_wconf 87' lang='lat' dir='ltr'><strong>appropinquare</strong></span> <span class='ocrx_word' id='word_1_434' title='bbox 431 3323 545 3377; x_wconf 88' lang='lat' dir='ltr'><strong>accitos</strong></span> <span class='ocrx_word' id='word_1_435' title='bbox 561 3321 597 3375; x_wconf 85' lang='lat' dir='ltr'><strong>ad</strong></span> <span class='ocrx_word' id='word_1_436' title='bbox 613 3321 837 3392; x_wconf 86' lang='lat' dir='ltr'><strong>suscipiendum</strong></span> <span class='ocrx_word' id='word_1_437' title='bbox 852 3321 948 3375; x_wconf 83' lang='lat' dir='ltr'><strong>l’atae·</strong></span> <span class='ocrx_word' id='word_1_438' title='bbox 1003 3324 1061 3379; x_wconf 88' lang='lat' dir='ltr'><strong>lom</strong></span> <span class='ocrx_word' id='word_1_439' title='bbox 1077 3323 1246 3393; x_wconf 89' lang='lat' dir='ltr'><strong>despiciens</strong></span> <span class='ocrx_word' id='word_1_440' title='bbox 1265 3323 1516 3395; x_wconf 85' lang='lat' dir='ltr'><strong>manum,Gana1n</strong></span> <span class='ocrx_word' id='word_1_441' title='bbox 1537 3340 1607 3380; x_wconf 89' lang='lat' dir='ltr'><strong>sese</strong></span> <span class='ocrx_word' id='word_1_442' title='bbox 1624 3325 1765 3380; x_wconf 91' lang='lat' dir='ltr'><strong>contulit:</strong></span> <span class='ocrx_word' id='word_1_443' title='bbox 1785 3336 1807 3376; x_wconf 87' lang='lat' dir='ltr'><strong>ea</strong></span> 
     </span>
    </p>
   </div>
   <div class='ocr_carea' id='block_1_8' title="bbox 113 3409 953 4198">
    <p class='ocr_par' dir='ltr' id='par_1_9' title="bbox 113 3409 953 4198">
     <span class='ocr_line' id='line_1_50' title="bbox 115 3409 949 3482; baseline -0.017 -6"><span class='ocrx_word' id='word_1_444' title='bbox 115 3420 262 3475; x_wconf 88' lang='lat' dir='ltr'><strong>stinorum</strong></span> <span class='ocrx_word' id='word_1_445' title='bbox 284 3413 400 3467; x_wconf 91' lang='lat' dir='ltr'><strong>validos</strong></span> <span class='ocrx_word' id='word_1_446' title='bbox 414 3411 504 3482; x_wconf 89' lang='lat' dir='ltr'><strong>videt,</strong></span> <span class='ocrx_word' id='word_1_447' title='bbox 530 3409 682 3464; x_wconf 88' lang='lat' dir='ltr'><strong>intremuit</strong></span> <span class='ocrx_word' id='word_1_448' title='bbox 697 3410 812 3480; x_wconf 91' lang='lat' dir='ltr'><strong>spiritu,</strong></span> <span class='ocrx_word' id='word_1_449' title='bbox 838 3412 867 3464; x_wconf 90' lang='lat' dir='ltr'><strong>et</strong></span> <span class='ocrx_word' id='word_1_450' title='bbox 880 3409 949 3464; x_wconf 92' lang='lat' dir='ltr'><strong>uni·</strong></span> 
     </span>
     <span class='ocr_line' id='line_1_51' title="bbox 113 3499 949 3575; baseline -0.013 -10"><span class='ocrx_word' id='word_1_451' title='bbox 113 3522 204 3565; x_wconf 84' lang='lat' dir='ltr'><strong>versa</strong></span> <span class='ocrx_word' id='word_1_452' title='bbox 229 3503 327 3575; x_wconf 86' lang='lat' dir='ltr'><strong>diripit</strong></span> <span class='ocrx_word' id='word_1_453' title='bbox 347 3500 484 3556; x_wconf 90' lang='lat' dir='ltr'><strong>vincula:</strong></span> <span class='ocrx_word' id='word_1_454' title='bbox 515 3502 603 3572; x_wconf 91' lang='lat' dir='ltr'><strong>atque</strong></span> <span class='ocrx_word' id='word_1_455' title='bbox 628 3499 776 3569; x_wconf 87' lang='lat' dir='ltr'><strong>arripiens</strong></span> <span class='ocrx_word' id='word_1_456' title='bbox 800 3499 949 3554; x_wconf 89' lang='lat' dir='ltr'><strong>maxillam</strong></span> 
     </span>
     <span class='ocr_line' id='line_1_52' title="bbox 115 3587 949 3667; baseline -0.014 -14"><span class='ocrx_word' id='word_1_457' title='bbox 115 3596 193 3653; x_wconf 85' lang='lat' dir='ltr'><strong>asini</strong></span> <span class='ocrx_word' id='word_1_458' title='bbox 205 3593 364 3667; x_wconf 75' lang='lat' dir='ltr'><strong>jacentem,</strong></span> <span class='ocrx_word' id='word_1_459' title='bbox 377 3589 527 3661; x_wconf 90' lang='lat' dir='ltr'><strong>percussit</strong></span> <span class='ocrx_word' id='word_1_460' title='bbox 543 3589 624 3643; x_wconf 88' lang='lat' dir='ltr'><strong>millo</strong></span> <span class='ocrx_word' id='word_1_461' title='bbox 634 3587 727 3658; x_wconf 90' lang='lat' dir='ltr'><strong>viros,</strong></span> <span class='ocrx_word' id='word_1_462' title='bbox 743 3587 859 3658; x_wconf 74' lang='lat' dir='ltr'><strong>fugavit</strong></span> <span class='ocrx_word' id='word_1_463' title='bbox 873 3587 949 3642; x_wconf 86' lang='lat' dir='ltr'><strong>alios</strong></span> 
     </span>
     <span class='ocr_line' id='line_1_53' title="bbox 116 3676 949 3758; baseline -0.013 -17"><span class='ocrx_word' id='word_1_464' title='bbox 116 3681 349 3758; x_wconf 91' lang='lat' dir='ltr'><strong>grandivirtutis</strong></span> <span class='ocrx_word' id='word_1_465' title='bbox 361 3678 531 3750; x_wconf 90' lang='lat' dir='ltr'><strong>spectaculo</strong></span> <span class='ocrx_word' id='word_1_466' title='bbox 543 3693 549 3732; x_wconf 93' lang='lat'>:</span> <span class='ocrx_word' id='word_1_467' title='bbox 568 3693 635 3732; x_wconf 90' lang='lat' dir='ltr'><strong>cum</strong></span> <span class='ocrx_word' id='word_1_468' title='bbox 643 3678 748 3732; x_wconf 89' lang='lat' dir='ltr'><strong>inermi</strong></span> <span class='ocrx_word' id='word_1_469' title='bbox 760 3681 789 3732; x_wconf 90' lang='lat' dir='ltr'><strong>et</strong></span> <span class='ocrx_word' id='word_1_470' title='bbox 798 3677 849 3732; x_wconf 92' lang='lat' dir='ltr'><strong>uni</strong></span> <span class='ocrx_word' id='word_1_471' title='bbox 860 3676 949 3731; x_wconf 92' lang='lat' dir='ltr'><strong>cede-</strong></span> 
     </span>
     <span class='ocr_line' id='line_1_54' title="bbox 117 3764 951 3839; baseline -0.012 -10"><span class='ocrx_word' id='word_1_472' title='bbox 117 3775 184 3829; x_wconf 92' lang='lat' dir='ltr'><strong>rent</strong></span> <span class='ocrx_word' id='word_1_473' title='bbox 192 3774 370 3827; x_wconf 87' lang='lat' dir='ltr'><strong>armatorum</strong></span> <span class='ocrx_word' id='word_1_474' title='bbox 389 3767 519 3839; x_wconf 87' lang='lat' dir='ltr'><strong>agmina.</strong></span> <span class='ocrx_word' id='word_1_475' title='bbox 536 3766 574 3821; x_wconf 86' lang='lat' dir='ltr'><strong>Et</strong></span> <span class='ocrx_word' id='word_1_476' title='bbox 587 3766 639 3837; x_wconf 89' lang='lat' dir='ltr'><strong>qui</strong></span> <span class='ocrx_word' id='word_1_477' title='bbox 654 3766 790 3823; x_wconf 89' lang='lat' dir='ltr'><strong>cominus</strong></span> <span class='ocrx_word' id='word_1_478' title='bbox 804 3765 870 3821; x_wconf 89' lang='lat' dir='ltr'><strong>ausi</strong></span> <span class='ocrx_word' id='word_1_479' title='bbox 884 3764 951 3820; x_wconf 84' lang='lat' dir='ltr'><strong>iue-</strong></span> 
     </span>
     <span class='ocr_line' id='line_1_55' title="bbox 117 3854 951 3931; baseline -0.007 -15"><span class='ocrx_word' id='word_1_480' title='bbox 117 3864 184 3917; x_wconf 90' lang='lat' dir='ltr'><strong>rant</strong></span> <span class='ocrx_word' id='word_1_481' title='bbox 213 3858 366 3931; x_wconf 76' lang='lat' dir='ltr'><strong>congredi,</strong></span> <span class='ocrx_word' id='word_1_482' title='bbox 392 3855 471 3910; x_wconf 85' lang='lat' dir='ltr'><strong>taciti</strong></span> <span class='ocrx_word' id='word_1_483' title='bbox 501 3855 630 3926; x_wconf 85' lang='lat' dir='ltr'><strong>negotio,</strong></span> <span class='ocrx_word' id='word_1_484' title='bbox 660 3854 741 3909; x_wconf 91' lang='lat' dir='ltr'><strong>nullo</strong></span> <span class='ocrx_word' id='word_1_485' title='bbox 769 3854 871 3911; x_wconf 89' lang='lat' dir='ltr'><strong>laboro</strong></span> <span class='ocrx_word' id='word_1_486' title='bbox 896 3854 951 3910; x_wconf 92' lang='lat' dir='ltr'><strong>ob·</strong></span> 
     </span>
     <span class='ocr_line' id='line_1_56' title="bbox 118 3943 952 4017; baseline -0.008 -13"><span class='ocrx_word' id='word_1_487' title='bbox 118 3949 265 4017; x_wconf 71' lang='lat' dir='ltr'><strong>truncati,</strong></span> <span class='ocrx_word' id='word_1_488' title='bbox 281 3946 348 4001; x_wconf 90' lang='lat' dir='ltr'><strong>aliis</strong></span> <span class='ocrx_word' id='word_1_489' title='bbox 364 3944 435 4015; x_wconf 86' lang='lat' dir='ltr'><strong>iuga</strong></span> <span class='ocrx_word' id='word_1_490' title='bbox 449 3943 572 3998; x_wconf 87' lang='lat' dir='ltr'><strong>exitium</strong></span> <span class='ocrx_word' id='word_1_491' title='bbox 586 3943 723 4013; x_wconf 90' lang='lat' dir='ltr'><strong>dempsit.</strong></span> <span class='ocrx_word' id='word_1_492' title='bbox 739 3943 824 3999; x_wconf 91' lang='lat' dir='ltr'><strong>Unde</strong></span> <span class='ocrx_word' id='word_1_493' title='bbox 849 3943 952 3999; x_wconf 91' lang='lat' dir='ltr'><strong>hodie·</strong></span> 
     </span>
     <span class='ocr_line' id='line_1_57' title="bbox 118 4021 953 4110; baseline -0.006 -16"><span class='ocrx_word' id='word_1_494' title='bbox 118 4053 176 4110; x_wconf 88' lang='lat' dir='ltr'><strong>que</strong></span> <span class='ocrx_word' id='word_1_495' title='bbox 205 4036 293 4109; x_wconf 80' lang='lat' dir='ltr'><strong>hgon</strong></span> <span class='ocrx_word' id='word_1_496' title='bbox 321 4033 378 4104; x_wconf 85' lang='lat'><em>(88)</em></span> <span class='ocrx_word' id='word_1_497' title='bbox 406 4021 560 4086; x_wconf 85' lang='grc'>1111849</span> <span class='ocrx_word' id='word_1_498' title='bbox 583 4045 691 4085; x_wconf 90' lang='lat' dir='ltr'><strong>nomen</strong></span> <span class='ocrx_word' id='word_1_499' title='bbox 717 4035 773 4102; x_wconf 87' lang='lat' dir='ltr'><strong>est,</strong></span> <span class='ocrx_word' id='word_1_500' title='bbox 803 4024 953 4104; x_wconf 87' lang='lat' dir='ltr'><strong>quodibi</strong></span> 
     </span>
     <span class='ocr_line' id='line_1_58' title="bbox 118 4119 952 4198; baseline -0.008 -14"><span class='ocrx_word' id='word_1_501' title='bbox 118 4128 245 4185; x_wconf 89' lang='lat' dir='ltr'><strong>Samson</strong></span> <span class='ocrx_word' id='word_1_502' title='bbox 260 4123 427 4198; x_wconf 87' lang='lat' dir='ltr'><strong>gloriosum</strong></span> <span class='ocrx_word' id='word_1_503' title='bbox 451 4122 601 4176; x_wconf 89' lang='lat' dir='ltr'><strong>certamen</strong></span> <span class='ocrx_word' id='word_1_504' title='bbox 614 4119 722 4176; x_wconf 85' lang='lat' dir='ltr'><strong>virtute</strong></span> <span class='ocrx_word' id='word_1_505' title='bbox 741 4121 863 4193; x_wconf 88' lang='lat' dir='ltr'><strong>egregia</strong></span> <span class='ocrx_word' id='word_1_506' title='bbox 879 4137 952 4178; x_wconf 89' lang='lat' dir='ltr'><strong>con-</strong></span> 
     </span>
    </p>
   </div>
   <div class='ocr_carea' id='block_1_9' title="bbox 119 4210 394 4283">
    <p class='ocr_par' dir='ltr' id='par_1_10' title="bbox 119 4210 394 4283">
     <span class='ocr_line' id='line_1_59' title="bbox 119 4210 394 4283; baseline -0.033 -9"><span class='ocrx_word' id='word_1_507' title='bbox 119 4213 312 4274; x_wconf 88' lang='lat' dir='ltr'><strong>summaverit</strong></span> <span class='ocrx_word' id='word_1_508' title='bbox 327 4210 394 4283; x_wconf 85' lang='lat'><strong>(89).</strong></span> 
     </span>
    </p>
   </div>
   <div class='ocr_carea' id='block_1_10' title="bbox 120 4350 954 4502">
    <p class='ocr_par' dir='ltr' id='par_1_11' title="bbox 120 4350 954 4502">
     <span class='ocr_line' id='line_1_60' title="bbox 137 4350 954 4431; baseline -0.016 -16"><span class='ocrx_word' id='word_1_509' title='bbox 137 4358 214 4431; x_wconf 76' lang='grc'>(81)</span> <span class='ocrx_word' id='word_1_510' title='bbox 237 4381 247 4406; x_wconf 84' lang='grc' dir='ltr'><strong>ιι</strong></span> <span class='ocrx_word' id='word_1_511' title='bbox 269 4355 410 4412; x_wconf 91' lang='lat' dir='ltr'><strong>Vestrum</strong></span> <span class='ocrx_word' id='word_1_512' title='bbox 425 4351 508 4425; x_wconf 80' lang='lat' dir='ltr'><strong>fugio</strong></span> <span class='ocrx_word' id='word_1_513' title='bbox 534 4350 712 4424; x_wconf 79' lang='lat' dir='ltr'><strong>contagium,</strong></span> <span class='ocrx_word' id='word_1_514' title='bbox 732 4372 743 4402; x_wconf 80' lang='grc' dir='ltr'><strong>ιι</strong></span> <span class='ocrx_word' id='word_1_515' title='bbox 760 4350 818 4408; x_wconf 89' lang='lat' dir='ltr'><strong>hoe</strong></span> <span class='ocrx_word' id='word_1_516' title='bbox 833 4352 899 4409; x_wconf 90' lang='lat' dir='ltr'><strong>loco</strong></span> <span class='ocrx_word' id='word_1_517' title='bbox 914 4354 954 4409; x_wconf 78' lang='lat' dir='ltr'><strong>ita</strong></span> 
     </span>
     <span class='ocr_line' id='line_1_61' title="bbox 120 4427 951 4502; baseline -0.012 -14"><span class='ocrx_word' id='word_1_518' title='bbox 120 4428 383 4502; x_wconf 88' lang='lat' dir='ltr'><strong>interpretandum,</strong></span> <span class='ocrx_word' id='word_1_519' title='bbox 407 4439 498 4479; x_wconf 90' lang='lat' dir='ltr'><strong>caveo</strong></span> <span class='ocrx_word' id='word_1_520' title='bbox 513 4439 550 4478; x_wconf 91' lang='lat' dir='ltr'><strong>ne</strong></span> <span class='ocrx_word' id='word_1_521' title='bbox 566 4438 621 4478; x_wconf 90' lang='lat' dir='ltr'><strong>vos</strong></span> <span class='ocrx_word' id='word_1_522' title='bbox 638 4439 675 4478; x_wconf 90' lang='lat' dir='ltr'><strong>ex</strong></span> <span class='ocrx_word' id='word_1_523' title='bbox 690 4427 783 4479; x_wconf 90' lang='lat' dir='ltr'><strong>morte</strong></span> <span class='ocrx_word' id='word_1_524' title='bbox 799 4440 863 4479; x_wconf 88' lang='lat' dir='ltr'><strong>mea</strong></span> <span class='ocrx_word' id='word_1_525' title='bbox 878 4440 951 4481; x_wconf 91' lang='lat' dir='ltr'><strong>con-</strong></span> 
     </span>
    </p>
   </div>
   <div class='ocr_carea' id='block_1_11' title="bbox 121 4495 560 4576">
    <p class='ocr_par' dir='ltr' id='par_1_12' title="bbox 121 4495 560 4576">
     <span class='ocr_line' id='line_1_62' title="bbox 121 4495 560 4576; baseline -0.025 -17"><span class='ocrx_word' id='word_1_526' title='bbox 121 4504 234 4576; x_wconf 88' lang='lat' dir='ltr'><strong>tagium</strong></span> <span class='ocrx_word' id='word_1_527' title='bbox 244 4500 358 4572; x_wconf 90' lang='lat' dir='ltr'><strong>peccati</strong></span> <span class='ocrx_word' id='word_1_528' title='bbox 370 4495 560 4552; x_wconf 88' lang='lat' dir='ltr'><strong>contrahatis.</strong></span> 
     </span>
    </p>
   </div>
   <div class='ocr_carea' id='block_1_12' title="bbox 155 4539 997 4645">
    <p class='ocr_par' dir='ltr' id='par_1_13' title="bbox 155 4539 997 4645">
     <span class='ocr_line' id='line_1_63' title="bbox 155 4539 997 4645; baseline -0.012 -15"><span class='ocrx_word' id='word_1_529' title='bbox 155 4575 213 4645; x_wconf 90' lang='grc'>(88)</span> <span class='ocrx_word' id='word_1_530' title='bbox 225 4574 312 4628; x_wconf 87' lang='lat' dir='ltr'><strong>Rom.</strong></span> <span class='ocrx_word' id='word_1_531' title='bbox 327 4570 408 4637; x_wconf 83' lang='lat' dir='ltr'><strong>edit,</strong></span> <span class='ocrx_word' id='word_1_532' title='bbox 427 4589 437 4617; x_wconf 84' lang='grc' dir='ltr'>ι</span> <span class='ocrx_word' id='word_1_533' title='bbox 455 4566 567 4638; x_wconf 87' lang='lat' dir='ltr'><strong>Siagon</strong></span> <span class='ocrx_word' id='word_1_534' title='bbox 581 4565 647 4621; x_wconf 93' lang='lat' dir='ltr'><strong>loco</strong></span> <span class='ocrx_word' id='word_1_535' title='bbox 671 4581 778 4621; x_wconf 89' lang='lat' dir='ltr'><strong>nomen</strong></span> <span class='ocrx_word' id='word_1_536' title='bbox 794 4571 874 4623; x_wconf 91' lang='lat' dir='ltr'><strong>est...</strong></span> <span class='ocrx_word' id='word_1_537' title='bbox 891 4539 997 4622; x_wconf 76' lang='lat' dir='ltr'><strong>vir-D</strong></span> 
     </span>
    </p>
   </div>
   <div class='ocr_carea' id='block_1_13' title="bbox 120 4638 956 5715">
    <p class='ocr_par' dir='ltr' id='par_1_14' title="bbox 120 4638 955 5578">
     <span class='ocr_line' id='line_1_64' title="bbox 120 4638 955 4716; baseline -0.008 -16"><span class='ocrx_word' id='word_1_538' title='bbox 120 4648 182 4700; x_wconf 92' lang='lat' dir='ltr'><strong>tute</strong></span> <span class='ocrx_word' id='word_1_539' title='bbox 191 4643 313 4716; x_wconf 85' lang='lat' dir='ltr'><strong>egregia</strong></span> <span class='ocrx_word' id='word_1_540' title='bbox 323 4640 401 4696; x_wconf 90' lang='lat' dir='ltr'><strong>asini</strong></span> <span class='ocrx_word' id='word_1_541' title='bbox 411 4638 529 4693; x_wconf 89' lang='lat' dir='ltr'><strong>maxilla</strong></span> <span class='ocrx_word' id='word_1_542' title='bbox 549 4639 832 4692; x_wconf 68' lang='lat' dir='ltr'><strong>consummaverit„</strong></span> <span class='ocrx_word' id='word_1_543' title='bbox 846 4639 955 4693; x_wconf 91' lang='lat' dir='ltr'><strong>Verum</strong></span> 
     </span>
     <span class='ocr_line' id='line_1_65' title="bbox 120 4708 955 4781; baseline -0.006 -12"><span class='ocrx_word' id='word_1_544' title='bbox 120 4715 239 4769; x_wconf 90' lang='lat' dir='ltr'><strong>tametsi</strong></span> <span class='ocrx_word' id='word_1_545' title='bbox 251 4715 319 4768; x_wconf 90' lang='lat' dir='ltr'><strong>etin</strong></span> <span class='ocrx_word' id='word_1_546' title='bbox 332 4711 428 4767; x_wconf 87' lang='lat' dir='ltr'><strong>sacris</strong></span> <span class='ocrx_word' id='word_1_547' title='bbox 439 4709 557 4781; x_wconf 78' lang='lat' dir='ltr'><strong>paginis</strong></span> <span class='ocrx_word' id='word_1_548' title='bbox 566 4712 594 4762; x_wconf 91' lang='lat' dir='ltr'><strong>et</strong></span> <span class='ocrx_word' id='word_1_549' title='bbox 604 4709 681 4778; x_wconf 90' lang='lat' dir='ltr'><strong>apud</strong></span> <span class='ocrx_word' id='word_1_550' title='bbox 691 4709 855 4779; x_wconf 83' lang='lat' dir='ltr'><strong>losephum</strong></span> <span class='ocrx_word' id='word_1_551' title='bbox 868 4708 955 4764; x_wconf 87' lang='lat' dir='ltr'><strong>locus</strong></span> 
     </span>
     <span class='ocr_line' id='line_1_66' title="bbox 123 4779 954 4852; baseline -0.004 -14"><span class='ocrx_word' id='word_1_552' title='bbox 123 4785 172 4839; x_wconf 91' lang='lat' dir='ltr'><strong>ille</strong></span> <span class='ocrx_word' id='word_1_553' title='bbox 187 4807 197 4830; x_wconf 91' lang='grc' dir='ltr'><strong>ιι</strong></span> <span class='ocrx_word' id='word_1_554' title='bbox 208 4784 325 4837; x_wconf 88' lang='lat' dir='ltr'><strong>Maxilla</strong></span> <span class='ocrx_word' id='word_1_555' title='bbox 335 4787 363 4837; x_wconf 92' lang='lat' dir='ltr'><strong>et</strong></span> <span class='ocrx_word' id='word_1_556' title='bbox 372 4781 497 4837; x_wconf 90' lang='lat' dir='ltr'><strong>elevatio</strong></span> <span class='ocrx_word' id='word_1_557' title='bbox 512 4779 640 4834; x_wconf 71' lang='lat' dir='ltr'><strong>maxillae</strong></span> <span class='ocrx_word' id='word_1_558' title='bbox 654 4803 664 4826; x_wconf 75' lang='grc' dir='ltr'><strong>ιι</strong></span> <span class='ocrx_word' id='word_1_559' title='bbox 684 4780 839 4852; x_wconf 89' lang='lat' dir='ltr'><strong>vocitetur,</strong></span> <span class='ocrx_word' id='word_1_560' title='bbox 857 4782 954 4835; x_wconf 91' lang='lat' dir='ltr'><strong>tamen</strong></span> 
     </span>
     <span class='ocr_line' id='line_1_67' title="bbox 123 4850 953 4922; baseline -0.004 -14"><span class='ocrx_word' id='word_1_561' title='bbox 123 4870 190 4908; x_wconf 91' lang='lat' dir='ltr'><strong>cum</strong></span> <span class='ocrx_word' id='word_1_562' title='bbox 200 4854 230 4907; x_wconf 94' lang='lat' dir='ltr'><strong>in</strong></span> <span class='ocrx_word' id='word_1_563' title='bbox 242 4854 380 4908; x_wconf 89' lang='lat' dir='ltr'><strong>omnibus</strong></span> <span class='ocrx_word' id='word_1_564' title='bbox 392 4868 465 4906; x_wconf 87' lang='lat' dir='ltr'><strong>mss.</strong></span> <span class='ocrx_word' id='word_1_565' title='bbox 476 4853 504 4906; x_wconf 93' lang='lat' dir='ltr'><strong>et</strong></span> <span class='ocrx_word' id='word_1_566' title='bbox 513 4852 605 4921; x_wconf 90' lang='lat' dir='ltr'><strong>antiq.</strong></span> <span class='ocrx_word' id='word_1_567' title='bbox 619 4850 687 4905; x_wconf 90' lang='lat' dir='ltr'><strong>edit.</strong></span> <span class='ocrx_word' id='word_1_568' title='bbox 699 4852 847 4906; x_wconf 88' lang='lat' dir='ltr'><strong>scribatur</strong></span> <span class='ocrx_word' id='word_1_569' title='bbox 856 4852 953 4922; x_wconf 81' lang='lat' dir='ltr'><strong>Agon,</strong></span> 
     </span>
     <span class='ocr_line' id='line_1_68' title="bbox 124 4922 955 4993; baseline -0.004 -14"><span class='ocrx_word' id='word_1_570' title='bbox 124 4929 153 4979; x_wconf 92' lang='lat' dir='ltr'><strong>et</strong></span> <span class='ocrx_word' id='word_1_571' title='bbox 166 4924 394 4993; x_wconf 87' lang='lat' dir='ltr'><strong>nuncupationis</strong></span> <span class='ocrx_word' id='word_1_572' title='bbox 414 4938 503 4977; x_wconf 88' lang='lat' dir='ltr'><strong>eausa</strong></span> <span class='ocrx_word' id='word_1_573' title='bbox 519 4922 659 4977; x_wconf 88' lang='lat' dir='ltr'><strong>reddatur</strong></span> <span class='ocrx_word' id='word_1_574' title='bbox 683 4925 830 4977; x_wconf 87' lang='lat' dir='ltr'><strong>certamen</strong></span> <span class='ocrx_word' id='word_1_575' title='bbox 846 4923 955 4977; x_wconf 90' lang='lat' dir='ltr'><strong>ibidem</strong></span> 
     </span>
     <span class='ocr_line' id='line_1_69' title="bbox 126 4993 939 5063; baseline -0.004 -13"><span class='ocrx_word' id='word_1_576' title='bbox 126 4998 372 5060; x_wconf 90' lang='lat' dir='ltr'><strong>consummatum,</strong></span> <span class='ocrx_word' id='word_1_577' title='bbox 387 4994 535 5048; x_wconf 89' lang='lat' dir='ltr'><strong>mentione</strong></span> <span class='ocrx_word' id='word_1_578' title='bbox 549 4993 674 5047; x_wconf 88' lang='lat' dir='ltr'><strong>asininae</strong></span> <span class='ocrx_word' id='word_1_579' title='bbox 688 4993 815 5048; x_wconf 79' lang='lat' dir='ltr'><strong>maxillae</strong></span> <span class='ocrx_word' id='word_1_580' title='bbox 830 4996 939 5063; x_wconf 78' lang='lat' dir='ltr'><strong>praeter</strong></span> 
     </span>
     <span class='ocr_line' id='line_1_70' title="bbox 122 5064 954 5134; baseline -0.002 -14"><span class='ocrx_word' id='word_1_581' title='bbox 122 5067 216 5121; x_wconf 88' lang='lat' dir='ltr'><strong>missa</strong></span> <span class='ocrx_word' id='word_1_582' title='bbox 225 5064 954 5134; x_wconf 78' lang='lat' dir='ltr'><strong>nondubitamusquinnostralectiositotiamhm-</strong></span> 
     </span>
     <span class='ocr_line' id='line_1_71' title="bbox 120 5134 952 5207; baseline -0.005 -14"><span class='ocrx_word' id='word_1_583' title='bbox 120 5137 272 5193; x_wconf 85' lang='lat' dir='ltr'><strong>bresiana.</strong></span> <span class='ocrx_word' id='word_1_584' title='bbox 283 5134 448 5188; x_wconf 91' lang='lat' dir='ltr'><strong>Verisimile</strong></span> <span class='ocrx_word' id='word_1_585' title='bbox 465 5150 537 5205; x_wconf 80' lang='lat' dir='ltr'><strong>ergo</strong></span> <span class='ocrx_word' id='word_1_586' title='bbox 546 5138 592 5188; x_wconf 87' lang='lat' dir='ltr'><strong>est</strong></span> <span class='ocrx_word' id='word_1_587' title='bbox 602 5135 632 5188; x_wconf 93' lang='lat' dir='ltr'><strong>in</strong></span> <span class='ocrx_word' id='word_1_588' title='bbox 643 5135 724 5190; x_wconf 80' lang='grc'>111111</span> <span class='ocrx_word' id='word_1_589' title='bbox 729 5135 952 5207; x_wconf 86' lang='lat' dir='ltr'><strong>osephiverbis,</strong></span> 
     </span>
     <span class='ocr_line' id='line_1_72' title="bbox 121 5207 955 5288; baseline -0.001 -19"><span class='ocrx_word' id='word_1_590' title='bbox 121 5215 135 5272; x_wconf 78' lang='lat' dir='ltr'><strong>&#39;o</strong></span> <span class='ocrx_word' id='word_1_591' title='bbox 157 5215 255 5288; x_wconf 68' lang='grc' dir='ltr'>Σιαγὼν</span> <span class='ocrx_word' id='word_1_592' title='bbox 271 5211 448 5286; x_wconf 63' lang='lat' dir='ltr'><strong>archipalatino</strong></span> <span class='ocrx_word' id='word_1_593' title='bbox 458 5213 502 5270; x_wconf 77' lang='lat' dir='ltr'><strong>ain</strong></span> <span class='ocrx_word' id='word_1_594' title='bbox 514 5211 649 5286; x_wconf 74' lang='grc' dir='ltr'>Σαμψῶνος</span> <span class='ocrx_word' id='word_1_595' title='bbox 660 5207 832 5287; x_wconf 74' lang='grc' dir='ltr'>ἀνδραγαθίαν</span> <span class='ocrx_word' id='word_1_596' title='bbox 842 5233 873 5267; x_wconf 80' lang='grc' dir='ltr'><strong>επ</strong></span> <span class='ocrx_word' id='word_1_597' title='bbox 883 5231 955 5286; x_wconf 68' lang='lat' dir='ltr'><strong>aurp</strong></span> 
     </span>
     <span class='ocr_line' id='line_1_73' title="bbox 121 5290 953 5373; baseline -0.001 -21"><span class='ocrx_word' id='word_1_598' title='bbox 121 5295 260 5373; x_wconf 72' lang='lat' dir='ltr'><strong>peropima,</strong></span> <span class='ocrx_word' id='word_1_599' title='bbox 280 5294 472 5350; x_wconf 81' lang='lat' dir='ltr'><strong>Ambrosium</strong></span> <span class='ocrx_word' id='word_1_600' title='bbox 498 5290 636 5365; x_wconf 85' lang='lat' dir='ltr'><strong>logissco&#39;</strong></span> <span class='ocrx_word' id='word_1_601' title='bbox 656 5296 730 5366; x_wconf 69' lang='grc' dir='ltr'>Λγὼν</span> <span class='ocrx_word' id='word_1_602' title='bbox 750 5293 877 5360; x_wconf 70' lang='grc' dir='ltr'>καλεῖται,</span> <span class='ocrx_word' id='word_1_603' title='bbox 896 5298 953 5352; x_wconf 88' lang='grc'>111.</span> 
     </span>
     <span class='ocr_line' id='line_1_74' title="bbox 122 5364 955 5442; baseline -0.006 -15"><span class='ocrx_word' id='word_1_604' title='bbox 122 5374 217 5428; x_wconf 80' lang='grc' dir='ltr'>Ρο111</span> <span class='ocrx_word' id='word_1_605' title='bbox 232 5368 311 5442; x_wconf 90' lang='lat' dir='ltr'><strong>quod</strong></span> <span class='ocrx_word' id='word_1_606' title='bbox 327 5364 486 5436; x_wconf 85' lang='lat' dir='ltr'><strong>subjicitur</strong></span> <span class='ocrx_word' id='word_1_607' title='bbox 501 5364 536 5418; x_wconf 91' lang='lat' dir='ltr'><strong>de</strong></span> <span class='ocrx_word' id='word_1_608' title='bbox 567 5365 721 5421; x_wconf 89' lang='lat' dir='ltr'><strong>Samsonis</strong></span> <span class='ocrx_word' id='word_1_609' title='bbox 736 5369 833 5424; x_wconf 89' lang='lat' dir='ltr'><strong>animo</strong></span> <span class='ocrx_word' id='word_1_610' title='bbox 849 5370 880 5422; x_wconf 93' lang='lat' dir='ltr'><strong>in</strong></span> <span class='ocrx_word' id='word_1_611' title='bbox 894 5368 955 5422; x_wconf 91' lang='lat' dir='ltr'><strong>vic·</strong></span> 
     </span>
     <span class='ocr_line' id='line_1_75' title="bbox 122 5435 953 5511; baseline -0.006 -11"><span class='ocrx_word' id='word_1_612' title='bbox 122 5444 199 5499; x_wconf 88' lang='lat' dir='ltr'><strong>toria</strong></span> <span class='ocrx_word' id='word_1_613' title='bbox 215 5457 269 5497; x_wconf 91' lang='lat' dir='ltr'><strong>sua</strong></span> <span class='ocrx_word' id='word_1_614' title='bbox 281 5439 366 5504; x_wconf 91' lang='lat' dir='ltr'><strong>elato,</strong></span> <span class='ocrx_word' id='word_1_615' title='bbox 383 5451 438 5490; x_wconf 90' lang='lat' dir='ltr'><strong>nec</strong></span> <span class='ocrx_word' id='word_1_616' title='bbox 454 5451 512 5489; x_wconf 93' lang='lat' dir='ltr'><strong>non</strong></span> <span class='ocrx_word' id='word_1_617' title='bbox 523 5435 614 5490; x_wconf 92' lang='lat' dir='ltr'><strong>divini</strong></span> <span class='ocrx_word' id='word_1_618' title='bbox 625 5436 953 5511; x_wconf 85' lang='lat' dir='ltr'><strong>beneticiiimmemore,</strong></span> 
     </span>
     <span class='ocr_line' id='line_1_76' title="bbox 123 5508 694 5578; baseline -0.011 -10"><span class='ocrx_word' id='word_1_619' title='bbox 123 5515 154 5569; x_wconf 90' lang='lat' dir='ltr'><strong>id</strong></span> <span class='ocrx_word' id='word_1_620' title='bbox 168 5532 206 5570; x_wconf 92' lang='lat' dir='ltr'><strong>ex</strong></span> <span class='ocrx_word' id='word_1_621' title='bbox 216 5514 320 5569; x_wconf 89' lang='lat' dir='ltr'><strong>eodem</strong></span> <span class='ocrx_word' id='word_1_622' title='bbox 334 5508 478 5564; x_wconf 92' lang='lat' dir='ltr'><strong>historico</strong></span> <span class='ocrx_word' id='word_1_623' title='bbox 494 5508 616 5578; x_wconf 88' lang='lat' dir='ltr'><strong>petitum</strong></span> <span class='ocrx_word' id='word_1_624' title='bbox 631 5508 694 5562; x_wconf 83' lang='lat' dir='ltr'><strong>tuit.</strong></span> 
     </span>
    </p>

    <p class='ocr_par' dir='ltr' id='par_1_15' title="bbox 125 5577 956 5715">
     <span class='ocr_line' id='line_1_77' title="bbox 158 5577 956 5657; baseline -0.001 -18"><span class='ocrx_word' id='word_1_625' title='bbox 158 5585 216 5655; x_wconf 88' lang='grc'>(89)</span> <span class='ocrx_word' id='word_1_626' title='bbox 233 5586 318 5642; x_wconf 82' lang='lat' dir='ltr'><strong>Rom.</strong></span> <span class='ocrx_word' id='word_1_627' title='bbox 334 5580 416 5652; x_wconf 83' lang='lat' dir='ltr'><strong>edit,</strong></span> <span class='ocrx_word' id='word_1_628' title='bbox 433 5599 446 5632; x_wconf 73' lang='grc' dir='ltr'><strong><em>ι</em></strong></span> <span class='ocrx_word' id='word_1_629' title='bbox 462 5577 570 5638; x_wconf 83' lang='lat' dir='ltr'><strong>virtute</strong></span> <span class='ocrx_word' id='word_1_630' title='bbox 585 5577 717 5657; x_wconf 87' lang='lat' dir='ltr'><strong>egregia,</strong></span> <span class='ocrx_word' id='word_1_631' title='bbox 734 5577 810 5637; x_wconf 83' lang='lat' dir='ltr'><strong>asini</strong></span> <span class='ocrx_word' id='word_1_632' title='bbox 835 5581 956 5643; x_wconf 83' lang='lat' dir='ltr'><strong>maxilla</strong></span> 
     </span>
     <span class='ocr_line' id='line_1_78' title="bbox 125 5652 414 5715; baseline -0.028 -1"><span class='ocrx_word' id='word_1_633' title='bbox 125 5652 383 5715; x_wconf 77' lang='lat' dir='ltr'><strong>consummaverit.</strong></span> <span class='ocrx_word' id='word_1_634' title='bbox 403 5673 414 5706; x_wconf 73' lang='grc' dir='ltr'>ι</span> 
     </span>
    </p>
   </div>
   <div class='ocr_carea' id='block_1_14' title="bbox 1003 3410 1857 4284">
    <p class='ocr_par' dir='ltr' id='par_1_16' title="bbox 1003 3410 1857 4284">
     <span class='ocr_line' id='line_1_79' title="bbox 1004 3410 1810 3484; baseline -0.009 -16"><span class='ocrx_word' id='word_1_635' title='bbox 1004 3413 1110 3468; x_wconf 83' lang='grc'>1111111</span> <span class='ocrx_word' id='word_1_636' title='bbox 1124 3417 1187 3468; x_wconf 89' lang='lat' dir='ltr'><strong>erat</strong></span> <span class='ocrx_word' id='word_1_637' title='bbox 1200 3412 1312 3467; x_wconf 91' lang='lat' dir='ltr'><strong>inloois</strong></span> <span class='ocrx_word' id='word_1_638' title='bbox 1328 3413 1555 3484; x_wconf 86' lang='lat' dir='ltr'><strong>Palestinorum,</strong></span> <span class='ocrx_word' id='word_1_639' title='bbox 1568 3416 1597 3469; x_wconf 92' lang='lat' dir='ltr'><strong>ct</strong></span> <span class='ocrx_word' id='word_1_640' title='bbox 1612 3414 1759 3469; x_wconf 86' lang='lat' dir='ltr'><strong>habitabat</strong></span> <span class='ocrx_word' id='word_1_641' title='bbox 1770 3410 1810 3466; x_wconf 87' lang='lat' dir='ltr'><strong>illic</strong></span> 
     </span>
     <span class='ocr_line' id='line_1_80' title="bbox 1003 3486 1857 3574; baseline -0.004 -16"><span class='ocrx_word' id='word_1_642' title='bbox 1003 3504 1033 3558; x_wconf 91' lang='lat' dir='ltr'><strong>in</strong></span> <span class='ocrx_word' id='word_1_643' title='bbox 1048 3502 1225 3558; x_wconf 88' lang='lat' dir='ltr'><strong>diversorio.</strong></span> <span class='ocrx_word' id='word_1_644' title='bbox 1236 3501 1320 3567; x_wconf 89' lang='lat' dir='ltr'><strong>Quod</strong></span> <span class='ocrx_word' id='word_1_645' title='bbox 1336 3503 1488 3574; x_wconf 82' lang='lat' dir='ltr'><strong>cognitum</strong></span> <span class='ocrx_word' id='word_1_646' title='bbox 1506 3503 1595 3558; x_wconf 83' lang='lat' dir='ltr'><strong>Gazei</strong></span> <span class='ocrx_word' id='word_1_647' title='bbox 1610 3503 1718 3573; x_wconf 76' lang='lat' dir='ltr'><strong>(Jndic.</strong></span> <span class='ocrx_word' id='word_1_648' title='bbox 1736 3518 1785 3570; x_wconf 81' lang='lat' dir='ltr'><strong>xri,</strong></span> <span class='ocrx_word' id='word_1_649' title='bbox 1801 3496 1809 3551; x_wconf 96' lang='grc'><strong>1</strong></span> <span class='ocrx_word' id='word_1_650' title='bbox 1855 3486 1857 3519; x_wconf 69' lang='lat'>⁹</span> 
     </span>
     <span class='ocr_line' id='line_1_81' title="bbox 1003 3575 1857 3663; baseline -0.005 -15"><span class='ocrx_word' id='word_1_651' title='bbox 1003 3593 1121 3663; x_wconf 88' lang='lat' dir='ltr'><strong>etseq.)</strong></span> <span class='ocrx_word' id='word_1_652' title='bbox 1140 3590 1615 3663; x_wconf 86' lang='lat' dir='ltr'><strong>haudquaquamdissimulatione</strong></span> <span class='ocrx_word' id='word_1_653' title='bbox 1634 3586 1812 3663; x_wconf 76' lang='lat' dir='ltr'><strong>praeterierant</strong></span> <span class='ocrx_word' id='word_1_654' title='bbox 1855 3575 1857 3607; x_wconf 78' lang='lat'><em>³</em></span> 
     </span>
     <span class='ocr_line' id='line_1_82' title="bbox 1004 3661 1857 3751; baseline -0.008 -14"><span class='ocrx_word' id='word_1_655' title='bbox 1004 3675 1812 3751; x_wconf 75' lang='lat' dir='ltr'><strong>sediestinantescircumdederuntdiversoriumeJ&#39;ns,et</strong></span> <span class='ocrx_word' id='word_1_656' title='bbox 1855 3661 1857 3684; x_wconf 90' lang='lat'>&#39;</span> 
     </span>
     <span class='ocr_line' id='line_1_83' title="bbox 1004 3765 1857 3846; baseline -0.008 -20"><span class='ocrx_word' id='word_1_657' title='bbox 1004 3770 1187 3826; x_wconf 90' lang='lat' dir='ltr'><strong>obsederunt</strong></span> <span class='ocrx_word' id='word_1_658' title='bbox 1202 3769 1362 3824; x_wconf 89' lang='lat' dir='ltr'><strong>universos</strong></span> <span class='ocrx_word' id='word_1_659' title='bbox 1377 3770 1475 3824; x_wconf 88' lang='lat' dir='ltr'><strong>aditus</strong></span> <span class='ocrx_word' id='word_1_660' title='bbox 1495 3769 1612 3841; x_wconf 88' lang='lat' dir='ltr'><strong>domus,</strong></span> <span class='ocrx_word' id='word_1_661' title='bbox 1628 3786 1668 3826; x_wconf 91' lang='lat' dir='ltr'><strong>ne</strong></span> <span class='ocrx_word' id='word_1_662' title='bbox 1696 3765 1812 3841; x_wconf 79' lang='lat' dir='ltr'><strong>iugenio</strong></span> <span class='ocrx_word' id='word_1_663' title='bbox 1854 3840 1857 3846; x_wconf 23' lang='grc' dir='ltr'>Ι</span> 
     </span>
     <span class='ocr_line' id='line_1_84' title="bbox 1004 3857 1813 3931; baseline -0.005 -16"><span class='ocrx_word' id='word_1_664' title='bbox 1004 3862 1090 3916; x_wconf 87' lang='grc'>11111</span> <span class='ocrx_word' id='word_1_665' title='bbox 1105 3862 1306 3928; x_wconf 86' lang='lat' dir='ltr'><strong>componeret.</strong></span> <span class='ocrx_word' id='word_1_666' title='bbox 1321 3859 1421 3930; x_wconf 87' lang='lat' dir='ltr'><strong>ltaque</strong></span> <span class='ocrx_word' id='word_1_667' title='bbox 1435 3857 1561 3914; x_wconf 88' lang='lat' dir='ltr'><strong>Samson</strong></span> <span class='ocrx_word' id='word_1_668' title='bbox 1571 3861 1694 3931; x_wconf 90' lang='lat' dir='ltr'><strong>cognito</strong></span> <span class='ocrx_word' id='word_1_669' title='bbox 1708 3857 1769 3930; x_wconf 91' lang='lat' dir='ltr'><strong>quid</strong></span> <span class='ocrx_word' id='word_1_670' title='bbox 1780 3869 1813 3925; x_wconf 82' lang='lat' dir='ltr'><strong>pa·</strong></span> 
     </span>
     <span class='ocr_line' id='line_1_85' title="bbox 1004 3947 1811 4019; baseline -0.009 -16"><span class='ocrx_word' id='word_1_671' title='bbox 1004 3949 1128 4017; x_wconf 84' lang='lat' dir='ltr'><strong>roratur,</strong></span> <span class='ocrx_word' id='word_1_672' title='bbox 1145 3948 1325 4019; x_wconf 88' lang='lat' dir='ltr'><strong>compositas</strong></span> <span class='ocrx_word' id='word_1_673' title='bbox 1340 3947 1465 4003; x_wconf 89' lang='lat' dir='ltr'><strong>insidias</strong></span> <span class='ocrx_word' id='word_1_674' title='bbox 1481 3949 1579 4003; x_wconf 88' lang='lat' dir='ltr'><strong>noctis</strong></span> <span class='ocrx_word' id='word_1_675' title='bbox 1596 3949 1693 4004; x_wconf 89' lang='lat' dir='ltr'><strong>medio</strong></span> <span class='ocrx_word' id='word_1_676' title='bbox 1707 3958 1811 4019; x_wconf 77' lang='lat' dir='ltr'><strong>prover·</strong></span> 
     </span>
     <span class='ocr_line' id='line_1_86' title="bbox 1003 4031 1809 4109; baseline 0.004 -15"><span class='ocrx_word' id='word_1_677' title='bbox 1003 4042 1087 4109; x_wconf 85' lang='lat' dir='ltr'><strong>tona,</strong></span> <span class='ocrx_word' id='word_1_678' title='bbox 1118 4035 1272 4091; x_wconf 87' lang='lat' dir='ltr'><strong>columnas</strong></span> <span class='ocrx_word' id='word_1_679' title='bbox 1296 4036 1401 4091; x_wconf 91' lang='lat' dir='ltr'><strong>domus</strong></span> <span class='ocrx_word' id='word_1_680' title='bbox 1429 4037 1568 4092; x_wconf 86' lang='lat' dir='ltr'><strong>manibus</strong></span> <span class='ocrx_word' id='word_1_681' title='bbox 1591 4036 1743 4109; x_wconf 86' lang='lat' dir='ltr'><strong>amplexus</strong></span> <span class='ocrx_word' id='word_1_682' title='bbox 1762 4031 1809 4103; x_wconf 67' lang='lat'>(93),</span> 
     </span>
     <span class='ocr_line' id='line_1_87' title="bbox 1004 4119 1809 4181; baseline -0.004 0"><span class='ocrx_word' id='word_1_683' title='bbox 1004 4126 1155 4181; x_wconf 87' lang='lat' dir='ltr'><strong>materiam</strong></span> <span class='ocrx_word' id='word_1_684' title='bbox 1173 4126 1264 4180; x_wconf 90' lang='lat' dir='ltr'><strong>totam</strong></span> <span class='ocrx_word' id='word_1_685' title='bbox 1278 4127 1307 4180; x_wconf 90' lang='lat' dir='ltr'><strong>et</strong></span> <span class='ocrx_word' id='word_1_686' title='bbox 1320 4125 1458 4180; x_wconf 91' lang='lat' dir='ltr'><strong>culminis</strong></span> <span class='ocrx_word' id='word_1_687' title='bbox 1482 4125 1591 4181; x_wconf 90' lang='lat' dir='ltr'><strong>molem</strong></span> <span class='ocrx_word' id='word_1_688' title='bbox 1612 4127 1727 4181; x_wconf 88' lang='lat' dir='ltr'><strong>cervice</strong></span> <span class='ocrx_word' id='word_1_689' title='bbox 1741 4119 1809 4178; x_wconf 68' lang='lat' dir='ltr'><strong>valido</strong></span> 
     </span>
     <span class='ocr_line' id='line_1_88' title="bbox 1005 4214 1808 4284; baseline -0.009 -13"><span class='ocrx_word' id='word_1_690' title='bbox 1005 4218 1188 4284; x_wconf 76' lang='lat' dir='ltr'><strong>sustentans,</strong></span> <span class='ocrx_word' id='word_1_691' title='bbox 1204 4215 1234 4269; x_wconf 94' lang='lat' dir='ltr'><strong>in</strong></span> <span class='ocrx_word' id='word_1_692' title='bbox 1249 4214 1391 4270; x_wconf 82' lang='lat' dir='ltr'><strong>vorticem</strong></span> <span class='ocrx_word' id='word_1_693' title='bbox 1406 4215 1515 4271; x_wconf 88' lang='lat' dir='ltr'><strong>montis</strong></span> <span class='ocrx_word' id='word_1_694' title='bbox 1529 4215 1669 4271; x_wconf 88' lang='lat' dir='ltr'><strong>altissimi</strong></span> <span class='ocrx_word' id='word_1_695' title='bbox 1686 4219 1808 4282; x_wconf 77' lang='lat' dir='ltr'><strong>transpor</strong></span> 
     </span>
    </p>
   </div>
   <div class='ocr_carea' id='block_1_15' title="bbox 1004 4355 1857 5422">
    <p class='ocr_par' dir='ltr' id='par_1_17' title="bbox 1004 4355 1857 4785">
     <span class='ocr_line' id='line_1_89' title="bbox 1040 4355 1805 4439; baseline 0.001 -27"><span class='ocrx_word' id='word_1_696' title='bbox 1040 4355 1367 4439; x_wconf 76' lang='grc'>(90)111111.11111.11</span> <span class='ocrx_word' id='word_1_697' title='bbox 1386 4372 1461 4412; x_wconf 91' lang='lat' dir='ltr'><strong>mss.</strong></span> <span class='ocrx_word' id='word_1_698' title='bbox 1482 4373 1597 4427; x_wconf 87' lang='lat' dir='ltr'><strong>omnes,</strong></span> <span class='ocrx_word' id='word_1_699' title='bbox 1622 4374 1683 4415; x_wconf 94' lang='lat' dir='ltr'><strong>uno</strong></span> <span class='ocrx_word' id='word_1_700' title='bbox 1704 4355 1805 4423; x_wconf 75' lang='lat' dir='ltr'><strong>excepto</strong></span> 
     </span>
     <span class='ocr_line' id='line_1_90' title="bbox 1004 4423 1804 4499; baseline -0.006 -15"><span class='ocrx_word' id='word_1_701' title='bbox 1004 4429 1208 4499; x_wconf 74' lang='grc'>1111111111,</span> <span class='ocrx_word' id='word_1_702' title='bbox 1236 4428 1393 4482; x_wconf 78' lang='lat' dir='ltr'><strong>«humano</strong></span> <span class='ocrx_word' id='word_1_703' title='bbox 1417 4429 1510 4499; x_wconf 87' lang='lat' dir='ltr'><strong>operi,</strong></span> <span class='ocrx_word' id='word_1_704' title='bbox 1528 4452 1539 4476; x_wconf 81' lang='grc' dir='ltr'>ι</span> <span class='ocrx_word' id='word_1_705' title='bbox 1567 4429 1688 4485; x_wconf 92' lang='lat' dir='ltr'><strong>minime</strong></span> <span class='ocrx_word' id='word_1_706' title='bbox 1702 4423 1804 4491; x_wconf 57' lang='lat' dir='ltr'><strong>malent</strong></span> 
     </span>
     <span class='ocr_line' id='line_1_91' title="bbox 1006 4498 1803 4572; baseline -0.006 -18"><span class='ocrx_word' id='word_1_707' title='bbox 1006 4499 1092 4554; x_wconf 83' lang='lat' dir='ltr'><strong>Rom.</strong></span> <span class='ocrx_word' id='word_1_708' title='bbox 1109 4500 1179 4554; x_wconf 91' lang='lat' dir='ltr'><strong>edit.</strong></span> <span class='ocrx_word' id='word_1_709' title='bbox 1195 4499 1372 4569; x_wconf 87' lang='lat' dir='ltr'><strong>emendavit,</strong></span> <span class='ocrx_word' id='word_1_710' title='bbox 1391 4520 1402 4548; x_wconf 83' lang='grc' dir='ltr'>ι</span> <span class='ocrx_word' id='word_1_711' title='bbox 1420 4499 1556 4554; x_wconf 73' lang='lat' dir='ltr'><strong>humanae</strong></span> <span class='ocrx_word' id='word_1_712' title='bbox 1572 4502 1631 4572; x_wconf 91' lang='lat' dir='ltr'><strong>opi.</strong></span> <span class='ocrx_word' id='word_1_713' title='bbox 1651 4524 1663 4549; x_wconf 66' lang='grc'><strong>1</strong></span> <span class='ocrx_word' id='word_1_714' title='bbox 1684 4498 1803 4554; x_wconf 78' lang='lat' dir='ltr'><strong>verunta-</strong></span> 
     </span>
     <span class='ocr_line' id='line_1_92' title="bbox 1006 4562 1857 4642; baseline -0.004 -17"><span class='ocrx_word' id='word_1_715' title='bbox 1006 4587 1073 4626; x_wconf 91' lang='lat' dir='ltr'><strong>men</strong></span> <span class='ocrx_word' id='word_1_716' title='bbox 1090 4594 1102 4618; x_wconf 85' lang='lat'>«</span> <span class='ocrx_word' id='word_1_717' title='bbox 1119 4572 1256 4625; x_wconf 80' lang='lat' dir='ltr'><strong>humanae</strong></span> <span class='ocrx_word' id='word_1_718' title='bbox 1273 4570 1338 4640; x_wconf 93' lang='lat' dir='ltr'><strong>opis</strong></span> <span class='ocrx_word' id='word_1_719' title='bbox 1355 4593 1366 4619; x_wconf 82' lang='grc' dir='ltr'>ι</span> <span class='ocrx_word' id='word_1_720' title='bbox 1385 4573 1465 4629; x_wconf 83' lang='grc'>11111</span> <span class='ocrx_word' id='word_1_721' title='bbox 1489 4572 1605 4626; x_wconf 87' lang='lat' dir='ltr'><strong>servari</strong></span> <span class='ocrx_word' id='word_1_722' title='bbox 1627 4562 1802 4642; x_wconf 64' lang='lat' dir='ltr'><strong>potestante</strong></span> <span class='ocrx_word' id='word_1_723' title='bbox 1855 4581 1857 4586; x_wconf 92' lang='grc'><strong><em>·</em></strong></span> 
     </span>
     <span class='ocr_line' id='line_1_93' title="bbox 1006 4640 1857 4713; baseline -0.007 -16"><span class='ocrx_word' id='word_1_724' title='bbox 1006 4644 1051 4697; x_wconf 89' lang='lat' dir='ltr'><strong>sie</strong></span> <span class='ocrx_word' id='word_1_725' title='bbox 1068 4645 1266 4711; x_wconf 81' lang='lat' dir='ltr'><strong>construatur,</strong></span> <span class='ocrx_word' id='word_1_726' title='bbox 1283 4640 1357 4696; x_wconf 91' lang='lat' dir='ltr'><strong>nibil</strong></span> <span class='ocrx_word' id='word_1_727' title='bbox 1372 4640 1509 4697; x_wconf 76' lang='lat' dir='ltr'><strong>humanae</strong></span> <span class='ocrx_word' id='word_1_728' title='bbox 1525 4642 1602 4713; x_wconf 88' lang='lat' dir='ltr'><strong>opis,</strong></span> <span class='ocrx_word' id='word_1_729' title='bbox 1618 4643 1648 4696; x_wconf 95' lang='lat' dir='ltr'><strong>id</strong></span> <span class='ocrx_word' id='word_1_730' title='bbox 1663 4647 1715 4708; x_wconf 88' lang='lat' dir='ltr'><strong>est,</strong></span> <span class='ocrx_word' id='word_1_731' title='bbox 1728 4640 1801 4693; x_wconf 77' lang='lat' dir='ltr'><strong>huna·</strong></span> <span class='ocrx_word' id='word_1_732' title='bbox 1852 4640 1857 4681; x_wconf 85' lang='lat' dir='ltr'><strong>t</strong></span> 
     </span>
     <span class='ocr_line' id='line_1_94' title="bbox 1006 4712 1857 4785; baseline -0.001 -16"><span class='ocrx_word' id='word_1_733' title='bbox 1006 4730 1110 4769; x_wconf 90' lang='lat' dir='ltr'><strong>narum</strong></span> <span class='ocrx_word' id='word_1_734' title='bbox 1126 4713 1242 4783; x_wconf 92' lang='lat' dir='ltr'><strong>virium,</strong></span> <span class='ocrx_word' id='word_1_735' title='bbox 1262 4734 1272 4761; x_wconf 79' lang='grc' dir='ltr'>ι</span> <span class='ocrx_word' id='word_1_736' title='bbox 1289 4717 1348 4766; x_wconf 91' lang='lat' dir='ltr'><strong>tam</strong></span> <span class='ocrx_word' id='word_1_737' title='bbox 1364 4712 1451 4767; x_wconf 86' lang='grc'>111111</span> <span class='ocrx_word' id='word_1_738' title='bbox 1466 4718 1558 4781; x_wconf 88' lang='lat' dir='ltr'><strong>esset,</strong></span> <span class='ocrx_word' id='word_1_739' title='bbox 1575 4713 1665 4785; x_wconf 90' lang='lat' dir='ltr'><strong>quod,</strong></span> <span class='ocrx_word' id='word_1_740' title='bbox 1681 4718 1754 4767; x_wconf 86' lang='lat' dir='ltr'><strong>etc·</strong></span> <span class='ocrx_word' id='word_1_741' title='bbox 1849 4728 1857 4768; x_wconf 77' lang='grc' dir='ltr'>ε</span> 
     </span>
    </p>

    <p class='ocr_par' dir='ltr' id='par_1_18' title="bbox 1007 4783 1800 4996">
     <span class='ocr_line' id='line_1_95' title="bbox 1042 4783 1799 4854; baseline -0.007 -15"><span class='ocrx_word' id='word_1_742' title='bbox 1042 4784 1098 4854; x_wconf 86' lang='grc'>(61)</span> <span class='ocrx_word' id='word_1_743' title='bbox 1124 4785 1209 4840; x_wconf 80' lang='lat' dir='ltr'><strong>lloin.</strong></span> <span class='ocrx_word' id='word_1_744' title='bbox 1233 4784 1302 4838; x_wconf 90' lang='lat' dir='ltr'><strong>edit.</strong></span> <span class='ocrx_word' id='word_1_745' title='bbox 1330 4784 1410 4853; x_wconf 90' lang='lat' dir='ltr'><strong>sola,</strong></span> <span class='ocrx_word' id='word_1_746' title='bbox 1436 4785 1664 4840; x_wconf 83' lang='lat' dir='ltr'><strong>«invocationis</strong></span> <span class='ocrx_word' id='word_1_747' title='bbox 1687 4783 1799 4838; x_wconf 80' lang='lat' dir='ltr'><strong>iontem·</strong></span> 
     </span>
     <span class='ocr_line' id='line_1_96' title="bbox 1007 4855 1800 4926; baseline -0.008 -17"><span class='ocrx_word' id='word_1_748' title='bbox 1007 4855 1093 4909; x_wconf 90' lang='lat' dir='ltr'><strong>Hunc</strong></span> <span class='ocrx_word' id='word_1_749' title='bbox 1108 4871 1197 4926; x_wconf 90' lang='lat' dir='ltr'><strong>porro</strong></span> <span class='ocrx_word' id='word_1_750' title='bbox 1212 4870 1272 4908; x_wconf 91' lang='lat' dir='ltr'><strong>non</strong></span> <span class='ocrx_word' id='word_1_751' title='bbox 1297 4869 1335 4908; x_wconf 90' lang='lat' dir='ltr'><strong>ex</strong></span> <span class='ocrx_word' id='word_1_752' title='bbox 1354 4855 1420 4925; x_wconf 88' lang='lat' dir='ltr'><strong>ipsa</strong></span> <span class='ocrx_word' id='word_1_753' title='bbox 1434 4855 1563 4926; x_wconf 86' lang='lat' dir='ltr'><strong>maxilla,</strong></span> <span class='ocrx_word' id='word_1_754' title='bbox 1580 4871 1633 4911; x_wconf 90' lang='lat' dir='ltr'><strong>sec</strong></span> <span class='ocrx_word' id='word_1_755' title='bbox 1648 4855 1800 4916; x_wconf 68' lang='grc'>111111111-</span> 
     </span>
     <span class='ocr_line' id='line_1_97' title="bbox 1008 4926 1554 4996; baseline 0 -16"><span class='ocrx_word' id='word_1_756' title='bbox 1008 4931 1052 4981; x_wconf 88' lang='grc'><strong>111</strong></span> <span class='ocrx_word' id='word_1_757' title='bbox 1068 4926 1263 4981; x_wconf 87' lang='lat' dir='ltr'><strong>scaturivisse</strong></span> <span class='ocrx_word' id='word_1_758' title='bbox 1278 4933 1378 4979; x_wconf 87' lang='lat' dir='ltr'><strong>narrat</strong></span> <span class='ocrx_word' id='word_1_759' title='bbox 1392 4926 1554 4996; x_wconf 84' lang='lat' dir='ltr'><strong>losephus.</strong></span> 
     </span>
    </p>

    <p class='ocr_par' dir='ltr' id='par_1_19' title="bbox 1007 4996 1857 5422">
     <span class='ocr_line' id='line_1_98' title="bbox 1043 4996 1800 5068; baseline -0.001 -17"><span class='ocrx_word' id='word_1_760' title='bbox 1043 4998 1100 5068; x_wconf 73' lang='grc'>(91)</span> <span class='ocrx_word' id='word_1_761' title='bbox 1116 4997 1225 5051; x_wconf 89' lang='lat' dir='ltr'><strong>Eadem</strong></span> <span class='ocrx_word' id='word_1_762' title='bbox 1239 4996 1308 5050; x_wconf 91' lang='lat' dir='ltr'><strong>edit.</strong></span> <span class='ocrx_word' id='word_1_763' title='bbox 1326 4997 1424 5066; x_wconf 84' lang='lat' dir='ltr'><strong>Rom,</strong></span> <span class='ocrx_word' id='word_1_764' title='bbox 1443 5001 1663 5067; x_wconf 73' lang='lat' dir='ltr'><strong>upraevertens,</strong></span> <span class='ocrx_word' id='word_1_765' title='bbox 1678 4996 1747 5052; x_wconf 81' lang='lat' dir='ltr'><strong>iores</strong></span> <span class='ocrx_word' id='word_1_766' title='bbox 1757 4998 1800 5059; x_wconf 70' lang='lat' dir='ltr'><strong>pti·</strong></span> 
     </span>
     <span class='ocr_line' id='line_1_99' title="bbox 1007 5067 1857 5139; baseline -0.006 -16"><span class='ocrx_word' id='word_1_767' title='bbox 1007 5072 1045 5123; x_wconf 79' lang='lat' dir='ltr'><strong>tas</strong></span> <span class='ocrx_word' id='word_1_768' title='bbox 1062 5069 1144 5122; x_wconf 87' lang='lat' dir='ltr'><strong>urbis</strong></span> <span class='ocrx_word' id='word_1_769' title='bbox 1156 5070 1184 5121; x_wconf 89' lang='lat' dir='ltr'><strong>et</strong></span> <span class='ocrx_word' id='word_1_770' title='bbox 1192 5071 1335 5137; x_wconf 91' lang='lat' dir='ltr'><strong>utrosque</strong></span> <span class='ocrx_word' id='word_1_771' title='bbox 1345 5071 1448 5138; x_wconf 91' lang='lat' dir='ltr'><strong>postes</strong></span> <span class='ocrx_word' id='word_1_772' title='bbox 1459 5068 1596 5123; x_wconf 87' lang='lat' dir='ltr'><strong>manibus</strong></span> <span class='ocrx_word' id='word_1_773' title='bbox 1607 5068 1756 5139; x_wconf 82' lang='lat' dir='ltr'><strong>amplexus,</strong></span> <span class='ocrx_word' id='word_1_774' title='bbox 1765 5067 1802 5112; x_wconf 71' lang='lat'><strong>1⁰³·</strong></span> <span class='ocrx_word' id='word_1_775' title='bbox 1844 5080 1857 5132; x_wconf 72' lang='grc'><strong>1.</strong></span> 
     </span>
     <span class='ocr_line' id='line_1_100' title="bbox 1008 5136 1857 5210; baseline -0.012 -17"><span class='ocrx_word' id='word_1_776' title='bbox 1008 5141 1111 5193; x_wconf 90' lang='lat' dir='ltr'><strong>teriem</strong></span> <span class='ocrx_word' id='word_1_777' title='bbox 1126 5142 1215 5193; x_wconf 91' lang='lat' dir='ltr'><strong>totam</strong></span> <span class='ocrx_word' id='word_1_778' title='bbox 1230 5142 1259 5192; x_wconf 94' lang='lat' dir='ltr'><strong>et</strong></span> <span class='ocrx_word' id='word_1_779' title='bbox 1267 5153 1365 5192; x_wconf 89' lang='lat' dir='ltr'><strong>seram</strong></span> <span class='ocrx_word' id='word_1_780' title='bbox 1376 5139 1502 5208; x_wconf 90' lang='lat' dir='ltr'><strong>cervice,</strong></span> <span class='ocrx_word' id='word_1_781' title='bbox 1516 5162 1528 5186; x_wconf 74' lang='grc' dir='ltr'>ι</span> <span class='ocrx_word' id='word_1_782' title='bbox 1541 5136 1802 5210; x_wconf 70' lang='grc' dir='ltr'><strong>111.;111.1(111.111ι</strong></span> <span class='ocrx_word' id='word_1_783' title='bbox 1845 5140 1857 5188; x_wconf 72' lang='lat' dir='ltr'><strong>a·</strong></span> 
     </span>
     <span class='ocr_line' id='line_1_101' title="bbox 1008 5202 1801 5281; baseline -0.001 -17"><span class='ocrx_word' id='word_1_784' title='bbox 1008 5226 1082 5265; x_wconf 89' lang='lat' dir='ltr'><strong>mss.</strong></span> <span class='ocrx_word' id='word_1_785' title='bbox 1100 5210 1248 5279; x_wconf 77' lang='lat' dir='ltr'><strong>omnibuS,</strong></span> <span class='ocrx_word' id='word_1_786' title='bbox 1265 5211 1340 5263; x_wconf 91' lang='lat' dir='ltr'><strong>utin</strong></span> <span class='ocrx_word' id='word_1_787' title='bbox 1356 5213 1504 5275; x_wconf 89' lang='lat' dir='ltr'><strong>contextu,</strong></span> <span class='ocrx_word' id='word_1_788' title='bbox 1521 5211 1581 5264; x_wconf 89' lang='lat' dir='ltr'><strong>nisi</strong></span> <span class='ocrx_word' id='word_1_789' title='bbox 1613 5202 1801 5281; x_wconf 59' lang='grc' dir='ltr'><strong>1111111111κ</strong></span> 
     </span>
     <span class='ocr_line' id='line_1_102' title="bbox 1008 5271 1853 5350; baseline -0.007 -14"><span class='ocrx_word' id='word_1_790' title='bbox 1008 5297 1084 5336; x_wconf 75' lang='lat' dir='ltr'><strong>rtem</strong></span> <span class='ocrx_word' id='word_1_791' title='bbox 1100 5297 1177 5335; x_wconf 83' lang='lat' dir='ltr'><strong>unus</strong></span> <span class='ocrx_word' id='word_1_792' title='bbox 1185 5297 1259 5334; x_wconf 90' lang='lat' dir='ltr'><strong>mss.</strong></span> <span class='ocrx_word' id='word_1_793' title='bbox 1273 5281 1393 5334; x_wconf 87' lang='lat' dir='ltr'><strong>exhibet</strong></span> <span class='ocrx_word' id='word_1_794' title='bbox 1403 5282 1573 5336; x_wconf 84' lang='lat' dir='ltr'><strong>maceriem.</strong></span> <span class='ocrx_word' id='word_1_795' title='bbox 1588 5282 1655 5336; x_wconf 79' lang='lat' dir='ltr'><strong>hon</strong></span> <span class='ocrx_word' id='word_1_796' title='bbox 1664 5281 1732 5336; x_wconf 86' lang='lat' dir='ltr'><strong>satis</strong></span> <span class='ocrx_word' id='word_1_797' title='bbox 1740 5271 1802 5338; x_wconf 64' lang='lat' dir='ltr'><strong>recte,</strong></span> <span class='ocrx_word' id='word_1_798' title='bbox 1850 5347 1853 5350; x_wconf 21' lang='grc' dir='ltr'>Ι</span> 
     </span>
     <span class='ocr_line' id='line_1_103' title="bbox 1008 5335 1857 5422; baseline 0.004 -15"><span class='ocrx_word' id='word_1_799' title='bbox 1008 5369 1076 5407; x_wconf 88' lang='lat' dir='ltr'><strong>nam</strong></span> <span class='ocrx_word' id='word_1_800' title='bbox 1091 5368 1144 5422; x_wconf 87' lang='lat' dir='ltr'><strong>per</strong></span> <span class='ocrx_word' id='word_1_801' title='bbox 1160 5374 1170 5399; x_wconf 87' lang='grc' dir='ltr'>ι</span> <span class='ocrx_word' id='word_1_802' title='bbox 1184 5353 1336 5406; x_wconf 89' lang='lat' dir='ltr'><strong>materiem</strong></span> <span class='ocrx_word' id='word_1_803' title='bbox 1346 5355 1436 5406; x_wconf 91' lang='lat' dir='ltr'><strong>totam</strong></span> <span class='ocrx_word' id='word_1_804' title='bbox 1450 5373 1460 5400; x_wconf 80' lang='grc' dir='ltr'><strong>ιι</strong></span> <span class='ocrx_word' id='word_1_805' title='bbox 1478 5353 1644 5408; x_wconf 91' lang='lat' dir='ltr'><strong>redduntur</strong></span> <span class='ocrx_word' id='word_1_806' title='bbox 1657 5353 1704 5407; x_wconf 90' lang='lat' dir='ltr'><strong>illa</strong></span> <span class='ocrx_word' id='word_1_807' title='bbox 1714 5335 1803 5409; x_wconf 74' lang='lat' dir='ltr'><strong>tostlhl</strong></span> <span class='ocrx_word' id='word_1_808' title='bbox 1851 5363 1857 5397; x_wconf 73' lang='lat'><em>³</em></span> 
     </span>
    </p>
   </div>
   <div class='ocr_carea' id='block_1_16' title="bbox 1006 5403 1857 5640">
    <p class='ocr_par' dir='ltr' id='par_1_20' title="bbox 1006 5403 1857 5640">
     <span class='ocr_line' id='line_1_104' title="bbox 1007 5403 1857 5505; baseline -0.002 -29"><span class='ocrx_word' id='word_1_809' title='bbox 1007 5425 1108 5494; x_wconf 73' lang='lat' dir='ltr'><strong>ver-na,</strong></span> <span class='ocrx_word' id='word_1_810' title='bbox 1124 5424 1171 5490; x_wconf 67' lang='lat' dir='ltr'><strong>te.</strong></span> <span class='ocrx_word' id='word_1_811' title='bbox 1181 5449 1207 5484; x_wconf 70' lang='lat' dir='ltr'><strong>e</strong></span> <span class='ocrx_word' id='word_1_812' title='bbox 1218 5429 1280 5490; x_wconf 70' lang='grc' dir='ltr'>«11η</span> <span class='ocrx_word' id='word_1_813' title='bbox 1291 5431 1349 5505; x_wconf 65' lang='grc' dir='ltr'><strong>περί</strong></span> <span class='ocrx_word' id='word_1_814' title='bbox 1360 5426 1457 5495; x_wconf 61' lang='grc' dir='ltr'>αὐταῖς</span> <span class='ocrx_word' id='word_1_815' title='bbox 1472 5435 1502 5490; x_wconf 70' lang='grc' dir='ltr'><strong>ῆν</strong></span> <span class='ocrx_word' id='word_1_816' title='bbox 1517 5430 1643 5499; x_wconf 57' lang='grc' dir='ltr'><strong>ξύλωσις.</strong></span> <span class='ocrx_word' id='word_1_817' title='bbox 1655 5403 1805 5492; x_wconf 63' lang='lat' dir='ltr'><strong>cateruas}</strong></span> <span class='ocrx_word' id='word_1_818' title='bbox 1851 5428 1857 5463; x_wconf 71' lang='lat' dir='ltr'><strong>r</strong></span> 
     </span>
     <span class='ocr_line' id='line_1_105' title="bbox 1006 5491 1857 5577; baseline -0.002 -19"><span class='ocrx_word' id='word_1_819' title='bbox 1006 5511 1108 5560; x_wconf 87' lang='lat' dir='ltr'><strong>vectes</strong></span> <span class='ocrx_word' id='word_1_820' title='bbox 1123 5509 1216 5575; x_wconf 73' lang='lat' dir='ltr'><strong>portae</strong></span> <span class='ocrx_word' id='word_1_821' title='bbox 1232 5505 1337 5560; x_wconf 87' lang='lat' dir='ltr'><strong>omittit</strong></span> <span class='ocrx_word' id='word_1_822' title='bbox 1352 5503 1542 5577; x_wconf 87' lang='lat' dir='ltr'><strong>Ambrosius,</strong></span> <span class='ocrx_word' id='word_1_823' title='bbox 1558 5505 1599 5561; x_wconf 89' lang='lat' dir='ltr'><strong>ita</strong></span> <span class='ocrx_word' id='word_1_824' title='bbox 1613 5505 1721 5563; x_wconf 70' lang='lat' dir='ltr'><strong>etiamr</strong></span> <span class='ocrx_word' id='word_1_825' title='bbox 1738 5491 1806 5557; x_wconf 73' lang='grc'>111111·</span> <span class='ocrx_word' id='word_1_826' title='bbox 1845 5502 1857 5575; x_wconf 64' lang='lat' dir='ltr'><strong>t]</strong></span> 
     </span>
     <span class='ocr_line' id='line_1_106' title="bbox 1007 5576 1854 5640; baseline -0.009 -1"><span class='ocrx_word' id='word_1_827' title='bbox 1007 5579 1054 5639; x_wconf 80' lang='lat' dir='ltr'><strong>nis</strong></span> <span class='ocrx_word' id='word_1_828' title='bbox 1071 5579 1179 5639; x_wconf 82' lang='lat' dir='ltr'><strong>molem</strong></span> <span class='ocrx_word' id='word_1_829' title='bbox 1197 5599 1207 5625; x_wconf 72' lang='grc' dir='ltr'><strong>ιι</strong></span> <span class='ocrx_word' id='word_1_830' title='bbox 1226 5576 1310 5638; x_wconf 79' lang='lat' dir='ltr'><strong>sotus</strong></span> <span class='ocrx_word' id='word_1_831' title='bbox 1326 5578 1479 5640; x_wconf 85' lang='lat' dir='ltr'><strong>memorat.</strong></span> <span class='ocrx_word' id='word_1_832' title='bbox 1848 5580 1854 5615; x_wconf 77' lang='lat'><strong>¹-</strong></span> 
     </span>
    </p>
   </div>
   <div class='ocr_carea' id='block_1_17' title="bbox 0 0 1968 6128">
    <p class='ocr_par' dir='ltr' id='par_1_21' title="bbox 0 0 1968 6128">
     <span class='ocr_line' id='line_1_107' title="bbox 0 0 1968 6128; baseline 0 0"><span class='ocrx_word' id='word_1_833' title='bbox 0 0 1968 6128; x_wconf 95' lang='lat' dir='ltr'><strong> </strong></span> 
     </span>
    </p>
   </div>
  </div>
 </body>
</html>
