3900 6128
71 281 149 348 1605

71 495 139 530 cese.
165 481 233 530 Tum
254 479 391 528 amborum
418 483 548 527 certamen
571 476 727 526 describitur
752 491 758 527 :
783 475 854 539 quod
875 488 907 523 ex

70 545 210 604 utriusque
231 542 346 590 nominis
369 540 500 602 praesagio
523 540 637 588 Sanctus
659 539 782 588 illustrat.
808 537 907 586 Deinde

71 620 150 667 quam
163 607 188 653 in
206 604 358 653 indecorum
371 607 528 664 acceperant
543 603 661 659 tumulis,
677 600 813 663 sepultura
830 613 907 649 com·

72 673 214 716 memorata
230 670 327 729 quanto
342 678 403 714 cum
418 664 514 728 gaudie
531 663 626 712 detecti
648 669 724 725 atque
740 663 825 712 educti
845 663 905 772 sgn5t1,

73 732 160 778 refert.

104 790 168 840 Car.
187 791 219 839 ll.
235 789 363 838 -Primo
374 787 543 850 reliquiarum
553 787 663 850 pretium
674 785 822 848 amplificat,
837 785 908 833 dein·

72 853 103 901 de
118 853 249 903 lulianam
259 852 374 908 viduam,
389 849 510 912 quasillis
525 851 674 906 donaretur,
684 849 789 912 dIgnam
802 848 905 907 asserit;

71 917 137 964 hanc
151 916 220 964 caini
233 929 292 963 cum
307 912 485 961 honorandam
499 925 531 959 ex
544 911 681 974 apostolo,
699 915 752 959 tum
767 923 798 959 eo
813 909 908 972 praedi·

72 977 179 1086 ‹claildam
201 976 273 1038 quod
288 974 413 1024 Ecclesia
436 973 529 1022 damna
543 986 620 1036 quam
637 975 743 1036 propria
760 985 808 1021 sua
823 972 907 1083 mag}

90 1045 178 1088 neret.

102 1101 167 1150 Car.
184 1099 268 1148 lll.-
279 1097 388 1147 fullans—2
403 1097 436 1146 ad
450 1097 547 1146 liberos
562 1096 719 1146 exhortatio.
736 1095 790 1146 lllie
805 1095 906 1159 princi·

74 1164 118 1226 pio
143 1164 225 1211 fllium
239 1166 328 1209 monet
352 1173 410 1208 eum
432 1172 485 1208 non
506 1164 602 1208 temero
623 1161 712 1208 vocari
727 1159 906 1218 Laurentium,

74 1225 118 1273 sed
133 1225 203 1287 quod
217 1224 341 1284 martvris
352 1221 517 1297 cognominis
530 1222 676 1284 patrocinio
690 1226 833 1283 conceptus
847 1221 906 1269 fue·

73 1288 115 1343 rit,
128 1294 204 1349 atque
216 1285 299 1333 eidem
311 1298 470 1349 premissus.
486 1282 576 1332 Solvet
591 1284 670 1348 igitur
685 1289 821 1345 parentum
835 1287 905 1330 vota.

72 1349 143 1397 Nihil
158 1349 208 1411 ipsi
223 1360 282 1395 esee
303 1360 355 1408 quo
370 1346 525 1402 retardetur,
541 1358 601 1394 cum
618 1346 722 1394 caeteris
737 1346 816 1393 rebus
836 1343 905 1393 divi·

73 1425 134 1459 num
147 1410 284 1459 servitium
298 1409 468 1471 prestantius
482 1407 525 1466 sit,
536 1407 671 1457 hominnm
684 1412 770 1455 autem
784 1408 838 1456 vita
855 1407 906 1455 mi-

73 1473 183 1521 serrima
199 1484 205 1519 t
221 1477 309 1534 patere
324 1475 408 1520 tamen
423 1470 521 1518 exitum
534 1483 565 1518 ex
578 1469 638 1531 ejus
653 1467 737 1527 malis,
753 1468 830 1516 modo
845 1483 906 1518 cas-

73 1537 170 1583 titatem
185 1533 222 1582 illi
236 1534 342 1597 eligant,
367 1534 409 1581 cui
424 1531 541 1595 conjugii
557 1533 673 1581 servitus
696 1532 739 1580 hic
754 1532 908 1642 opponit&

104 1659 169 1708 Car.
189 1658 232 1707 tv.
253 1683 282 1696 -
298 1656 458 1721 Integritatis
481 1654 605 1716 dignitate
629 1655 741 1703 strictim
761 1656 906 1717 proposita,

73 1736 132 1783 quae
145 1721 177 1770 ad
193 1733 222 1769 ea
236 1719 359 1783 fugienda
375 1718 433 1766 illas
448 1720 549 1766 exciret.
566 1717 686 1779 Apostoli
701 1718 854 1765 sententiam
865 1722 905 1765 at·

73 1798 124 1845 que
139 1783 285 1845 exemplum
295 1783 321 1829 in
336 1781 449 1830 medium
458 1781 541 1827 affert.
558 1779 626 1828 llinc
639 1780 789 1827 memoratis
801 1784 826 1827 at
841 1792 907 1841 quas

75 1847 100 1893 in
118 1845 281 1894 matrimonio
303 1843 417 1906 pertulit,
433 1846 459 1890 et
472 1854 538 1904 quas
562 1842 588 1889 iu
602 1841 726 1890 viduitate
748 1854 907 1903 perpessura

72 1914 113 1956 est
127 1907 250 1963 miseriis,
261 1907 371 1954 aftlrmat
383 1907 438 1953 fore
452 1910 480 1952 ut
491 1904 541 1952 illac
554 1917 645 1951 omnes
656 1916 746 1951 earum
759 1903 907 1967 virginitate

73 1975 235 2032 reparentur,
252 1982 300 2016 nec
315 1969 371 2030 ipsa
387 1968 497 2029 posthac
511 1966 634 2027 prasidio
652 1965 705 2014 ullo
721 1965 844 2029 indigeat.
861 1964 907 2014 357

105 2031 170 2079 Car.
183 2031 215 2079 V.
230 2055 259 2068 -
270 2029 424 2093 Virginibus
435 2029 461 2075 in
473 2032 584 2089 utroque
600 2028 696 2076 foedere
704 2027 815 2090 palmam
826 2027 907 2089 publi·

73 2108 110 2142 em
126 2093 219 2141 salutis
232 2093 391 2147 attributam,
416 2091 555 2151 variasque
579 2091 749 2152 mysticarum
773 2090 907 2153 virginum

73 2155 163 2204 laudes
179 2154 343 2204 celebratae:
361 2155 472 2214 itemque
496 2152 658 2216 designatam
680 2150 749 2200 herti
770 2163 800 2198 ac
822 2151 907 2199 vinem

73 2218 156 2281 figura
164 2217 350 2279 virginitatem,
362 2227 414 2263 non
423 2227 537 2262 secusac
548 2213 665 2262 oleorum
674 2213 905 2276 typoconjugium;

73 2279 141 2327 unde
156 2278 224 2327 lilios
237 2279 368 2334 admonet,
384 2281 412 2324 ut
426 2273 533 2338 rejectis
556 2276 646 2324 Achab
661 2281 686 2323 et
707 2273 810 2324 lezabel
825 2274 906 2336 spiri·

72 2341 195 2398 tualibus,
211 2354 301 2390 verum
315 2339 389 2388 illum
400 2339 503 2387 Nabeth
513 2336 702 2398 amplectantur
714 2350 762 2400 pro
773 2336 850 2384 nobis
860 2349 904 2385 ac·

73 2409 192 2453 casatum
207 2407 284 2464 atque
299 2403 425 2450 occisum.
441 2399 616 2457 Quamobrem
634 2399 740 2447 venisse
763 2397 906 2460 pradictus

74 2467 107 2514 sit
122 2478 202 2527 super
218 2465 312 2514 nubem
329 2464 421 2521 levem,
429 2468 455 2509 et
465 2474 513 2510 cur
523 2462 598 2509 etiam
608 2466 717 2509 matrem
727 2474 801 2510 suam
811 2461 907 2510 loanni

73 2527 301 2576 commendaverit.
318 2524 453 2584 Quomodo
469 2523 572 2572 tandem
597 2524 639 2571 hic
661 2523 705 2585 qui
731 2529 759 2572 ut
778 2523 907 2632 mysticus

75 2591 140 2639 Levi
155 2589 217 2638 nihil
234 2589 353 2646 habebat,
370 2587 465 2650 legitur
481 2598 537 2634 eam
551 2587 685 2647 accepisse
699 2585 726 2634 in
743 2588 807 2634 sua·
860 2583 907 2634 859

106 2652 172 2701 Car.
187 2652 233 2701 Vl.
249 2676 280 2688 -
289 2651 404 2712 adaptat
412 2646 474 2697 filiis
488 2648 556 2696 dicta
570 2648 704 2709 superius,
715 2647 792 2697 decet
805 2660 856 2710 qua
868 2660 908 2696 ra·

73 2716 143 2764 tione
158 2715 210 2776 ipsi
226 2714 308 2762 nubes
321 2713 391 2760 leves
409 2724 468 2758 esse
490 2715 586 2771 queant
605 2723 652 2771 per
667 2710 840 2774 virginitatem
861 2715 908 2759 :et

72 2777 134 2824 dare
150 2776 214 2824 Levi
230 2787 307 2824 veros
322 2774 391 2837 ejus,
409 2774 432 2822 si
448 2771 511 2820 tales
524 2772 646 2820 nimirum
657 2777 833 2834 permaneant,
845 2785 908 2844 qua·

72 2839 111 2887 les
125 2840 200 2901 primi
212 2844 334 2900 parentes
345 2842 404 2884 ante
416 2839 561 2898 peccatum.
573 2835 675 2883 Horum
685 2832 753 2883 illios
762 2849 829 2895 quos
840 2848 907 2896 erec·

73 2901 91 2948 ti
106 2916 119 2948 c
133 2901 258 2963 paradiso
275 2903 431 2964 genuerunt,
447 2902 581 2959 comparat
598 2913 605 2947 ε
621 2903 646 2945 et
660 2898 757 2958 prioris
771 2898 817 2946 fllii
831 2910 907 2946 occa·

74 2964 148 3011 sione
164 2975 230 3010 suos
248 2963 379 3017 hortatur,
392 2966 421 3008 ut
434 2963 579 3007 mundanas
595 2973 647 3007 non
680 2965 781 3008 uaerant
794 2973 906 3021 posses·

74 3026 173 3081 aiones,
195 3037 261 3086 quas
275 3022 335 3071 illim
350 3020 477 3085 Salphaad
493 3020 647 3070 ambierunt.
662 2973 729 3078 {uid
744 3035 790 3083 per
803 3022 853 3069 hoc
867 3023 905 3070 si-

73 3087 221 3149 gnificetur,
238 3098 337 3148 quasve
352 3090 438 3133 sortes
453 3081 648 3145 LeviJubemur
666 3081 746 3131 derel
763 3083 906 3132 Dominicae

73 3162 104 3197 ac
115 3148 235 3196 Mesaicrc
246 3148 392 3196 sortitionis
401 3145 706 3208 quodnamdiscriminen
714 3143 726 3192 l
735 3146 835 3194 Harum
845 3144 906 3194 alte-

73 3224 102 3258 ra
117 3210 323 3268 matrimonium,
338 3209 419 3258 altera
437 3208 611 3271 virginitatem
627 3207 736 3270 signari,
752 3220 810 3271 quae
824 3206 905 3256 liber-

73 3278 152 3321 tatem
167 3273 347 3320 ministrorum
362 3269 459 3319 Christi
475 3282 542 3333 pone
557 3271 686 3331 sequitur.
859 3270 904 3320 881

105 3335 171 3384 Car.
189 3334 244 3382 Vll.
262 3360 293 3369 —
304 3333 442 3397 virginum
466 3330 636 3389 sterilitatem,
652 3331 760 3382 aliarum
774 3332 906 3381 fmeundi·

74 3403 124 3445 tate
139 3397 266 3459 potiorem
282 3409 350 3452 esse,
367 3407 428 3444 cum
442 3393 564 3443 Ecclesia
579 3395 692 3443 imitetur
706 3395 830 3505 copiosos
847 3407 906 3459 par·

74 3466 127 3516 tus,
143 3460 188 3520 qui
204 3464 284 3517 sorte,
301 3459 350 3506 hoc
367 3462 407 3505 est
417 3457 508 3519 gratis,
521 3462 545 3504 et
565 3470 618 3505 non
628 3471 659 3505 ex
670 3457 743 3519 operi
762 3470 793 3505 us
803 3457 905 3519 produ·

72 3527 177 3570 cuntur.
192 3520 298 3570 Dandae
313 3521 399 3582 itaque
417 3523 503 3567 sortes
518 3517 632 3575 Christo,
643 3520 779 3582 quisupra
790 3518 905 3568 laborem

72 3584 218 3631 mercedem
232 3582 312 3631 solvit
323 3580 451 3630 :dandam
460 3581 536 3629 etiem
547 3583 690 3638 veritatem,
705 3581 730 3631 id
743 3585 782 3630 est
791 3581 904 3646 virgini·

73 3651 159 3694 tatem.
183 3648 252 3703 Quot
276 3649 301 3693 et
325 3645 432 3706 quantis
453 3643 640 3691 tentationibus
666 3656 696 3693 ea
722 3641 904 3707 impugnaturi

72 3708 124 3756 Sed
140 3720 200 3756 cum
212 3708 307 3755 bonam
317 3707 462 3755 castitatem
472 3719 533 3754 esse
541 3705 709 3754 didicerimus
723 3707 756 3755 ab
766 3706 903 3768 Apostolo,

73 3772 170 3819 indicat
186 3773 276 3819 sancta
301 3768 386 3816 Vidua
401 3767 588 3816 recurrendum
602 3769 635 3816 ad
650 3768 794 3816 remedlum
810 3784 816 3820 :
852 3769 904 3816 uod

72 3833 182 3895 eleganti
198 3831 292 3942 {fisca
305 3830 375 3879 illius
389 3830 477 3879 Mariae
487 3828 618 3894 allegoria,
631 3831 657 3878 in
667 3831 753 3879 carnis
762 3831 839 3879 morti
859 3843 904 3880 ca·

73 3896 141 3942 tione
155 3908 185 3942 ac
226 3893 345 3942 ominica·
361 3892 493 3954 passienis
508 3893 610 3949 merite,
636 3905 688 3954 quo
704 3907 752 3941 nos
765 3893 798 3941 ad
818 3894 903 3941 victo·

72 3958 135 4004 riam
151 3956 327 4019 perducimur,
353 3957 468 4018 positum
491 3967 550 4003 esse
570 3955 709 4018 significat.
732 3955 904 4013 Quaercndam

73 4026 163 4081 postea
189 4019 214 4065 in
238 4016 390 4066 caelestibus
405 4017 568 4081 sapientiam,
589 4021 667 4080 atque
681 4017 860 4067 attrahendam
877 4019 904 4066 in

71 4083 204 4138 interiora,
218 4085 246 4128 ut
259 4082 388 4128 vivamus.
858 4077 904 4128 aaa

103 4144 167 4193 Car.
182 4143 252 4191 v111.
270 4167 297 4177 —
315 4142 349 4191 Ut
364 4140 464 4204 prolem
477 4154 561 4199 suam,
577 4155 634 4204 quae
650 4141 704 4191 Deo
717 4141 773 4205 jem
786 4155 801 4191 a
814 4155 904 4204 paren·

73 4206 143 4255 tibus
158 4206 290 4268 promissa
313 4209 376 4261 erat,
396 4205 484 4252 acrius
495 4211 597 4269 urgeat,
613 4205 673 4253 ulia
687 4206 798 4268 tephthe
811 4206 837 4253 in
853 4205 904 4252 im·

72 4269 166 4331 plendo
181 4275 288 4330 paterno
303 4272 365 4315 voto
378 4267 533 4328 obsequium
549 4269 628 4315 refert
643 4280 649 4314 :
662 4267 753 4315 deinde
768 4268 800 4316 ad
823 4265 904 4315 fllium

72 4344 205 4378 conversa
219 4332 242 4378 ei
257 4334 364 4378 revecat
377 4329 404 4377 in
419 4330 570 4378 memoriam
586 4329 803 4392 quemadmodum
817 4330 902 4392 preci·

72 4393 150 4439 busa
166 4393 219 4439 Deo
233 4391 310 4440 fuerit
324 4392 487 4454 impetratus,
498 4392 540 4439 cui
555 4393 665 4464 proinde
677 4392 767 4456 negari
781 4406 833 4440 non
842 4405 904 4454 pos·

73 4456 107 4500 sit
125 4455 180 4501 sine
192 4453 307 4501 crimine.
323 4455 372 4502 His
386 4453 472 4510 dictis,
487 4453 646 4503 alacritatem
660 4455 709 4516 pim
725 4453 825 4504 sobolis
844 4467 902 4502 cer-

74 4529 140 4562 nens
161 4515 187 4562 in
211 4516 352 4578 gratiarum
371 4516 652 4565 actioneseffunditur
675 4522 765 4565 sancta
787 4517 902 4566 mulier:

73 4579 152 4638 cujus
167 4578 323 4625 Ambrosius
334 4579 359 4626 in
371 4577 523 4634 Ecclesiam,
538 4578 582 4626 ubi
597 4578 678 4626 fllium
692 4578 797 4628 lectoris
807 4580 904 4627 obeun-

74 4646 122 4687 tcm
139 4652 235 4687 munus
251 4640 355 4701 reperit,
370 4654 525 4703 processum
541 4645 637 4688 narrat.
857 4640 904 4690 888

104 4702 169 4750 Car.
187 4702 230 4750 lh'.
246 4726 277 4739 -
299 4701 440 4751 Maternam
457 4703 662 4751 exhortationem
685 4707 714 4749 ut
737 4716 785 4751 sua
800 4716 904 4765 quoque

71 4765 185 4814 cumulet
199 4768 308 4812 sanctus
323 4765 429 4827 praesul,
444 4766 560 4828 virgines
577 4764 634 4813 illas
644 4764 677 4813 ad
691 4767 861 4827 quarendum
875 4767 903 4814 in

71 4828 168 4874 divinis
193 4826 337 4890 Scripturis
359 4829 494 4876 Christum
515 4826 624 4876 excitati
641 4826 692 4875 Sed
716 4840 775 4875 eunt
798 4828 903 4890 quando

72 4891 206 4951 quaeritur,
219 4889 276 4951 jam
291 4895 345 4937 tum
360 4894 516 4952 presentem
529 4903 588 4938 esse
602 4902 767 4946 asseverans,
779 4890 854 4939 decet
865 4891 903 4938 in·

72 4952 259 5016 terrogandum
273 4952 319 5000 ubi
338 4957 440 5000 uraneat
455 4953 481 4999 in
495 4951 649 5011 meridiano,
666 4952 690 4999 id
706 4957 756 5010 est,
771 4952 798 5001 in
816 4951 903 5002 Patris

73 5012 168 5062 lumine
184 5029 189 5062 :
207 5014 392 5075 requirendum
407 5014 483 5062 etiam
497 5014 524 5061 in
533 5013 630 5062 lumine
642 5015 771 5063 bonorum
784 5028 902 5077 operum,

70 5082 147 5138 atque
169 5077 194 5124 in
214 5077 352 5124 nocturnis
366 5076 529 5124 orationibus
543 5091 549 5126 ;
564 5077 608 5124 ubi
624 5090 687 5124 vero
702 5075 743 5124 ille
761 5076 902 5134 transierit,

73 5140 251 5200 sequendum,
277 5151 336 5185 cum
355 5137 498 5186 delectetur
516 5139 615 5200 saepius
638 5140 729 5200 qumri,
750 5145 782 5186 ut
792 5140 903 5202 gratiam

71 5203 195 5255 suscitet,
214 5200 380 5259 animamque
404 5199 525 5263 vulneret
543 5201 667 5249 charitate
682 5216 689 5257 ;
705 5200 783 5263 cru'us
798 5201 904 5263 quidem

70 5263 157 5324 qualia
165 5263 218 5308 sint
228 5261 347 5316 vulnera,
361 5261 838 5325 variiseanctorumexemplisprebat.
856 5261 904 5313 888

102 5327 166 5374 Car.
184 5325 214 5372 X.
230 5346 260 5359 -
276 5322 427 5385 virginitati
440 5330 587 5386 competere
600 5325 903 5375 Ecclesiastislocumde

71 5389 191 5446 testibus,
205 5384 275 5448 quod
287 5391 373 5432 autem
382 5384 454 5433 addit
465 5386 496 5434 de
509 5386 565 5435 oleo
575 5386 684 5435 ferendo
700 5388 725 5435 in
736 5388 835 5450 capite.
853 5390 903 5438 hoc

71 5457 94 5498 et
109 5451 139 5498 de
153 5451 249 5498 mentis
265 5446 410 5495 humilitate
425 5451 450 5495 ct
464 5447 495 5495 de
509 5446 625 5497 modesta
636 5451 757 5510 corporis
769 5452 902 5512 compesi-

70 5512 140 5559 tiene
153 5511 271 5574 intelligi;
284 5523 345 5558 cum
357 5515 509 5558 ornamenta
520 5511 643 5560 interiora
655 5512 765 5561 maxime
783 5513 809 5561 in
825 5514 903 5562 nobis

72 5575 245 5634 requirantur,
261 5580 285 5621 et
299 5586 350 5635 pau
370 5585 444 5621 erum
457 5573 554 5621 divitias
569 5571 623 5621 sint
635 5573 790 5624 innocentiae
800 5575 901 5637 simpli·

70 5636 145 5684 citas.
153 5635 286 5693 Quomodc
296 5586 420 5684 ticcsssiae
431 5635 499 5684 dicat
507 5634 661 5708 Spnegoga:
674 5635 840 5708 Ubisp‘aseis
852 5642 901 5688 etc.

70 5699 127 5746 haec
142 5711 205 5745 vero
219 5711 264 5746 eas
278 5697 378 5747 Christi
391 5710 470 5747 voces
484 5697 595 5761 accipiat
610 5711 616 5746 :
630 5697 698 5750 Nisi
717 5712 790 5749 scias
813 5705 838 5750 te
852 5705 901 5750 cte.

71 5760 139 5810 llinc
151 5760 294 5822 significari
308 5761 424 5811 divinam
434 5761 575 5825 imaginem
585 5762 702 5812 residere
712 5762 739 5810 in
749 5763 834 5813 aalma
842 5776 905 5813 nos·

72 5829 120 5880 tra,
132 5826 158 5869 et
169 5822 279 5885 proinde
286 5824 426 5874 maximam
436 5823 498 5888 ejus
505 5837 597 5875 curam
609 5823 750 5889 gerendam
760 5838 828 5875 esse.
838 5826 905 5886 Qua·

70 5889 180 5956 propter
190 5888 279 5940 monet
288 5899 423 5955 ruvenem,
435 5892 464 5941 ut
473 5886 564 5943 cerdis
579 5886 729 5944 hacrentia
738 5887 882 5943 delectetur
896 5904 903 5947 t

546 277 648 354 QUAE
667 277 711 342 IN
733 277 821 341 Hoc
841 273 963 342 ΤΟΜΟ
988 276 1302 344 CONTINENTUR.

1723 283 1805 352 1606

961 477 1460 539 virginesautem,utoculosbnminum
1473 477 1594 540 exemplo
1612 478 1703 529 Maris
1718 481 1796 533 defu-

961 540 1042 603 giant,
1058 545 1135 602 atque
1145 553 1248 588 emnem
1256 540 1385 588 declinent
1397 540 1543 589 fabularum
1554 543 1733 593 occasionem.
1750 544 1798 596 870

993 602 1053 650 Car.
1070 603 1109 650 lll.
1121 628 1152 637 -
1166 603 1257 664 irrugit
1281 615 1348 650 nova
1363 603 1459 650 monita
1490 604 1682 665 superioribus,
1706 620 1798 670 nempe

962 669 990 710 ut
1014 664 1121 724 jurandi
1144 663 1290 713 facilitatem
1314 665 1406 723 vitent,
1421 663 1517 712 letitiae
1539 665 1669 728 lacrymas
1687 674 1796 732 antepo-

963 732 1040 775 nant:
1056 727 1145 781 arisu,
1155 739 1284 787 perquem
1297 724 1439 790 Svnagoga
1454 727 1539 788 periit,
1554 728 1722 780 abstineant:
1732 731 1799 783 iram

962 792 1114 849 temperent,
1130 789 1172 837 sin
1187 789 1274 836 minus
1293 801 1349 836 eam
1364 789 1465 836 valeant
1483 791 1588 850 penitus
1605 793 1773 856 exstinguere
1789 811 1796 847 :

962 855 1094 911 postremo
1110 850 1133 898 si
1143 850 1245 913 justum
1257 850 1315 899 istie
1327 850 1492 899 moderamen
1507 865 1560 901 non
1574 854 1713 913 tenuerint,
1728 869 1799 906 com·

962 918 1123 974 pungantur.
1752 918 1800 970 878

994 975 1054 1023 Car.
1063 975 1116 1023 xil.
1127 998 1156 1010 -
1164 973 1203 1021 Ad
1219 975 1405 1036 parcimeniam
1420 976 1523 1032 transit,
1534 990 1586 1037 qua
1596 991 1693 1041 corpus
1706 985 1799 1032 attera·

962 1040 1005 1084 tur
1020 1035 1115 1098 :jubet
1131 1036 1226 1084 bonam
1246 1038 1332 1098 parari
1348 1037 1565 1086 existimationem
1581 1051 1587 1086 ε
1608 1042 1719 1091 maxime
1733 1058 1797 1094 vero
1829 1076 1835 1086 ·

962 1098 1071 1159 requirit
1085 1098 1110 1146 in
1131 1099 1233 1172 virgine
1257 1101 1424 1148 sobrietatem
1440 1114 1445 1146 ι
1462 1099 1487 1147 id
1510 1106 1558 1157 est,
1583 1102 1798 1157 abstinentiama

962 1159 1069 1208 lascivia
1086 1166 1111 1208 et
1125 1172 1201 1208 vanis
1215 1163 1335 1223 corporis
1345 1163 1514 1218 ornamentis,
1525 1175 1584 1224 qua
1594 1165 1709 1214 affectari
1720 1169 1797 1218 etiam

962 1223 1076 1271 asacris
1098 1223 1256 1283 quibusdam
1282 1223 1429 1296 virginibus
1449 1223 1528 1273 dolet.
1558 1225 1606 1273 llis
1630 1237 1800 1290 opponuntur

962 1284 1108 1346 exemplum
1122 1291 1218 1333 sanctae
1234 1284 1361 1342 Setheris,
1376 1298 1435 1346 qum
1451 1287 1563 1335 formam
1576 1301 1650 1337 suam
1664 1290 1728 1341 adeo
1743 1305 1797 1342 non

962 1346 1104 1405 excolebat,
1125 1351 1154 1394 ut
1175 1348 1266 1394 faciem
1280 1347 1434 1396 carnificum
1448 1349 1545 1412 pugnis
1560 1348 1653 1398 lubens
1674 1353 1798 1404 obtulerit

962 1408 1158 1463 deturpandam.
1176 1409 1243 1470 Eius
1257 1423 1316 1457 curn
1332 1411 1445 1458 Etrusco
1456 1410 1564 1471 juvene,
1581 1425 1658 1473 quem
1674 1415 1725 1465 sibi
1739 1417 1797 1466 vul·

962 1475 1016 1518 tum
1033 1471 1146 1518 foedasse
1162 1471 1328 1533 stigmatibus
1343 1473 1438 1528 ferunt,
1450 1476 1619 1535 comparatio.
1750 1478 1798 1530 875

993 1532 1057 1581 Car.
1074 1533 1139 1582 lllll.
1151 1559 1182 1567 -
1196 1534 1318 1595 Virgines
1333 1534 1364 1581 de
1377 1535 1507 1583 servanda
1521 1537 1548 1585 in
1564 1550 1592 1584 se
1606 1538 1718 1604 imagine
1731 1540 1797 1590 divi-

962 1607 995 1642 na
1009 1601 1109 1654 monet,
1122 1599 1150 1643 ut
1162 1608 1177 1643 a
1191 1596 1243 1644 Deo
1260 1597 1317 1657 ipso
1333 1597 1436 1652 eruditi,
1452 1596 1542 1646 aliena
1556 1597 1653 1662 linguar
1663 1602 1795 1666 tlagellum

962 1669 1014 1703 non
1028 1661 1149 1705 metuant.
1166 1658 1222 1705 Hoc
1232 1671 1295 1706 vcro
1310 1658 1441 1720 quemodo
1452 1663 1478 1706 et
1492 1664 1622 1720 quatenus
1638 1676 1690 1712 non
1706 1667 1796 1714 timen-

962 1718 1037 1773 dum;
1053 1732 1102 1779 qua
1117 1719 1192 1766 etiam
1209 1720 1307 1768 ratione
1320 1721 1370 1768 sibi
1385 1721 1529 1768 cavendum
1542 1735 1556 1769 a
1568 1723 1655 1787 lingua
1672 1740 1720 1788 pro
1740 1729 1796 1778 rial

962 1779 1019 1836 Quo
1032 1779 1090 1828 loco
1105 1781 1130 1827 in
1147 1794 1202 1828 eam
1217 1781 1355 1838 Susanna,
1371 1780 1490 1845 dosephi,
1506 1783 1621 1833 Danielis
1635 1791 1660 1834 et
1673 1789 1735 1838 lobi
1746 1803 1795 1838 cx·

962 1855 1001 1889 em
1022 1842 1045 1891 la
1058 1843 1218 1891 referuntur.
1749 1852 1796 1902 876

1016 1914 1057 1952 nr.
1074 1904 1139 1953 XIV.
1150 1930 1180 1941 -
1195 1907 1236 1953 Ex
1248 1905 1422 1954 incommodis
1433 1906 1523 1954 saculi
1533 1906 1565 1956 de
1577 1909 1736 1984 cujusquam
1746 1927 1797 1963 me·

962 1966 1012 2013 rito
1029 1979 1080 2014 non
1102 1967 1285 2028 judicandum,
1301 1968 1363 2015 dum
1378 1968 1420 2016 hic
1434 1967 1509 2016 locus
1521 1970 1555 2016 sit
1569 1975 1729 2032 certaminis,
1744 1989 1798 2026 nen

961 2033 1046 2075 autern
1061 2041 1175 2078 coronae.
1192 2031 1267 2079 Hanc
1283 2028 1390 2078 Paulum
1404 2043 1573 2080 asseverasse
1594 2047 1653 2082 cum
1668 2036 1720 2085 sibi
1741 2042 1797 2088 tum

961 2089 1057 2138 Christi
1072 2091 1215 2139 adventum
1225 2088 1393 2154 diligentibus
1408 2095 1538 2141 reservari
1556 2099 1795 2149 :annumerandam

961 2164 1024 2198 vero
1039 2150 1091 2199 illis
1105 2165 1160 2200 eam
1179 2152 1283 2201 viduam
1319 2166 1360 2202 uas
1370 2153 1431 2200 tiliis
1441 2154 1574 2213 omnibns,
1589 2170 1657 2217 ques
1671 2159 1729 2221 ipsa
1739 2161 1795 2210 ins·

961 2213 1074 2270 tituerat,
1098 2214 1152 2262 Deo
1175 2221 1347 2269 consecratis,
1371 2215 1504 2279 geminum
1526 2217 1662 2267 viduitatis
1685 2234 1742 2272 suaa
1762 2236 1794 2274 ac

960 2275 1118 2339 virginitatis
1141 2275 1255 2325 filiorum
1277 2276 1370 2326 obtulit
1385 2277 1553 2328 sacrificium.
1568 2279 1670 2336 Quibus
1685 2286 1793 2334 coroni-

960 2336 1018 2384 dem
1032 2336 1171 2388 admodum
1186 2340 1228 2401 pia
1242 2340 1389 2401 precatione
1404 2339 1477 2401 ponit
1491 2341 1660 2393 Ambrosius.
1748 2347 1795 2400 878

959 2415 990 2464 ln
1006 2415 1108 2465 librum
1123 2415 1154 2467 de
1168 2419 1246 2482 lapsu
1264 2417 1385 2482 virginis
1400 2425 1563 2470 consecrata
1576 2421 1733 2476 admonitio.
1749 2427 1797 2479 879
1882 2406 1888 2419 ’

1004 2512 1059 2574 DE
1082 2514 1221 2578 LAPSU
1243 2514 1433 2576 VIRGINIS
1459 2515 1755 2588 CONSECRATAE

1233 2611 1363 2674 LIBER
1384 2613 1509 2677 UNUS.

991 2709 1052 2758 Gar.
1068 2710 1087 2757 l.
1104 2733 1134 2748 -
1148 2708 1285 2759 Silentium
1299 2711 1432 2774 abrumpit
1444 2718 1545 2772 auctor,
1561 2720 1586 2764 et
1600 2731 1692 2768 omnes
1707 2724 1735 2769 ut
1745 2720 1793 2774 Ec·

960 2769 1047 2822 ctesias
1070 2777 1187 2840 'propter
1212 2785 1295 2821 sacrm
1321 2775 1434 2838 virginis
1472 2780 1666 2840 corruptionem
1691 2781 1790 2847 lugenti

959 2833 1124 2894 condoleant,
1133 2836 1235 2894 excitat,
1247 2837 1433 2898 propositaque
1444 2838 1597 2902 indignitate
1607 2842 1705 2908 flagitii,
1716 2860 1795 2899 suum

958 2897 1008 2944 hac
1022 2896 1094 2944 dere
1108 2898 1204 2958 promit
1218 2911 1363 2946 moerorem.

991 2956 1054 3006 Car.
1071 2959 1103 3007 tl.
1120 2983 1152 3008 ,-
1166 2960 1318 3022 Corruptam
1335 2960 1498 3024 alloquitur:
1522 2969 1546 3011 et
1560 2965 1645 3025 qualis
1666 2982 1795 3036 quamque

959 3020 1034 3068 beata
1047 3021 1125 3068 fuerit
1141 3027 1201 3069 ante
1214 3025 1313 3070 crimen
1326 3023 1479 3082 admissum,
1494 3025 1520 3073 ln
1533 3039 1611 3088 quem
1625 3043 1688 3080 vero
1702 3041 1795 3095 postea

959 3082 1085 3130 deciderit
1099 3084 1271 3133 calamitatem
1290 3098 1320 3133 ae
1336 3087 1532 3148 turpitudinem,
1548 3089 1609 3151 ejus
1625 3093 1710 3142 oculis
1725 3097 1793 3147 sub·

955 3143 1024 3205 jicit.
1748 3158 1796 3212 88t

986 3206 1054 3279 “Cata
1071 3207 1116 3257 lll.
1133 3232 1163 3246 -
1178 3207 1259 3266 Quam
1274 3209 1309 3257 sit
1321 3209 1418 3259 misera
1431 3224 1489 3272 qum
1504 3210 1559 3273 jam
1573 3214 1642 3277 apud
1653 3216 1727 3279 ipses
1742 3221 1793 3270 he·

958 3281 1042 3316 mines
1059 3284 1064 3316 :
1081 3271 1149 3319 unde
1163 3272 1327 3319 confusionis
1341 3285 1418 3333 quam
1432 3272 1572 3334 aliquando
1586 3291 1675 3326 coram
1695 3285 1794 3334 sanctis

958 3336 984 3380 at
1003 3344 1035 3379 ue
1049 3344 1081 3379 an
1102 3333 1150 3381 elis
1165 3345 1280 3395 passura
1294 3339 1335 3381 est
1349 3336 1500 3398 magnitudo
1514 3337 1677 3404 intelligitur.
1745 3345 1793 3397 385

985 3345 1049 3443 8η.
1066 3346 1111 3443 18.
1124 3420 1153 3433 -
1169 3395 1325 3454 confutatis,
1334 3409 1400 3458 ques
1409 3404 1539 3460 corruptae
1553 3405 1737 3455 excusationes
1749 3422 1793 3458 so·

958 3453 1010 3504 lent
1024 3461 1178 3517 praetexere,
1194 3457 1226 3506 ad
1245 3458 1343 3507 crimen
1354 3459 1468 3517 rediens,
1483 3468 1621 3522 parentum
1632 3465 1692 3527 eius
1707 3482 1739 3518 ac
1749 3476 1791 3521 to·

958 3519 1010 3565 tius
1025 3517 1127 3568 tamdia
1141 3521 1226 3568 vicem
1241 3520 1382 3569 miseratur
1397 3536 1403 3567 :
1420 3522 1547 3584 docetque
1562 3526 1629 3588 ipsis
1650 3532 1793 3590 optabilius

957 3581 1076 3628 futurum
1089 3582 1172 3631 fuisse
1195 3587 1224 3631 ut
1245 3583 1320 3644 prius
1336 3591 1481 3632 moreretur
1497 3601 1503 3632 :
1519 3600 1567 3635 nec
1586 3587 1639 3638 illis
1652 3603 1793 3653 superesse

957 3640 1027 3690 aliud
1052 3641 1183 3703 solatium,
1217 3658 1275 3692 uam
1291 3645 1361 3707 quod
1382 3647 1405 3694 ei
1419 3648 1578 3711 virginitatis
1600 3653 1793 3712 professionem

958 3703 1062 3767 eligenti
1073 3704 1128 3755 sola
1143 3720 1190 3769 spe
1198 3659 1296 3755 {irinc
1309 3711 1525 3758 remunerationis
1543 3718 1727 3766 consenserint
1737 3733 1743 3767 :
1755 3721 1794 3783 ip-

940 3801 945 3815 .
959 3780 1014 3814 sam
1026 3780 1089 3815 vero
1104 3780 1194 3817 eorum
1209 3769 1429 3829 exspectationem
1442 3771 1581 3822 delusisse.
1746 3781 1793 3833 θῶ

988 3828 1050 3878 Cat.
1067 3830 1099 3877 V.
1114 3832 1190 3880 -ln
1205 3833 1355 3879 memoriam
1371 3833 1393 3880 ei
1408 3841 1581 3897 revocatque
1596 3837 1646 3896 die.
1662 3855 1715 3904 quo
1728 3847 1778 3895 ritu

957 3903 1043 3952 quove
1057 3892 1145 3954 populi
1162 3906 1294 3942 concursu
1307 3900 1408 3942 sacrata
1422 3896 1509 3953 fuerit,
1524 3899 1625 3949 addens
1636 3883 1794 3969 sanguinem
1859 3910 1862 3917 “

958 3954 980 4000 ei
995 3955 1083 4015 petius
1103 3955 1325 4016 profundendum,
1341 3969 1418 4018 quam
1443 3958 1591 4009 violandam
1606 3965 1682 4015 fldem
1699 3984 1704 4016 ε
1721 3971 1793 4044 quod

958 4015 1123 4064 secularium
1145 4018 1294 4079 nuptiarum
1321 4022 1515 4082 comparatione
1529 4025 1676 4086 amplillcat.
1694 4031 1794 4083 Deinde

958 4076 1132 4189 obgectionem
1146 4092 1178 4127 ex
1192 4079 1313 4142 Apostoli
1327 4082 1415 4130 verbis
1429 4085 1536 4145 petitam
1551 4088 1638 4138 solvit.
1747 4094 1794 4146 ³87

1008 4149 1049 4189 ar.
1063 4140 1108 4189 Vl.
1124 4168 1155 4177 -
1178 4142 1267 4207 Pergit
1287 4156 1317 4192 ea
1340 4157 1553 4206 commemorare,
1571 4152 1668 4212 quibus
1692 4155 1793 4209 illama

958 4202 1119 4264 turpitudine
1133 4203 1258 4253 deterreri
1279 4212 1438 4267 oportuerat.
1455 4209 1517 4258 Cum
1531 4219 1617 4260 autem
1631 4215 1721 4266 eadem
1734 4219 1791 4280 jam

958 4269 1017 4337 ante
1033 4266 1173 4314 triennium
1194 4268 1301 4315 sinistra
1310 4267 1456 4318 laborasset
1467 4273 1598 4334 opinione,
1610 4276 1695 4338 ipsius
1706 4293 1794 4330 amen·

958 4331 1020 4375 tram
1037 4327 1155 4386 miratur,
1171 4330 1260 4390 qued,
1279 4329 1409 4389 inimicos,
1424 4334 1542 4391 amicos,
1557 4349 1588 4385 ac
1604 4338 1689 4388 Deum
1702 4342 1793 4405 ipsum

958 4388 1064 4450 perinde
1079 4404 1092 4437 s
1112 4404 1215 4449 erncns,
1230 4391 1330 4440 nullum
1345 4392 1444 4441 obicem
1458 4408 1509 4443 non
1524 4398 1688 4463 perfregerit.
1745 4404 1793 4456 889

989 4452 1051 4524 ΕΑΡ..
1067 4405 1124 4501 vft.
1140 4478 1171 4525 Τ
1185 4453 1294 4502 Omnem
1309 4455 1467 4516 episcopalis
1482 4459 1561 4507 oflicii
1576 4473 1667 4511 curam
1682 4464 1719 4514 illi
1733 4480 1748 4516 a
1763 4481 1793 4516 se

958 4514 1100 4574 praestitam
1120 4516 1203 4563 fuisse
1223 4521 1379 4565 asseverat:
1395 4519 1441 4565 sed
1456 4519 1539 4581 ipsam
1561 4535 1613 4570 non
1629 4524 1715 4576 selum
1731 4530 1793 4580 inde

959 4575 1020 4624 nihil
1035 4578 1187 4639 profecisse,
1202 4580 1384 4627 verumetiam
1398 4578 1457 4629 aliis
1477 4582 1607 4644 objecisse
1624 4601 1705 4650 grave
1717 4605 1793 4642 scan-

959 4637 1054 4746 galum,
1071 4641 1140 4712 quod
1167 4641 1313 4689 ostenditur
1333 4642 1360 4690 in
1379 4643 1521 4706 Evangelio
1536 4649 1703 4700 severissima
1717 4668 1795 4717 poena

976 4713 1086 4749 amnarr.

978 4763 1050 4834 'Cas
1067 4764 1137 4813 Vlll.
1153 4790 1184 4803 -
1198 4765 1365 4824 Quaenamsit
1375 4767 1482 4815 remedii
1493 4770 1563 4831 quod
1579 4773 1701 4826 adbibere
1711 4717 1792 4853 0qu

958 4824 1098 4873 dusscuttas
1122 4832 1200 4889 atque
1226 4829 1291 4876 ratio
1308 4843 1313 4875 :
1331 4829 1442 4877 suadere
1466 4844 1494 4878 se
1518 4837 1546 4879 nt
1570 4835 1601 4882 ad
1615 4841 1794 4899 paenitentiam

959 4899 1010 4935 non
1025 4887 1231 4952 qualemcunque
1252 4890 1295 4939 illa
1318 4892 1459 4955 confugiat,
1477 4894 1521 4941 sed
1538 4908 1696 4961 congruam
1713 4905 1793 4966 cujus

958 4955 1032 4997 actus
1047 4951 1164 5009 interior,
1180 4966 1228 5001 nec
1245 4965 1298 5000 non
1313 4954 1441 5002 exteriora
1458 4956 1480 5001 ei
1502 4969 1533 5004 na
1547 4960 1609 5008 hinc
1623 4973 1782 5017 memoratur

959 5011 1041 5084 Porro
1055 5012 1174 5074 quedem
1194 5014 1319 5063 beneflcio
1340 5016 1406 5073 fore,
1422 5021 1450 5064 ut
1464 4969 1508 5066 itia
1522 5027 1627 5072 aeternae
1641 5040 1725 5087 prena
1739 5002 1791 5078 im:

958 5079 1110 5123 munitatem
1129 5076 1256 5135 obtineat;
1275 5077 1298 5124 si
1316 5080 1400 5126 tamen
1424 5092 1454 5126 eo
1477 5080 1504 5128 in
1521 5094 1550 5130 se
1572 5085 1650 5135 fuerit
1664 5092 1782 5140 severior

958 5148 1011 5198 quo
1028 5142 1163 5208 peccatum
1178 5139 1265 5186 micus
1280 5138 1360 5186 libere
1375 5142 1505 5191 confessa.
1519 5145 1560 5194 Ad
1575 5150 1645 5209 quod
1660 5152 1735 5201 etiam
1748 5127 1791 5204 fu:

958 5199 1010 5247 turi
1022 5198 1115 5260 pudicit
1129 5202 1263 5249 atrocitate
1276 5202 1359 5262 ipsam
1373 5205 1501 5253 accendit.
1744 5208 1793 5266 392

989 5259 1054 5309 Car.
1071 5261 1111 5311 lli.
1127 5287 1157 5300 -
1179 5262 1310 5326 Ob'urgat
1331 5265 1444 5328 virginis
1468 5274 1663 5333 corruptorem
1680 5288 1793 5341 eumque

958 5322 1117 5396 Baltassaris
1132 5278 1250 5386 exemplo
1264 5331 1352 5375 terret.
1365 5328 1446 5386 Quem
1461 5330 1553 5378 deinde
1569 5338 1665 5384 utnon
1681 5346 1791 5389 conun-

958 5390 1002 5432 tus
1024 5390 1126 5434 interno
1148 5389 1275 5445 cruciatu,
1300 5387 1442 5452 legitimam
1455 5393 1634 5453 paenitentiam
1648 5400 1792 5462 ampleera.

958 5451 1010 5503 tur,
1023 5453 1112 5495 monet
1127 5460 1134 5496 ε
1149 5454 1283 5512 postremo
1300 5465 1332 5499 ae
1349 5452 1399 5501 sibi
1416 5453 1448 5501 de
1461 5460 1616 5515 peccantum
1627 5460 1794 5515 multitudine

958 5508 1116 5568 blandiatur,
1139 5511 1191 5573 ipsi
1205 5511 1326 5562 Sodoma
1347 5513 1496 5563 stellarum
1517 5517 1622 5568 urbium
1643 5522 1794 5579 incendium

961 5584 1117 5683 suggerens,
1131 5575 1164 5622 ad
1178 5575 1384 5649 confringendos
1396 5577 1493 5626 inimici
1505 5576 1615 5640 laqueos
1629 5591 1713 5660 urget.
1746 5589 1794 5640 898

1012 5649 1055 5684 ar.
1071 5635 1099 5685 Χ.
1113 5662 1145 5672 -
1160 5636 1201 5685 Ad
1220 5637 1351 5701 virginem
1370 5637 1470 5700 lapsam
1489 5639 1594 5691 demum
1616 5646 1729 5711 radiens,
1755 5650 1793 5704 illi

958 5698 1101 5747 concitatas
1118 5699 1244 5761 quasdam
1277 5699 1421 5749 rorationes
1436 5705 1461 5749 et
1475 5703 1564 5754 varios
1578 5711 1736 5769 paenitentiae
1750 5715 1793 5765 af·

959 5759 1045 5809 fectus
1054 5766 1084 5832 ‚et
1097 5758 1242 5826 Scripturis
1256 5714 1317 5810 gine
1330 5761 1390 5811 inde
1405 5762 1487 5814 lectos
1502 5769 1657 5832 suppeditat.
1746 5775 1795 5830 397

989 5821 1021 5872 ln
1036 5822 1137 5897 librum
1153 5823 1184 5874 de
1198 5823 1342 5897 mysteriis
1361 5824 1522 5893 admonitio,
1534 5845 1590 5899 qua
1601 5839 1632 5885 et
1642 5836 1808 5889 tasnatum

959 5884 1109 5943 Ambrosio
1124 5892 1273 5942 asseritur.
