3900 6128
345 255 447 331 QUAE
473 255 518 317 IN
531 252 620 317 Hoc
636 248 762 315 TOMO
776 249 1097 357 CONTINENTUR.

75 458 153 509 subdit
172 458 304 528 Christum
322 458 439 529 nostram
462 464 523 501 esee
543 451 702 515 redemptio·

75 532 189 633 argatio
197 517 413 644 quqqigggigssasih
425 518 701 647 'etzfflmstzaeresffilss

75 657 140 694 ·cur
152 644 225 693 illum
239 643 246 689 i
267 639 417 690 notaverint
431 637 516 686 ludaei
537 652 552 687 a
572 635 702 687 Christia-

75 705 143 753 andi.
167 703 268 766 Adjicit
291 700 425 748 dimidium
451 699 593 748 didrachmi
613 710 704 747 eorum
751 695 896 760 principes
909 695 939 743 in
955 709 985 745 eo
998 695 1155 754 imitandos,
1171 712 1223 761 quo

1518 240 1603 317 ie'ao

786 448 893 498 Relatio
905 446 1064 514 Symmachi
1079 448 1165 500 Urbis
1181 448 1314 513 praelecti.
1332 478 1366 490 -
1379 451 1598 527 Imperator-ibus

755 511 891 575 supplicat
915 516 1027 560 senatus
1049 511 1215 560 nominaui
1242 518 1346 564 veteres
1370 514 1523 578 religiones
1538 515 1599 564 ius-

756 577 904 630 taurentur,
920 585 949 620 oe
963 578 1103 636 reparetur
1119 587 1165 622 ara
1183 573 1319 633 Victorias,
1337 582 1365 625 ut
1379 576 1413 625 ad
1422 591 1478 626 eain
1488 576 1588 637 jusju-

756 632 869 683 randum
891 633 1016 697 exigatur
1030 649 1105 685 moro
1122 635 1248 745 autiquod
1268 650 1322 686 non
1346 638 1419 687 enim
1433 639 1596 702 superiores

1258 713 1313 748 eain
1329 703 1474 757 sustulere,
1496 699 1547 749 sed
1565 700 1596 749 iu

82 767 127 828 qui
141 766 203 813 vitae
215 768 314 825 partem
329 761 426 810 mundo
444 761 609 823 impendant:
633 758 704 820 quod
755 771 785 807 eo
797 756 870 820 quod
880 756 953 807 alios
963 758 1035 807 ritus
1046 772 1100 808 non
1116 759 1296 810 sustulerunt.
1307 762 1365 812 Hoc
1379 762 1412 812 ab
1427 762 1468 811 eis
1483 761 1597 811 Romam

101 825 206 874 Hebraei
232 823 315 886 pueri.
354 823 471 884 Denique
497 823 540 872 uhi
567 821 703 884 exposuit,

75 898 94 934 ts
107 886 178 947 quod
192 899 245 934 non
257 885 356 939 debeat.
372 884 489 943 solverit,
504 884 616 948 mystica
629 895 704 946 que·

77 946 110 995 ad
125 947 299 995 instituendos
315 960 402 996 uicies
416 946 516 995 idonea.
657 944 705 993 9⁴8

75 1044 78 1056 .
91 1034 123 1045 -
135 1009 273 1057 Adversus
288 1009 388 1070 eosqui
403 1008 547 1057 secundum
560 1012 642 1056 artem
657 1020 704 1054 ne·

75 1083 116 1118 seo
131 1083 222 1119 sacros
236 1074 366 1126 auctores,
377 1069 510 1118 contendit
524 1069 557 1119 ab
571 1069 627 1118 hisi
648 1069 705 1117 sius

75 1131 137 1180 dem
150 1138 206 1180 arte
219 1137 413 1194 praeceperunt,
433 1132 596 1194 expressisse
611 1082 705 1193 placita

75 1195 180 1302 opositis
205 1206 340 1243 sacrorum
361 1193 481 1241 codicum
506 1193 603 1256 aliquot
624 1191 705 1246 locis,

79 1257 87 1302 i
99 1255 133 1302 lic
148 1256 248 1303 servari
262 1255 354 1302 soilulo
368 1255 469 1316 prohat.
659 1252 708 1301 930

75 1316 186 1374 Ριιιιιιιιι,
202 1323 227 1365 et
240 1316 375 1365 Ambrosii
389 1317 421 1365 ad
435 1330 481 1365 eos
491 1315 522 1365 da
535 1314 706 1424 coniteiengbig

84 1439 177 1488 lectam
198 1440 255 1489 Arii
273 1438 408 1501 epistolam
426 1438 541 1488 damnari
558 1452 573 1488 a
588 1436 706 1487 Palladio

75 1502 222 1562 eicerentur,
238 1508 262 1549 at
277 1503 328 1550 nisi
347 1504 373 1550 in
390 1501 503 1563 generali
522 1500 635 1549 concilio
658 1514 706 1548 ne-

75 1576 177 1623 onium,
199 1565 289 1612 Patras
303 1564 462 1612 anathemate
486 1562 630 1625 percellunt
650 1575 706 1617 eos,

75 1623 294 1682 >elohimatem
318 1625 360 1674 vel
381 1626 549 1674 aeternitatem
572 1628 706 1687 negarent.

75 1692 164 1748 ipatur
179 1688 205 1734 in
220 1701 250 1735 eo
266 1687 409 1740 Palladius,
431 1687 499 1747 quod
519 1701 548 1734 se
562 1687 637 1734 lateri
650 1686 707 1733 dic·

75 1763 87 1796 ι
108 1762 200 1797 vorum
224 1763 283 1797 esse
304 1750 350 1797 Dei
375 1747 477 1797 Filium.
500 1749 568 1810 Ejus
585 1750 659 1796 fraus
681 1747 708 1794 in

75 1811 177 1858 undem
211 1825 274 1859 esse
308 1811 389 1859 Deum
422 1816 499 1871 atque
535 1811 707 1872 unigenitum.

75 1885 106 1919 ur
118 1873 149 1919 ad
165 1871 262 1920 Christi
278 1871 508 1929 immortalitatem,
532 1879 610 1934 atque
631 1871 664 1919 ab
679 1883 709 1918 ea

77 1947 179 1995 ,aqua
198 1934 318 1982 similitor
336 1933 368 1981 ad
389 1933 549 1983 bonitatem:
572 1933 617 1981 ubi
638 1945 709 1981 more

75 2009 78 2039 ι
101 2002 211 2042 conatur
234 1994 351 2044 illudere.
373 1996 471 2044 Deinde
492 2001 579 2044 utrum
601 1996 648 2043 liei
670 1994 711 2042 Fi·

75 2060 162 2111 entem,
179 2062 266 2105 utrum
280 2058 357 2106 etiam
370 2057 486 2118 judicem
499 2071 558 2106 eum
571 2060 708 2119 agnoscat,

85 2130 143 2180 qum
162 2124 223 2180 post
243 2119 350 2167 multam
376 2119 619 2181 tergiversationem
633 2116 710 2164 solita

75 2193 133 2229 num
147 2180 286 2228 concilium
300 2182 495 2244 provocatione.
519 2178 575 2227 Sub
589 2179 645 2226 haic
661 2177 710 2224 At-

75 2247 124 2292 sto.
143 2243 187 2302 qui
212 2243 371 2304 respondere
389 2242 467 2289 eiiam
487 2239 633 2298 recusabat,
651 2237 710 2287 Pal·

75 2315 107 2350 es
121 2303 201 2352 laicos
231 2305 275 2351 etit
289 2310 314 2351 et
328 2302 527 2351 condemnatur.
663 2298 712 2350 906

76 2390 108 2400 -
125 2318 270 2414 0000ιοοω
285 2363 368 2412 Gallis
383 2365 516 2425 episcopis
529 2363 629 2428 gratias
642 2362 709 2423 agit,

75 2425 92 2473 ii
106 2432 130 2474 et
145 2426 303 2475 secundiani
318 2424 508 2474 damnationem
523 2425 623 2474 scribit.
665 2422 713 2471 tila

75 2513 104 2522 -
126 2490 163 2535 lm
183 2488 330 2536 emtoribus
351 2486 383 2534 de
408 2488 502 2549 synodi
523 2486 712 2536 convocatione

81 2549 154 2612 quia
188 2563 243 2597 eam
261 2551 444 2604 convenerint,
460 2550 581 2611 exponit;
605 2548 711 2596 haereti-

76 2613 248 2665 ersationcm,
277 2610 332 2658 blas
352 2612 451 2659 bemias
479 2624 510 2659 ac
540 2610 712 2673 pervicaciam

75 2672 144 2719 idom
167 2674 288 2735 implorat
313 2626 389 2721 11·ch
414 2675 613 2735 imperatorum,
638 2677 667 2720 ιιι
688 2676 713 2717 et

75 2735 144 2782 ritate
174 2735 337 2783 exsecutioni
357 2735 514 2782 inundentur
538 2733 642 2783 concilii
668 2732 713 2780 de·

74 2796 185 2844 iounulli
197 2797 313 2845 baeretici
328 2805 508 2845 coerceantur.
666 2794 714 2844 980

79 2883 111 2893 -
134 2858 351 2920 imperatoribus,
373 2859 435 2920 qiud
459 2861 485 2905 in
510 2873 523 2905 s
543 2856 612 2906 nodo
626 2862 713 2906 actum

75 2920 159 2977 leant;
189 2933 287 2981 cosque
311 2928 431 2968 monent.
459 2934 491 2967 ne
540 2921 641 2968 isinum
662 2919 713 2966 sibi

75 2994 160 3042 spere,
177 2982 264 3043 ipsum
280 2983 413 3030 turbarum
430 2988 577 3037 auctorem,
598 2994 645 3029 noc
660 2993 713 3027 uon

75 3050 249 3091 saccusatum
264 3051 456 3092 asseverantes.
480 3044 582 3117 Rogant
599 3042 711 3102 denique

75 3104 118 3161 eri,
133 3117 163 3152 ac
179 3104 257 3152 simul
277 3106 392 3153 omnium
414 3103 583 3153 incolumitati
606 3104 711 3214 prosp}

699 3180 712 3211 ἰ

74 3227 106 3274 ιι.
117 3228 281 3288 -Aguntur
289 3228 489 3289 imperatoribus
498 3229 588 3291 gratias
596 3227 630 3277 ob
639 3228 714 3275 resti·

76 3301 98 3336 aa
112 3289 337 3350 tranquillitatem,
360 3291 510 3350 eisdemque
529 3291 713 3352 episcoporum

75 3355 185 3397 ttuntar.
202 3351 268 3398 Tum
287 3352 413 3400 nuntiatis
428 3353 587 3413 quibusdam
601 3349 712 3400 catholi-

75 3412 112 3468 iis,
130 3418 255 3520 rogantur
266 3413 341 3460 iidem
351 3415 492 3475 principes,
507 3420 535 3462 ut
548 3413 714 3462 Alexandria

75 3475 166 3521 conci
180 3474 244 3528 ium,
260 3475 302 3522 cui
314 3480 339 3522 ct
354 3474 493 3529 auxilinm,
517 3488 595 3524 suum
610 3475 712 3536 impen-

75 3536 206 3597 igneutur,
224 3549 348 3599 magnum
360 3538 491 3599 episcopis
502 3537 622 3586 collaturi
637 3538 716 3647 beae't

78 3694 83 3705 .
99 3684 131 3693 -
143 3659 217 3706 Actis
233 3659 381 3708 Theodosio
396 3660 488 3723 gratiis
502 3660 533 3708 de
547 3660 677 3708 restitutis
687 3661 714 3708 in

75 3719 199 3776 hodoxis,
224 3725 249 3768 et
273 3721 363 3770 dolore
386 3734 435 3770 suo
457 3727 566 3784 propter
591 3720 714 3770 Ecclesiae

75 3787 142 3837 cato,
158 3783 310 3844 episcopum
326 3784 469 3832 Antiochia·
487 3789 590 3831 mortuo
613 3782 714 3832 Meletio

75 3844 209 3905 queritur:
234 3852 259 3891 et
278 3851 306 3893 ut
325 3845 465 3895 Nectarius
489 3844 715 3906 Constantinopoli

76 3918 100 3953 m
124 3905 261 3953 ordinatus
285 3906 342 3955 loco
361 3907 447 3966 cedat,
471 3908 513 3955 vel
527 3908 560 3955 da
575 3907 661 3955 utrius
681 3919 716 3954 ue

75 3966 621 4093 t⁸³⁰⁰⁶t..itiittfttttittablia
649 4030 717 4078 iic.

77 4103 127 4153 que
142 4089 331 4140 Occidentalem
346 4091 490 4141 Ecclesiam
504 4091 597 4140 unitati
611 4104 716 4154 operam

75 4152 201 4209 mandato,
218 4154 336 4215 episcopi
349 4168 397 4203 cur
410 4150 441 4202 de
458 4167 488 4202 ea
503 4168 532 4202 re
554 4154 717 4215 superiorem

75 4214 197 4271 tistotani,
212 4220 363 4278 exponunt:
377 4215 477 4264 addunt
491 4228 562 4264 curse
577 4217 655 4264 etiam
664 4214 717 4263 sihi

75 4289 132 4323 ores
142 4276 304 4337 Apollinaris
317 4278 568 4326 condemnarentur:
602 4283 716 4326 ostremo

75 4339 127 4386 ium
140 4339 251 4399 petendo
267 4339 390 4400 injuriam
400 4340 512 4401 cuipiam
524 4339 563 4386 int
592 4340 655 4397 isse,
670 4351 718 4388 nec

74 4400 174 4447 istituto
191 4413 301 4462 usquam
315 4401 441 4450 deiecisse
454 4407 588 4461 asserunt,
671 4399 718 4449 990

87 4487 119 4497 -
136 4461 237 4510 Acholii
253 4468 363 4511 mortem
380 4477 409 4511 so
423 4463 582 4518 rescivisse,
599 4476 647 4511 nec
661 4464 718 4511 sinc

76 4521 149 4580 culo;
175 4523 384 4573 illumuontem
399 4530 621 4582 mortuumeese,
660 4538 718 4573 uam

92 4585 171 4633 vitam
187 4585 357 4643 translatum
372 4587 489 4635 actiones
504 4586 566 4646 ejus
579 4592 609 4635 iit
623 4539 720 4636 89ωο

77 4651 134 4694 etur
157 4647 359 4705 commeruisse,
385 4653 413 4696 ut
435 4653 521 4695 autem
539 4648 616 4697 etiam
636 4649 719 4697 tiliam

75 4720 159 4767 mere,
181 4711 291 4757 maximo
307 4722 501 4766 successorem,
517 4722 594 4770 quem
608 4711 720 4773 spiritus

75 4770 145 4825 lecit,
157 4771 327 4832 persuadere;
341 4771 565 4834 jucundissimum
576 4771 626 4820 sibi
638 4772 721 4821 luisse

75 4844 114 4879 uni
133 4845 323 4896 congressum,
347 4839 372 4882 et
397 4833 457 4881 e'us
480 4833 580 4881 obitum
598 4833 721 4907 plurimis

75 4905 99 4953 ι;
119 4893 166 4942 sed
185 4896 237 4943 viri
251 4895 336 4944 sancti
349 4848 509 4944 derisorium
525 4894 607 4945 levari
623 4896 723 5006 νιιιδθιξ

75 5016 90 5063 t.
105 5040 137 5053 -
152 5018 253 5079 Anysio
268 5017 293 5066 in
309 5018 508 5068 Acholiilocum
520 5031 611 5069 reeens
618 5018 721 5069 adscito

75 5083 81 5123 t
94 5076 244 5128 decessoris
259 5081 465 5139 sanctimoniam,
481 5081 684 5131 adolescentiam
694 5080 721 5129 in

75 5144 195 5198 nactam,
230 5145 348 5190 ornatam
374 5142 518 5191 virtutibus
540 5143 720 5205 juventutem,

75 5213 94 5248 ie
109 5207 268 5250 senectutem
283 5202 407 5259 mudena,
425 5211 454 5252 ut
468 5204 588 5266 anysius
602 5204 722 5268 mundam

75 5275 195 5310 accessor
212 5264 264 5322 ssat,
282 5272 447 5327 apprecatur.
660 5265 724 5317 1000

75 5324 104 5372 ll.
122 5349 155 5361 -
176 5325 365 5386 imperatorum
380 5340 438 5375 esse
457 5327 610 5391 religionem
629 5329 718 5377 tueri:

75 5388 285 5436 instaurationem
309 5389 507 5450 superstitionis
544 5389 721 5439 ostulandam.

77 5447 181 5497 illorum
193 5448 337 5497 habendam
347 5450 474 5499 rationem
503 5465 530 5499 ιιι

75 5508 219 5558 Ξιιιιιιιιιιιω
232 5509 313 5560 decus
326 5511 466 5574 flagitatur.
484 5465 504 5562 0

75 5572 114 5619 ine
131 5571 244 5619 oblatam
257 5586 326 5628 esse.
341 5585 402 5622 cum
418 5574 441 5622 oi
456 5573 600 5624 Christiani
619 5580 724 5623 senato·

75 5634 206 5681 tenserint.
228 5633 265 5682 De
278 5635 329 5684 hoc
343 5636 436 5684 reterri
451 5641 572 5700 oportere
584 5634 617 5685 ad
634 5636 722 5687 Theo·

76 5694 268 5758 depiscopoa:
293 5696 515 5757 Valentinianum,
541 5699 567 5748 si
587 5698 723 5763 privilegia

75 5758 226 5813 incesserit,
248 5758 281 5807 ab
297 5758 413 5809 Ecclesia
428 5759 613 5824 rejiciendum.
635 5760 682 5810 sed
699 5766 724 5810 et

76 5817 115 5866 ris
128 5819 261 5869 memorie
275 5820 454 5886 irrogaturum
468 5822 608 5886 iniuriam,
625 5821 658 5872 de
690 5835 724 5872 ua

75 5879 223 5931 nutrientes.
240 5881 411 5934 inducuntur.
663 5885 675 5935 l

550 5463 582 5501 us
590 5451 723 5514 quidpiam

505 5513 562 5562 aleo
573 5514 724 5576 petitionem

752 833 874 883 poscere,
890 825 915 868 et
927 818 1050 882 prolecto
1065 822 1127 870 sine
1141 821 1237 871 damno
1252 824 1344 872 erarii
1367 823 1478 874 concedi
1491 837 1597 887 posse:

754 881 885 992 illitis
897 881 1410 1007 :bittitblithildis?
1430 885 1599 1021 tilieti

756 1003 795 1054 dii
816 1004 869 1053 ulti
888 1004 1014 1053 dicuntur
1027 1005 1154 1056 immissa
1169 1007 1247 1056 lame.
1263 1009 1352 1072 Negat
1376 1009 1488 1073 denique
1502 1008 1599 1059 dicen·

755 1065 827 1124 dum,
842 1066 913 1131 quod
922 1067 1003 1130 petit,
1017 1074 1154 1131 sumptum
1167 1068 1306 1133 publicum
1324 1086 1331 1117 :
1346 1077 1372 1119 et
1387 1070 1537 1120 orationem
1553 1085 1599 1120 co·

755 1128 888 1239 ssqrtendo
903 1128 1082 1192 imperatores
1096 1129 1130 1179 ad
1138 1132 1276 1194 postulata
1290 1132 1348 1181 sibi
1358 1132 1513 1196 praestanda
1527 1134 1601 1245 01Ιῶ

773 1204 806 1238 ι.

788 1253 876 1301 Erisr.
895 1251 1030 1301 xv111.-
1039 1253 1166 1303 Relationi
1175 1253 1325 1316 Symmachi
1336 1270 1378 1304 res
1398 1255 1476 1305 ondet
1486 1257 1603 1305 Ambro-

758 1314 825 1371 sius,
839 1318 864 1360 et
879 1319 939 1375 post
952 1314 1117 1364 conciliatam
1128 1316 1361 1366 sibiValentiniaui
1378 1271 1597 1375 benevolentiam,

758 1376 807 1424 tria
827 1375 854 1422 in
866 1376 955 1423 eadem
967 1375 1089 1426 relatione
1104 1379 1236 1440 praecipua
1253 1381 1337 1441 capita
1354 1381 1516 1443 aggreditur.
1532 1381 1601 1429 Nam

758 1437 949 1547 prosopopoeiae
980 1451 1012 1486 ua
1022 1439 1104 1487 Roma
1117 1440 1220 1502 priscos
1239 1453 1304 1489 suos
1315 1443 1382 1489 ritus
1394 1455 1502 1503 poscere
1511 1444 1604 1506 tinge·

777 1499 948 1560 atur,aliaeju
982 1513 1024 1547 em
1033 1500 1259 1550 Romaecontraria
1270 1504 1439 1567 efflagitantis
1457 1504 1603 1566 opponitur

758 1573 818 1608 cum
828 1561 980 1609 Vestalibus
989 1566 1014 1609 et
1023 1563 1183 1612 sacritlculis
1194 1565 1311 1627 virgines
1322 1579 1403 1613 sacrae
1414 1571 1439 1613 et
1447 1566 1544 1614 Christi
1553 1579 1599 1614 se·

758 1621 878 1670 cerdotes
888 1629 1080 1685 comparantur,
1091 1638 1121 1673 ac
1132 1624 1236 1673 tandem
1246 1625 1316 1686 quod
1328 1625 1445 1675 sublatas
1454 1627 1511 1676 illas
1521 1640 1604 1676 care-

759 1684 860 1732 monies
883 1685 977 1733 lamen
990 1684 1072 1734 ultam
1088 1687 1171 1735 luisse
1185 1688 1362 1746 dictitabatur,
1383 1688 1409 1736 id
1424 1702 1522 1737 vanuin
1536 1702 1600 1738 esee

760 1745 943 1794 invictissimis
957 1748 1119 1811 argumentis
1136 1748 1339 1797 demonstratur.
1538 1750 1604 1802 1018

790 1808 880 1856 Erisi.
895 1807 1168 1858 XIX.·-Ambrosius
1182 1824 1197 1859 a
1213 1811 1310 1882 vigilio
1324 1811 1356 1859 ad
1371 1812 1602 1874 episcopatumre·

759 1883 822 1918 eene
835 1867 938 1925 allecto,
954 1875 982 1917 ut
995 1870 1046 1918 eibi
1069 1872 1179 1919 sormam
1194 1873 1368 1920 iustitutionis
1382 1873 1504 1922 traderet.
1520 1874 1604 1922 obs&

760 1936 858 1986 cratus,
874 1931 995 1980 admonet
1010 1945 1042 1980 ne
1059 1932 1148 1981 lldeles
1168 1946 1228 1982 cum
1243 1934 1392 1983 infidelibus
1407 1935 1521 1996 patiatur
1535 1935 1603 1984 mire

760 1992 898 2054 conjugia;
915 1993 1044 2041 deterreat
1057 1993 1184 2055 populum
1208 2009 1222 2042 a
1236 1995 1375 2044 fraudibus
1390 2002 1468 2058 atquo
1488 1997 1603 2045 ioenori-

760 2055 824 2109 bum
844 2053 877 2102 ad
890 2053 1078 2114 hopitalitatem
1097 2068 1160 2104 vero
1186 2056 1260 2102 illum
1274 2056 1407 2112 hortatum
1424 2057 1471 2105 sad
1485 2059 1601 2120 potissi·

760 2127 831 2162 mum
846 2118 874 2161 ut
888 2119 1030 2163 memorata
1048 2114 1258 2165 Christianorum
1273 2129 1333 2164 cum
1348 2118 1490 2179 gentilibus
1505 2119 1602 2166 matri·

761 2175 848 2223 monio
869 2175 1003 2224 elbcaciua
1017 2177 1160 2238 prohibeat,
1175 2177 1314 2226 historiam
1334 2178 1472 2227 Samsonis
1486 2181 1598 2228 nniver-

761 2250 818 2286 sam
832 2234 950 2284 decurrit
964 2242 1042 2299 atquc
1057 2238 1186 2286 edisserit.
1538 2240 1603 2290 rost

792 2298 880 2346 Erras.
897 2299 949 2346 XX.
967 2324 1000 2336 -
1022 2299 1118 2347 Narrat
1141 2300 1228 2348 sorori
1250 2314 1309 2363 qua)
1325 2300 1463 2350 Mediolani
1484 2316 1531 2364 per
1545 2302 1605 2351 dies

762 2358 861 2420 aliquot
875 2365 983 2469 propter
995 2361 1140 2420 basilicam,
1158 2375 1235 2424 quam
1249 2364 1340 2412 Ariani
1355 2364 1485 2426 petebant,
1505 2378 1604 2413 evene·

761 2434 805 2477 re:
819 2433 916 2482 quomo
936 2436 950 2470 o
963 2435 978 2472 a
991 2422 1165 2471 Valentiniani
1173 2425 1301 2474 ministris
1312 2426 1368 2488 ipse
1378 2427 1457 2474 tuerit
1466 2426 1606 2488 compella-

761 2489 815 2539 tus,
830 2481 946 2545 populus
957 2488 1042 2534 autem
1053 2484 1235 2534 reclamaverit
1246 2499 1252 2533 :
1263 2486 1356 2536 deinde
1366 2487 1498 2549 quomodo
1510 2488 1603 2536 missis

762 2545 868 2594 decanis
880 2546 913 2593 ad
926 2546 1061 2596 basilicam
1080 2547 1261 2604 invadendam,
1284 2555 1377 2610 raptus
1385 2551 1490 2598 luerita
1505 2549 1605 2612 populo

762 2607 887 2656 Gaetulus
902 2609 1025 2666 Arianos,
1041 2610 1121 2670 cujus
1136 2612 1282 2668 occasione,
1302 2610 1363 2659 licet
1380 2625 1428 2660 sua
1440 2611 1526 2673 ipsius
1538 2625 1605 2661 cura

761 2669 866 2719 libcrari
887 2671 967 2718 varim
990 2677 1087 2719 secutae
1109 2678 1172 2719 sunt
1191 2673 1435 2733 condemnationem
1460 2681 1521 2735 post
1543 2686 1606 2735 quie

762 2733 857 2780 iterum
872 2730 1051 2806 interpellatus
1073 2733 1240 2795 imperatoris
1256 2736 1358 2808 nomino
1374 2741 1482 2784 sanctus
1504 2734 1608 2797 praesul

763 2798 1035 2912 mithidatis
1048 2796 1604 2933 tibliatiittbttttlinibit?

763 2930 811 2964 nec
825 2915 951 2979 populum
973 2918 1005 2966 da
1023 2919 1175 2967 tortitudine
1188 2920 1332 2981 quidquam
1347 2922 1482 2970 remisisse
1498 2934 1504 2980 ;
1521 2926 1607 2969 tenta·

764 2979 849 3027 tiones
866 2980 917 3027 doh
931 2984 956 3026 et
971 2980 1081 3028 maxime
1095 2994 1190 3042 quasa
1205 2982 1313 3030 muliere
1327 2996 1426 3044 passus
1436 2982 1533 3046 legitur
1543 2983 1606 3031 huic

763 3040 873 3102 tempori
887 3041 1096 3090 accommodatas
1107 3057 1114 3092 ε
1126 3043 1229 3091 interim
1240 3043 1374 3092 liberatam
1389 3043 1532 3100 basilicam,
1553 3043 1601 3092 sed

763 3104 893 3151 notarium
911 3103 962 3151 sihi
990 3103 1055 3152 dura
1071 3105 1216 3161 nuntiasse,
1232 3105 1331 3167 quibus
1347 3107 1498 3166 neutiquam
1514 3111 1605 3153 ructus

762 3165 842 3213 tuerit
856 3175 862 3210 τ
878 3169 1011 3225 postremo
1026 3167 1169 3276 prophetiae
1182 3167 1259 3215 donee
1278 3168 1311 3216 ad
1327 3181 1369 3215 res
1384 3174 1529 3229 praesentes
1544 3166 1606 3216 ada·

762 3226 913 3289 piationem,
943 3227 1032 3288 populi
1059 3241 1074 3275 o
1118 3227 1253 3277 liberatam
1274 3229 1424 3283 basilicam,
1448 3236 1472 3277 et
1496 3228 1606 3277 inultam

763 3289 953 3336 mercatoribus
975 3288 1112 3337 remissam
1126 3291 1260 3350 gaudium,
1283 3292 1365 3341 rerba
1381 3290 1557 3340 Valentiniani
1572 3290 1608 3339 ad

763 3350 883 3406 comites,
899 3357 923 3397 et
937 3362 1016 3399 suum
1035 3351 1068 3399 ad
1086 3350 1213 3415 Calligoni
1231 3353 1315 3401 minas
1332 3365 1489 3415 responsum
1504 3352 1610 3464 subiici}i

795 3475 883 3523 Error.
899 3474 965 3523 XXI.
979 3475 1140 3523 -Excusat
1156 3476 1315 3524 Ambrosius
1333 3477 1403 3538 quod
1424 3482 1534 3526 vocatus
1551 3488 1606 3524 non

764 3535 864 3584 venerit
879 3535 912 3583 ad
927 3537 1124 3594 consistorium,
1139 3550 1265 3586 asserens
1283 3538 1309 3585 iu
1333 3552 1412 3587 causa
1428 3539 1487 3587 tidei
1502 3538 1544 3586 vel
1558 3551 1606 3586 ec·

764 3597 912 3646 clesiastica
923 3597 1044 3658 iudicare
1057 3599 1108 3646 nisi
1123 3600 1274 3648 sacerdotes
1289 3602 1417 3649 nemiuem
1433 3601 1540 3659 dehere;
1556 3612 1607 3647 neo

764 3673 793 3707 sa
808 3660 834 3706 in
858 3672 890 3707 eo
908 3664 1096 3715 contumacem,
1114 3661 1185 3722 quod
1208 3662 1334 3723 injuriam
1357 3663 1444 3711 ordini
1470 3676 1520 3711 suo
1548 3674 1603 3710 non

764 3722 860 3769 inurat.
874 3720 954 3768 Addit
967 3723 1125 3769 Auxentium
1140 3724 1206 3770 iorta
1220 3723 1330 3772 dudaeos
1342 3730 1386 3771 aut
1405 3724 1522 3772 inlidelos
1538 3722 1608 3771 eloc-

763 3787 853 3831 turum
874 3782 997 3844 judicum
1010 3782 1077 3839 loco,
1095 3784 1119 3831 id
1136 3789 1184 3838 est,
1201 3785 1298 3833 Christi
1320 3787 1520 3834 inimicissimos
1534 3800 1541 3836 ι
1558 3797 1608 3833 nec

765 3856 888 3892 recusare
920 3844 1043 3894 eominus
1055 3845 1083 3893 in
1097 3846 1208 3895 ecclesia
1222 3845 1263 3895 vel
1279 3848 1305 3894 in
1323 3849 1426 3909 synodo
1441 3849 1472 3895 ds
1489 3848 1532 3896 his
1546 3847 1608 3894 dis·

764 3909 867 3968 putaret
881 3921 888 3956 :
901 3858 963 3955 ⁴bom
979 3905 1084 3955 demum
1108 3922 1137 3956 se
1152 3921 1241 3956 coram
1260 3909 1345 3957 luisse
1365 3909 1507 3967 dicturum,
1523 3909 1608 3957 ninia

764 3981 811 4017 coe
831 3968 929 4030 incopis
943 3972 968 4016 et
981 3968 1079 4031 populo
1094 3975 1164 4018 esset
1179 3970 1337 4032 prohibitus.
1544 3969 1609 4020 1005

818 4042 892 4079 ormo
907 4034 1001 4079 contra
1013 4029 1179 4081 Auxentium
1190 4030 1222 4080 de
1236 4031 1364 4082 basilicis
1380 4032 1528 4083 tradendis.
1544 4030 1609 4083 1009

797 4093 886 4140 Erier.
902 4092 981 4142 xxii.
995 4118 1027 4128 -
1041 4094 1195 4142 inventione
1209 4106 1352 4156 corporum
1362 4095 1482 4144 Gervasii
1497 4110 1528 4144 ac
1544 4094 1608 4142 Pro-

765 4153 824 4203 tasii
835 4159 978 4216 martyrum
991 4155 1117 4214 nuntiata,
1131 4157 1211 4204 relort
1221 4170 1250 4204 se
1258 4156 1291 4204 ad
1302 4158 1428 4219 populum
1440 4155 1482 4205 illa
1490 4156 1608 4204 dixisse:

766 4213 854 4264 Coelos
868 4229 928 4264 esse
950 4220 1088 4276 martyres,
1106 4217 1177 4266 sicut
1194 4224 1218 4266 et
1235 4219 1371 4281 apostolos
1393 4234 1399 4268 z
1418 4219 1488 4266 diem
1501 4229 1609 4326 quoqne

765 4276 850 4326 tuisse
864 4275 969 4325 iliorum
983 4279 1177 4327 contessionem
1190 4292 1196 4326 :
1208 4279 1314 4327 eosdem
1329 4293 1344 4329 a
1359 4281 1477 4328 Domimo
1489 4278 1562 4328 hum·
1574 4279 1612 4327 ia·

767 4344 819 4394 tos,
832 4351 863 4386 ao
879 4337 974 4387 deinde
989 4340 1133 4389 suscitatos
1150 4341 1182 4388 de
1197 4347 1280 4399 terra;
1297 4341 1375 4402 idque
1400 4354 1492 4390 eornm
1512 4353 1609 4389 rasur-

767 4401 908 4448 rectionem
920 4413 989 4457 esse,
1005 4413 1064 4449 cuin
1075 4406 1114 4449 tot
1124 4401 1248 4451 miracula
1261 4404 1362 4465 operati
1377 4403 1431 4450 sint
1444 4415 1450 4450 :
1466 4403 1565 4511 gratias
1575 4401 1612 4450 ob

766 4467 867 4510 tantum
882 4460 1034 4524 presidium
1058 4463 1111 4511 Deo
1126 4465 1222 4527 egisse,
1248 4463 1365 4525 illudque
1379 4463 1467 4526 amplit
1478 4477 1556 4513 casse
1575 4476 1610 4512 ex

768 4523 851 4588 gestis
877 4523 966 4573 Elissai
981 4538 988 4575 :
1004 4524 1107 4573 tandem
1135 4525 1306 4587 reliquiarum
1330 4526 1552 4588 descriptionem,
1575 4536 1610 4573 ac

768 4585 949 4635 translationis
963 4586 1103 4635 consilium
1118 4588 1239 4649 populari
1254 4587 1349 4650 plausu
1360 4602 1422 4636 exce
1443 4592 1476 4644 ta,
1492 4586 1614 4649 Suhjuu·

787 4648 807 4696 it
815 4648 950 4710 sequentis
959 4646 1009 4696 diei
1021 4661 1178 4703 aoriuononi.
1189 4663 1251 4711 quo,
1262 4656 1403 4698 memorata
1436 4648 1612 4698 atholioorum

768 4663 867 4766 felitis,
882 4709 1055 4758 invidentiam
1068 4710 1225 4759 arianorum
1240 4712 1381 4775 exagitavit
1395 4712 1541 4760 ostendens
1550 4722 1609 4767 eoa,

769 4771 833 4821 dum
846 4771 959 4820 evidenti
973 4772 1099 4821 miraciilo
1116 4773 1193 4821 iidem
1208 4778 1314 4837 negant,
1337 4772 1491 4822 iudeorum
1508 4771 1611 4822 similes

769 4847 838 4889 esse,
852 4839 929 4895 atque
943 4832 1019 4882 aliter
1042 4835 1157 4892 credere,
1172 4848 1250 4897 quani
1274 4842 1402 4896 martyres
1416 4835 1586 4884 crediderunt
1600 4848 1609 4882 :

769 4894 832 4943 dum
846 4908 910 4944 vero
925 4896 1079 4945 Trinitatem
1095 4910 1173 4958 quam
1188 4897 1322 4945 demones
1335 4897 1539 4954 cantitabantur,
1554 4909 1608 4945 non

769 4956 977 5021 agnoscerent,i
997 4958 1035 5007 sis
1050 4958 1189 5007 demoniis
1202 4972 1262 5007 esse
1312 4959 1392 5008 ores.
1550 4956 1614 5007 1002

802 5020 891 5069 Error.
905 4970 1037 5091 XXllflj·
1049 5020 1194 5068 Dessniendi
1210 4973 1359 5069 Pascffiem
1373 5020 1442 5069 diem
1456 5018 1612 5069 difficultate

768 5094 800 5131 ao
813 5081 893 5129 aimid
909 5086 1064 5130 necessitate
1078 5083 1232 5145 propositis,
1250 5080 1347 5131 licitam
1370 5097 1430 5131 esse
1444 5082 1546 5131 dierum
1560 5079 1613 5128 ob·

770 5143 946 5192 eemauonem
955 5141 1018 5191 dum
1028 5144 1181 5205 superstitio
1193 5144 1272 5203 absit,
1283 5146 1386 5207 prohat,
1399 5156 1529 5205 suumque
1542 5154 1612 5190 con·

770 5204 859 5254 silium
872 5205 965 5267 aperit.
976 5204 1015 5252 Ad
1031 5205 1082 5254 hoo
1095 5218 1215 5267 quenam
1229 5205 1421 5255 considerando
1457 5216 1524 5252 nove
1533 5208 1613 5265 pacto

770 5265 939 5317 obsearanda
950 5265 1011 5316 lext
1024 5265 1088 5315 Post
1103 5281 1161 5329 ques
1176 5268 1244 5317 diem
1252 5268 1386 5331 passionis
1397 5220 1508 5337 acgiem
1522 5277 1615 5312 menr-

771 5328 897 5378 rectionia
907 5328 1108 5393 distinguendos
1122 5343 1182 5378 esee
1197 5331 1241 5379 uhi
1255 5329 1456 5383 demonstravit,
1475 5324 1614 5376 difficulta-

771 5394 864 5452 tesque
874 5389 949 5439 dbuit
960 5389 1078 5453 exemplo
1096 5397 1242 5454 temporum
1257 5389 1434 5452 superiorum,
1449 5388 1481 5436 ad
1499 5387 1615 5437 litteram

770 5464 887 5501 noanon
901 5452 983 5501 teneri
997 5452 1110 5502 declarat
1124 5469 1130 5503 :
1143 5460 1167 5501 et
1183 5453 1337 5501 contlrmati
1350 5454 1404 5499 tota
1419 5450 1601 5524 disputatione

771 5515 883 5563 virtutes
895 5513 1056 5564 celebranda
1071 5515 1178 5564 Paschae
1193 5513 1356 5584 necessarias
1371 5511 1535 5584 perstringit.
1551 5484 1616 5561 1009

803 5576 895 5627 Brisa.
910 5574 1002 5626 xxiv.
1016 5602 1049 5614 -
1063 5576 1190 5638 Exposito
1206 5586 1254 5622 eur
1269 5574 1408 5637 legationis
1418 5585 1474 5622 sun
1484 5577 1613 5622 rationem

771 5636 872 5695 reddat,
886 5636 1018 5700 quomodo
1030 5640 1055 5686 in
1066 5636 1254 5686 consistorium
1263 5634 1366 5699 ingredi
1375 5640 1494 5691 coactus,
1506 5633 1616 5684 Maximi

771 5698 892 5750 omnium
905 5701 1074 5753 recusaverit.
1089 5703 1114 5747 et
1126 5698 1314 5747 accusationes
1326 5696 1423 5759 quibus
1436 5697 1479 5745 hlc
1490 5695 1523 5744 ab
1535 5709 1567 5744 eo
1581 5709 1613 5745 ee

771 5759 835 5811 dece
864 5775 918 5819 um,
928 5766 954 5811 et
966 5775 982 5812 a
998 5760 1117 5811 Bautone
1131 5758 1267 5809 immissos
1282 5758 1391 5821 imperio
1405 5757 1538 5808 Barbaros
1554 5758 1613 5807 cri·

771 5823 841 5873 mina
875 5826 928 5879 tor,
943 5822 991 5873 ini
1013 5836 1072 5872 sum
1083 5821 1338 5878 retorserit,narrat.
1354 5820 1422 5870 Tum
1447 5820 1493 5868 uhi
1513 5820 1616 5877 retulit,

771 5897 823 5948 qua
845 5884 963 5935 libertate
992 5836 1168 5935 ‘'mantiniani
1188 5882 1352 5934 clementiam
1379 5882 1439 5946 etna
1462 5880 1617 5934 crudelitati
