3900 6128
88 272 94 285 '
197 276 278 347 124⁷

921 277 954 345 S.
970 276 1192 342 ameaosn.

1848 268 1911 345 rto

198 480 258 551 psit
274 494 279 534 :
299 478 449 545 «Quidam
460 483 556 534 autem
567 479 699 549 epicurei
710 483 739 535 et
754 478 840 535 stoici
863 477 1036 549 philosophi
1049 456 1079 520 Α
1092 479 1222 535 malente
1237 477 1323 533 etiarn
1337 477 1482 534 maturior
1504 478 1578 533 aetas
1598 474 1740 545 coleseit3
1757 473 1798 529 ita
1813 474 1910 549 mitiga-

199 568 388 638 disputabaut
405 583 472 622 cum
492 584 538 636 eo,
564 570 592 623 et
611 568 731 639 quidam
746 567 883 623 dicebant
904 583 910 623 :
932 590 944 614 a
960 565 1036 631 Quid

201 658 259 711 sibi
273 659 336 712 vult
351 657 398 712 hic
410 657 663 712 seminiverbius?
676 657 733 712 atii
745 662 841 711 autem
859 675 865 712 :
882 656 1036 712 Noveram

199 746 414 802 daemoniorum
426 747 544 801 ridetur
564 747 770 816 pronuntiator
781 762 851 803 osse
868 746 945 821 (Aet.
962 761 1034 814 xvir,

234 925 279 980 22.
297 924 342 979 Ex
357 924 414 980 troo
430 930 527 981 tamen
541 940 666 980 nnmcro
692 940 750 979 non
770 924 908 978 immunis
929 924 1036 996 gratia

200 1014 272 1069 abiit
282 1013 456 1085 Apostolus.
469 1013 621 1085 Siquidem
632 1014 719 1068 etiam
735 1013 896 1085 Dionysius
907 1015 1037 1083 Areopa·

199 1103 278 1176 giles
294 1118 361 1157 curn
377 1103 494 1158 Dumari
509 1103 563 1174 (51)
587 1118 682 1158 uxore
707 1118 770 1172 sun,
794 1103 920 1173 aliisque
936 1101 1037 1156 multis

198 1192 333 1246 credidit.
349 1191 450 1262 ltaque
465 1192 506 1246 illi
522 1192 768 1247 doctissimorum
789 1196 817 1246 et
833 1192 1037 1262 eloquentium

199 1284 294 1337 eoetus
309 1281 436 1351 simplici
452 1282 649 1352 disputatione
665 1280 761 1336 victos
774 1296 807 1335 se
824 1296 894 1335 esse
914 1280 1038 1335 ereden-

198 1369 272 1424 tium
286 1370 421 1440 exemplo
436 1370 673 1425 manifestarunt.
699 1369 775 1435 Quid
798 1370 891 1441 igitur
910 1369 969 1425 sibi
985 1368 1035 1424 isti

202 1459 314 1529 volunt,
327 1459 377 1530 qui
393 1462 504 1514 tentant
519 1474 573 1514 eos
589 1462 772 1530 pervertere,
789 1474 865 1529 quos
877 1458 1037 1530 acquisivit

203 1547 377 1617 Apostolus,
398 1563 475 1619 quos
496 1548 620 1603 redemit
637 1547 777 1603 Christus
798 1548 943 1619 sarrguine
955 1548 1040 1602 suo‘l

201 1634 283 1699 Quod
295 1641 435 1692 asserunt
446 1638 501 1709 (5⁶2)
512 1638 675 1707 baptizatos
692 1636 845 1691 intendere
856 1652 915 1691 non
928 1636 1039 1691 debere

1093 573 1142 625 tur
1151 567 1318 640 juventutis
1334 565 1475 622 ferocitas
1489 566 1644 637 epularum
1654 562 1848 635 parcimonia,
1862 565 1912 620 irr'e
1944 586 1946 607 ι

1093 673 1211 730 guoque
1231 656 1332 712 fontis.
1349 655 1487 712 Exterior
1502 654 1558 727 (56)
1570 656 1649 728 ignis
1671 668 1758 725 aquae
1780 652 1911 711 infusione

1094 746 1306 819 exstinguitur,
1327 762 1385 801 non
1409 746 1517 799 mirum
1541 746 1568 800 si
1584 744 1673 799 etiam
1697 741 1825 797 interior
1837 748 1912 799 estu

1094 836 1231 907 eorporis
1247 833 1646 906 fluvialipotarefrigeratur
1665 831 1734 887 cibo
1760 830 1913 886 enimdan·

1094 942 1140 980 ma
1161 926 1249 980 alitur
1262 940 1296 979 ao
1313 924 1421 979 detleit.
1438 923 1591 995 Siquidem
1603 920 1663 993 (57)
1679 919 1796 989 fenum,
1813 919 1913 991 stipula,

1094 1015 1219 1087 lignum,
1236 1012 1352 1084 oleum3
1377 1015 1464 1084 atque
1488 1009 1664 1083 hujusmodi
1687 1008 1831 1065 alimenta
1850 1008 1914 1081 ignis

1096 1108 1175 1172 sunt,
1191 1102 1300 1175 quibus
1311 1101 1445 1174 pascitur
1461 1118 1467 1156 :
1484 1115 1518 1156 ea
1530 1100 1556 1155 si
1567 1098 1722 1167 detrahes,
1735 1096 1785 1152 vel
1797 1110 1853 1152 uon
1862 1112 1916 1169 ang

1095 1208 1196 1266 geras,
1215 1191 1302 1247 etiam
1316 1190 1395 1262 ignis
1421 1190 1544 1260 sopitur.
1570 1188 1716 1244 Similiter
1746 1200 1823 1258 ergo
1843 1200 1916 1255 uapor

1096 1282 1232 1354 corporis
1251 1281 1318 1336 cibo
1338 1280 1425 1335 alitur
1443 1282 1492 1334 aut
1519 1278 1662 1333 minuitur
1682 1292 1690 1347 ;
1721 1275 1795 1331 eibo
1820 1276 1916 1331 exciu-

1096 1376 1162 1440 lar,
1183 1371 1250 1427 cibo
1269 1369 1404 1426 solvitur.
1418 1368 1556 1423 Luxuria
1576 1368 1668 1440 igitur
1686 1368 1790 1421 mater
1804 1363 1917 1419 libidinis

1097 1463 1153 1517 est.

1131 1550 1176 1606 al.
1193 1548 1268 1616 Quid
1291 1547 1370 1621 quod
1394 1548 1508 1602 naturae
1532 1543 1719 1601 conveniens
1746 1544 1918 1615 temperantis

1096 1644 1152 1709 est,
1170 1644 1256 1711 atque
1270 1637 1311 1692 illi
1327 1636 1435 1692 dirinae
1449 1635 1519 1708 legi,
1534 1650 1600 1707 quae
1616 1636 1648 1689 in
1664 1634 1735 1705 ipso
1751 1648 1850 1688 rerum
1866 1636 1918 1687 ortu

200 1724 343 1779 virtutum
355 1725 535 1795 disciplinis,
555 1725 628 1780 nihil
655 1725 716 1779 illis
727 1725 1039 1781 obessecomessatio·
1054 1720 1081 1783 B
1097 1729 1226 1785 omnium
1242 1726 1339 1782 fontes
1354 1726 1446 1797 potui,
1462 1726 1577 1781 fruetus
1593 1723 1743 1778 arborum
1754 1720 1917 1777 osuideditt

203 1828 268 1880 nes,
282 1814 354 1867 nihil
371 1813 551 1883 voluptatum
567 1814 760 1881 attinentium,
780 1814 954 1884 insipientes
970 1830 1039 1869 esse

203 1917 256 1957 eos
268 1903 318 1972 qui
330 1903 365 1956 iis
377 1906 511 1957 careant:
524 1902 658 1973 virgines
670 1908 810 1975 oportere
824 1904 949 1969 nubere,
961 1903 1039 1957 filios

110 1986 118 1997 ”
202 1990 302 2047 faeere
319 2006 326 2046 ε
343 1991 481 2045 similiter
505 1994 534 2046 et
559 1991 664 2046 viduas
690 1992 814 2060 iterare,
840 1992 920 2064 quod
946 1992 1039 2047 semel

204 2079 279 2134 male
290 2080 347 2133 riri
366 2080 542 2136 admistione
554 2084 685 2150 expertae
697 2081 755 2135 siut
769 2097 776 2150 ς
788 2080 904 2135 etiamsi
920 2096 953 2136 se
967 2097 1040 2136 con-

204 2169 300 2224 tinere
315 2168 441 2241 possint,
460 2185 563 2224 errare
579 2186 631 2223 eas
642 2185 709 2242 quae
726 2169 817 2224 nolint
833 2171 940 2227 iterare
953 2186 1042 2243 copu-

206 2257 275 2313 lam,

241 2346 286 2401 23.
302 2345 377 2412 Quid
392 2348 491 2419 ergo?
508 2346 606 2401 Placet
622 2349 652 2401 ut
667 2346 815 2402 homiuem
831 2353 985 2416 exuentes,
999 2348 1041 2403 in·

205 2436 332 2491 duamus
351 2437 513 2505 pecudem:
532 2442 559 2490 et
576 2436 778 2505 exspoliantes
798 2436 960 2506 Christum,
973 2452 1041 2491 vos-

206 2525 316 2580 tiamur
341 2529 389 2579 aut
409 2526 668 2596 supervestiamur
693 2526 818 2580 amictus
837 2526 970 2582 diaboli?
984 2525 1042 2581 Sed

206 2628 274 2669 oum
289 2614 345 2684 ipsi
371 2615 511 2670 <lectores
527 2617 657 2687 gentium
673 2630 709 2667 ue
725 2614 908 2669 honestatem
924 2615 1044 2685 quidem

207 2718 274 2756 eum
290 2703 438 2773 volrrptuto
454 2703 647 2774 copulandam
662 2703 840 2773 putaverint,
853 2703 979 2774 eoquod
994 2718 1043 2773 pe·

208 2791 313 2846 cadem
331 2792 504 2846 villercntur
525 2807 591 2846 cum
616 2792 734 2846 hennuc
750 2791 900 2847 includere
918 2807 924 2847 :
941 2808 996 2847 nos
1012 2796 1044 2847 ut

203 2882 350 2936 belluinos
365 2898 440 2936 usias
456 2882 583 2936 humano
600 2880 789 2935 infundamus
805 2882 928 2951 pectori,
945 2886 974 2937 et
995 2898 1043 2936 ra-

1097 1819 1203 1873 Vinum
1227 1821 1295 1888 post
1318 1815 1461 1870 diluvium
1482 1813 1584 1885 justus
1608 1812 1646 1867 ad
1672 1812 1863 1867 tentationem
1882 1808 1919 1865 aui
1944 1818 1946 1823 '

1098 1906 1207 1979 reperit
1218 1906 1304 1978 (Gen.
1315 1921 1366 1974 rx,
1383 1904 1437 1977 ⁶20).
1455 1903 1579 1958 Utamur
1587 1917 1662 1973 ergo
1674 1898 1918 1971 temperantiam

1098 1996 1185 2051 turali
1199 1995 1275 2063 cibo,
1292 1994 1461 2064 utinamque
1471 1991 1625 2063 possimus
1635 1989 1642 2046 l
1654 1988 1717 2045 Sed
1730 1988 1915 2061 quianonon·

1099 2102 1153 2141 nes
1170 2084 1274 2153 fortes,
1292 2080 1597 2153 ideohpostolusait:
1617 2076 1913 2134 «thnomodicaulcu

1099 2178 1219 2247 propter
1235 2172 1409 2245 frequentes
1424 2173 1490 2226 tuas
1507 2168 1695 2224 infirmitates
1712 2166 1742 2239 (I
1754 2166 1825 2222 Tim.
1838 2162 1913 2235 ath

1100 2265 1166 2320 Non
1181 2279 1255 2337 ergo
1274 2262 1395 2333 propter
1419 2259 1599 2331 voluptatem
1623 2256 1792 2313 hibendum
1812 2250 1912 2323 estest

1100 2355 1222 2426 propter
1236 2352 1443 2406 intlrmitatem.
1470 2349 1526 2403 Pro
1543 2346 1675 2403 remedie
1692 2346 1788 2419 igitur
1806 2343 1911 2416 parcius,

1100 2459 1159 2499 non
1174 2458 1227 2513 pro
1244 2440 1359 2497 deliciis
1376 2437 1600 2494 redundantius.

1136 2532 1181 2586 98.
1198 2530 1330 2601 Denique
1339 2528 1431 2598 Elias,
1442 2543 1528 2598 querr
1539 2525 1684 2581 Dominus
1695 2523 1735 2579 ad
1746 2522 1858 2578 virtutis
1866 2535 1912 2576 eru·

1102 2620 1201 2676 diebat
1214 2618 1437 2691 perfectionem,
1452 2616 1487 2669 ad
1499 2615 1586 2685 caput
1596 2628 1685 2669 snum
1698 2606 1909 2685 collyridarntth

1102 2714 1130 2765 et
1141 2725 1195 2763 vas
1214 2724 1299 2779 aquia
1319 2705 1439 2777 reperit,
1456 2708 1484 2759 et
1507 2703 1573 2758 idco
1589 2703 1618 2757 in
1634 2702 1745 2757 virtute
1765 2698 1910 2757 esseillius

1102 2797 1297 2871 quadraginta
1313 2795 1418 2851 diebus
1437 2792 1585 2866 jejunarit
1598 2790 1651 2862 (ΙΙΙ
1667 2791 1745 2863 fleg.
1762 2806 1824 2860 xix,
1845 2786 1909 2859 Ml

1102 2888 1207 2943 Patres
1215 2885 1323 2955 nostri,
1333 2898 1486 2939 cammaro
1497 2881 1658 2937 transirent
1677 2879 1818 2952 pedihus,
1833 2890 1909 2951 aquen

208 2972 339 3027 tionahili
350 2972 439 3026 inoliti
451 2971 652 3027 inscribamus
664 2970 720 3043 (53)
732 2970 951 3026 irrationabiles
969 2971 1044 3027 ritus
1061 2989 1086 3051 ο
1103 2993 1162 3033 non
1178 2976 1278 3030 vinum
1288 2973 1430 3029 bibebant
1443 2972 1552 3043 (Exod.
1565 2987 1637 3040 xvir,
1657 2969 1699 3039 a).
1716 2968 1818 3024 Daniel
1833 2972 1858 3023 el
1869 2964 1908 3021 tle

209 3061 339 3119 ferarum
350 3063 364 3117 f

244 3150 290 3205 ht.
305 3148 350 3205 95.
362 3150 535 3222 Quanquam
545 3150 634 3205 multa
646 3165 756 3222 genera
773 3149 832 3204 sint
843 3149 1044 3219 animantium,

212 3240 308 3305 1029
329 3256 396 3311 quae
411 3240 523 3295 amisso
539 3240 614 3309 pari,
632 3238 791 3294 concubitu
807 3239 960 3310 indulgere
977 3254 1045 3292 ncs·

209 3330 287 3384 cicant
302 3330 368 3397 (ott,
386 3334 414 3384 et
439 3332 576 3401 tanquam
599 3328 743 3383 solitariae
768 3328 836 3382 vitae
861 3343 957 3381 aarum
980 3327 1045 3383 exi-

211 3424 281 3489 gant
297 3436 303 3473 ε
319 3418 446 3489 plurima
470 3432 587 3489 quoque
603 3417 705 3472 herbis
720 3420 881 3470 vescantur
905 3416 1046 3487 simplici·

209 3508 267 3562 hus
283 3523 337 3562 nec
349 3507 422 3561 alias
438 3506 497 3561 nisi
512 3506 593 3562 fonte
604 3504 659 3571 (55)
670 3521 746 3577 puro
758 3504 837 3560 sitim
854 3505 1044 3578 restinguere

209 3598 345 3653 noverint
362 3612 368 3653 :
386 3611 476 3652 canes
497 3611 615 3669 quoque
639 3595 743 3650 videus
763 3592 939 3665 frequenter
954 3595 1047 3649 inter-

209 3687 287 3742 dicto
303 3688 370 3742 eiho
385 3692 550 3758 temperare
575 3685 691 3753 solima,
716 3688 748 3739 ut
769 3683 874 3755 jejuna
901 3682 977 3738 fame
995 3698 1049 3738 ora

211 3776 405 3846 suspendant,
418 3777 446 3830 si
456 3777 618 3846 imperetur
629 3774 817 3830 abstinentia.
830 3773 874 3827 ab
887 3771 942 3827 hoc
953 3772 1047 3844 igitur

211 3868 391 3920 revocantur
405 3865 552 3933 homines,
565 3863 642 3935 quod
654 3863 821 3917 didicerunt
832 3877 886 3932 per
901 3861 1049 3917 hominem

212 3953 300 4009 etiam
315 3958 404 4008 mutae
420 3969 479 4009 non
495 3951 690 4024 praevaricari
705 3952 836 4006 bestiae?

247 4040 292 4096 aa.
304 4040 379 4105 Quid
395 4045 491 4096 autern
506 4041 660 4112 pulchrius
683 4038 871 4106 abstinentia,
897 4054 963 4110 qnae
979 4037 1051 4093 facit

213 4130 300 4184 etiarn
313 4128 479 4202 juventutis
503 4146 598 4185 annos
623 4143 795 4197 senescere,
817 4131 848 4182 ut
867 4127 1050 4181 frentanorum

1103 3066 1177 3122 hraei
1193 3065 1277 3135 pueri
1291 3062 1386 3135 patrio
1402 3061 1478 3132 eibo,
1495 3063 1523 3115 et
1543 3075 1627 3131 aquae
1643 3060 1727 3130 potu,
1743 3057 1793 3113 ille
1809 3057 1907 3112 furem

1103 3157 1222 3212 leonum
1241 3152 1396 3225 repressit,
1414 3150 1455 3205 illi
1471 3149 1622 3205 ardentem
1641 3148 1743 3221 ignem
1758 3142 1907 3201 innoxiori·

1105 3247 1175 3302 dore
1190 3247 1268 3300 tuctu
1280 3242 1358 3297 eirea
1370 3239 1502 3297 membra
1514 3254 1568 3294 sua
1577 3237 1660 3309 pasci
1671 3236 1760 3309 (Dan.
1772 3253 1793 3307 ι,
1809 3234 1857 3305 123
1868 3244 1906 3299 ιιι,

1104 3335 1149 3404 30,
1166 3334 1198 3389 St
1214 3349 1275 3404 (ιιι,
1291 3332 1330 3403 9).

1095 3454 1101 3465 -
1141 3421 1186 3479 29.
1200 3421 1310 3494 thuid
1319 3421 1355 3476 de
1372 3418 1447 3474 viris
1457 3417 1562 3491 loquar
1575 3417 1590 3471 f
1601 3414 1704 3471 tudith
1715 3408 1907 3471 luxuriosolle

1106 3511 1259 3584 lophernis
1275 3509 1504 3580 haudquaquam
1519 3505 1628 3561 inflexa
1638 3504 1697 3576 (59)
1713 3494 1906 3569 convitiando

1105 3601 1189 3657 tilulo
1199 3598 1371 3655 sobrietatis
1386 3597 1575 3667 desperatum
1594 3592 1716 3649 lacertis
1739 3590 1907 3648 virilihasre·

1106 3690 1233 3763 portarit
1248 3687 1438 3758 triumphum,
1455 3685 1581 3757 patriam
1604 3682 1765 3739 obsidione
1784 3674 1907 3749 exnil,tr·

1107 3794 1171 3836 com
1191 3777 1304 3834 militiae
1319 3776 1384 3832 suis
1400 3774 1537 3830 manibus
1549 3772 1656 3829 occidit
1680 3771 1797 3839 (aedith
1814 3786 1858 3838 xri,
1869 3764 1904 3831 (ὓς

1106 3887 1169 3938 xrrr,
1187 3869 1243 3937 lo).
1260 3865 1436 3936 Exemplum
1454 3862 1589 3932 evidens,
1606 3861 1687 3933 quod
1709 3861 1739 3916 et
1757 3852 1907 3915 inumeri

1106 3959 1196 4015 bilem
1211 3956 1329 4029 populis
1345 3954 1520 4010 bellatorem
1535 3951 1633 4006 virum
1647 3948 1770 4004 luxuria
1785 3964 1836 4003 sua
1848 3938 1908 4001 aad·

1106 4048 1180 4118 livit,
1197 4049 1226 4102 et
1240 4045 1317 4101 hauc
1334 4044 1471 4099 feminam
1495 4038 1690 4111 temperantia
1713 4038 1774 4093 eibi
1793 4034 1908 4092 fortiore!

1109 4137 1206 4202 1030
1221 4135 1295 4190 viris
1312 4132 1392 4188 fecit.
1419 4132 1486 4187 Non
1506 4130 1554 4184 hic
1574 4130 1605 4183 in
1627 4143 1703 4183 sexu
1727 4142 1784 4184 suo
1805 4120 1924 4180 nean·

214 4220 379 4275 senectus?
395 4218 528 4291 Namque
543 4222 574 4273 ut
589 4217 784 4273 redundantia
803 4216 939 4271 ciborum
956 4234 990 4271 ae
1004 4218 1091 4319 te·D
1107 4228 1221 4295 natur-u,
1238 4221 1337 4278 sedin
1354 4221 1419 4276 cibo
1435 4235 1491 4275 suo
1506 4218 1586 4272 vicit.
1604 4216 1822 4288 listherregom
1834 4220 1907 4283 sup&

247 4362 303 4434 (5))
319 4362 361 4419 lta
372 4362 552 4418 omnesodit.
566 4378 599 4416 ae
611 4361 714 4431 plures
728 4375 812 4427 mss,
827 4364 949 4429 excepta
963 4360 1047 4415 llom.

212 4436 294 4503 odit,
317 4434 515 4517 nbihabetur,
530 4455 542 4481 «
555 4433 679 4515 rnuliero
691 4448 744 4486 sun
758 4447 765 4497 ;
779 4452 796 4512 ¹¹·
810 4448 884 4486 mss.
898 4431 948 4513 atii
962 4432 1050 4486 etiam

212 4502 1050 4643 etlfellattt'lhttd'‘lelthlhttllt

213 4649 384 4706 nominibus
403 4662 538 4719 peceare.
565 4646 631 4701 Non
656 4592 709 4700 hie
733 4649 830 4700 autern
853 4644 971 4726 solum,
994 4643 1048 4725 aod

214 4721 284 4776 alibi
298 4736 416 4845 quoquo
432 4718 581 4773 Damarirn
597 4717 732 4789 Dionysii
745 4719 934 4787 Areopagitae
946 4730 1049 4786 conqu-

214 4808 284 4864 gem
311 4791 367 4845 acit
382 4791 573 4845 Ambrosius.

249 4863 303 4935 (55)
314 4862 424 4917 Omnes
439 4862 520 4929 edit,
536 4860 664 4926 Quidest
674 4876 733 4932 quo
747 4860 910 4930 passorunt
926 4873 934 4927 ς
951 4878 961 4905 r
980 4871 1048 4910 oum

97 4978 101 4989 .
214 4948 289 4987 mss.
307 4932 450 5001 omittunt,
466 4955 478 4981 a
495 4933 565 5003 quid
581 4936 627 4986 est
639 4947 646 5001 3
660 4956 670 4979 l
685 4936 714 4985 at
725 4929 857 4986 nonnulli
875 4944 927 4999 pro
945 4927 1050 4999 «qued

214 5005 363 5067 asserunt,
382 5026 393 5049 n
412 5003 530 5071 habent,
544 5026 555 5049 a
570 5004 620 5073 qui
631 5004 782 5058 asserunt.
799 5000 902 5054 »Infra
913 5013 987 5053 vero
998 4998 1051 5054 ubi

215 5090 319 5131 omnes
335 5074 404 5128 edit.
422 5078 449 5128 ct
465 5074 567 5145 plures
582 5090 668 5144 mss,
696 5095 707 5124 ι
725 5073 804 5127 virili
828 5071 1017 5137 admistione,
1038 5093 1049 5117 υ

216 5147 248 5201 in
263 5144 441 5217 quibusdam
451 5146 517 5200 eod.
530 5146 640 5217 legitur
653 5169 664 5193 α
676 5144 755 5199 virili
766 5142 938 5209 amissione,
954 5165 965 5189 a
984 5141 1051 5196 Non

218 5218 295 5272 mato
310 5232 414 5271 seusu.

253 5288 310 5359 (53)
325 5290 410 5343 llom.
426 5287 496 5343 edit.
514 5288 589 5355 sola,
608 5314 619 5335 «ι
633 5304 689 5343 nos
701 5294 729 5343 et
740 5287 890 5349 belluinos
905 5300 982 5338 usus
999 5284 1052 5337 hu·

217 5376 304 5415 mano
324 5360 515 5414 infundemus
531 5360 654 5430 pectori,
672 5364 700 5414 et
717 5358 882 5413 rationabili
895 5357 983 5411 rnenti
996 5354 1053 5409 ins-

188 5472 197 5481 „
219 5433 379 5487 cribernua.
404 5431 498 5486 »Non
519 5432 613 5497 ruale3
638 5430 758 5501 quidem
784 5430 837 5484 sed
860 5428 937 5482 fraud
954 5427 1052 5480 nrinna

219 5505 343 5576 elegans
358 5507 404 5557 est
427 5506 530 5557 nostra
554 5502 652 5569 lectio,
677 5501 784 5571 quippo
807 5516 865 5570 qua
881 5497 1054 5553 exclamatio

218 5590 286 5630 curn
301 5574 429 5645 quadam
443 5573 675 5628 stomachatione
693 5572 878 5640 exprimitur.

256 5645 311 5715 (5))
322 5645 480 5699 Turturem
495 5643 604 5697 indicat
615 5643 738 5697 sanetus
753 5641 874 5711 proesul,
891 5657 979 5713 quam
993 5641 1054 5696 toto

220 5732 285 5785 cap.
302 5715 336 5770 19
352 5714 404 5769 lib.
421 5713 588 5768 rHexaem.
609 5714 648 5767 ob
662 5718 720 5767 tarn
737 5712 885 5785 insignem
900 5712 1055 5768 eontinen-

218 5786 289 5845 tinm
297 5785 424 5857 pulchre
440 5784 635 5852 commendat,
661 5783 796 5839 strictius
818 5799 890 5839 voro
913 5799 1003 5840 serm.
1022 5781 1055 5839 19

1107 4369 1136 4424 in
1151 4365 1226 4439 psal.
1243 4382 1324 4433 cxru,
1340 4379 1421 4419 num.
1436 4362 1470 4418 13
1481 4363 1510 4418 et
1524 4360 1605 4415 alibi.

1142 4440 1200 4509 (55)
1216 4437 1292 4492 Edit.
1308 4435 1441 4503 amerb,
1460 4456 1470 4483 ι
1488 4448 1542 4488 nee
1554 4432 1630 4486 ulios
1641 4430 1701 4487 nisi
1712 4428 1814 4498 fente;
1830 4422 1906 4479 nllus

1108 4516 1136 4566 ct
1152 4527 1228 4581 seq,
1246 4524 1299 4564 aree
1310 4507 1378 4562 alio.
1394 4510 1449 4561 eto.
1464 4521 1472 4574 ς
1488 4520 1563 4558 mss.
1585 4517 1657 4557 vero
1680 4517 1774 4572 prope
1789 4500 1823 4555 ad
1836 4506 1907 4577 anau·

1107 4586 1139 4637 ut
1155 4581 1183 4636 in
1194 4584 1286 4636 textu.
1304 4578 1383 4633 Infra
1399 4578 1486 4633 etiam
1507 4574 1558 4629 ribi
1574 4589 1680 4630 omncs
1696 4572 1767 4628 edit.
1784 4576 1812 4626 et
1825 4564 1926 4645 quiden·

1107 4668 1194 4721 msa,
1214 4674 1225 4701 ι
1243 4665 1393 4721 canesque
1416 4647 1581 4716 videamus,
1600 4664 1612 4694 r
1634 4660 1711 4699 msa.
1736 4643 1826 4698 multo
1838 4638 1910 4711 plat!

1108 4724 1264 4779 nobiseum
1280 4719 1401 4775 faciunt.
1884 4776 1889 4789 Ι

1143 4793 1200 4864 (56)
1215 4793 1325 4848 Omnes
1341 4791 1411 4847 edit.
1429 4789 1627 4861 «irriguoque
1643 4786 1737 4841 fontis
1754 4802 1761 4840 z
1778 4784 1913 4840 elesleuet

1108 4866 1219 4938 (llam,
1230 4863 1310 4919 Etsi
1320 4862 1464 4932 exterior)
1476 4860 1555 4933 ignis
1566 4874 1652 4929 aquae
1663 4856 1814 4913 infusione
1823 4871 1830 4921 ;
1840 4878 1849 4901 ι
1860 4860 1913 4905 me&
1928 4858 1932 4863 '

1109 4935 1241 4992 nonnulli
1259 4952 1266 4990 :
1285 4958 1296 4981 e
1323 4933 1495 5015 irriguoque
1511 4930 1590 4986 fonte
1606 4928 1738 4984 exterior
1764 4926 1841 4999 ignis
1853 4926 1915 4991 atqtl

1109 5008 1275 5075 infusione3
1293 5029 1304 5053 a
1323 5004 1372 5060 alii
1388 5003 1476 5059 nobes
1511 5002 1723 5056 atracinuntur.
1881 5062 1886 5073 Ι
1925 5058 1933 5069 ,

1145 5078 1201 5149 (57)
1216 5078 1289 5133 Loet.
1307 5075 1433 5143 eodex,«
1452 5020 1523 5129 regn
1549 5076 1659 5140 aratur,
1686 5085 1720 5124 ao
1745 5068 1849 5135 deficit,
1867 5060 1946 5139 cite„

1110 5150 1189 5206 enim
1203 5150 1319 5203 flamma
1334 5147 1431 5213 alitur,
1449 5089 1608 5220 siquiden,
1628 5163 1639 5194 ι
1658 5145 1717 5197 ete.
1936 5152 1946 5197 i

1146 5221 1203 5291 (aa)
1218 5220 1332 5275 arecas
1356 5220 1640 5351 „eilqaaanpa
1664 5212 1751 5282 panis
1773 5216 1819 5267 est
1842 5201 1946 5281 suaet

1443 5312 1459 5353 e

1111 5302 1254 5370 acrisiae,
1267 5300 1303 5353 de
1319 5314 1377 5370 quo
1392 5298 1420 5350 ri
1476 5295 1578 5351 l'essii
1595 5294 1691 5365 Etpm.
1710 5294 1740 5347 in
1754 5307 1830 5348 voce
1844 5284 1923 5357 Cellf·
1940 5283 1946 5309 ²

1112 5390 1205 5514 rrqqq)
1228 5442 1293 5496 Vct.
1319 5440 1388 5496 cdit.
1414 5443 1441 5494 ct
1463 5454 1537 5491 mss.
1569 5436 1699 5518 aliquot,
1728 5460 1742 5517 q
1765 5422 1946 5519 ltolophemiq

1113 5515 1341 5586 haudquaquam
1354 5511 1488 5577 inttexit3
1506 5524 1592 5575 mss,
1611 5530 1623 5555 ι
1641 5508 1743 5562 inflexi
1759 5514 1946 5583 conmuo315

1113 5590 1290 5641 caeterorum
1304 5583 1406 5654 aliqui,
1421 5604 1432 5631 ι
1446 5579 1649 5650 Holophernis
1664 5578 1805 5650 haudque
1828 5590 1888 5630 iram
1895 5584 1946 5625 ιιι·-

1112 5657 1192 5713 feliei
1207 5656 1351 5711 delectata
1365 5652 1514 5722 convivio,
1531 5672 1545 5702 a
1562 5650 1610 5705 alii
1626 5665 1660 5704 ae
1675 5650 1764 5705 Rom.
1789 5594 1858 5704 egit.
1869 5639 1933 5727 utin

1113 5733 1205 5785 textu.
1222 5726 1279 5783 Sed
1296 5732 1325 5781 et
1335 5740 1390 5797 pro
1407 5746 1418 5771 ι
1436 5723 1558 5779 lacertis
1578 5720 1730 5788 virilibus,
1748 5746 1760 5767 ι
1779 5721 1808 5777 in
1827 5718 1935 5790 quihus·

1113 5800 1180 5856 dam
1192 5798 1310 5872 legitur,
1334 5820 1346 5845 u
1362 5796 1466 5851 laeorti
1479 5794 1605 5850 viribus.
1625 5814 1636 5840 ι
1655 5792 1724 5849 Νοιι
1739 5792 1780 5847 ita
1794 5792 1876 5848 male.
