3900 6128
9 420 17 436 ,
106 327 188 401 ure
410 420 414 428 Ι
876 332 908 399 s.
929 314 1151 399 auenosrr.

145 537 172 592 1.
185 534 300 592 Dicitur
313 533 411 608 itaque
431 536 496 592 avis
509 536 566 592 ista
580 535 668 609 plena
691 550 760 592 esse
775 534 845 608 doli,
863 536 946 590 trau-
960 518 989 585 A
1001 535 1114 608 Mopse,
1131 536 1180 591 cui
1198 535 1271 592 dixit
1286 551 1318 593 τι
1336 535 1412 604 Quid
1427 538 1538 595 clamas
1550 535 1717 608 admeOEx

109 625 167 697 dis,
184 625 320 697 fallaciae,
336 643 403 698 quae
414 625 580 697 decipiendi
589 626 740 682 venatoris
749 625 815 680 vias
830 624 944 694 calleat,
1003 624 1095 694 lb)ia
1112 624 1255 681 Clamavit
1268 627 1299 681 in
1313 627 1386 682 lesu
1409 626 1493 683 Nave
1507 628 1608 691 {Josue
1632 646 1652 698 ι,
1670 626 1711 698 1).

111 716 199 787 atque
214 718 294 772 artes
309 716 434 785 noverit,
451 717 483 770 ut
497 731 565 770 cum
583 731 599 770 a
614 716 703 786 pullis
727 716 839 770 avertat
855 713 920 769 suis
937 729 943 769 :
1001 714 1043 769 vit
1057 714 1088 769 in
1102 714 1210 786 David,
1226 717 1278 788 qui
1298 716 1338 771 ait
1353 732 1360 786 3
1388 715 1546 773 «Clamavi
1567 717 1605 772 ad
1628 719 1671 786 te,
1688 730 1717 771 aa

109 804 267 877 omniaque
281 807 457 860 tentamenta
467 805 608 860 versutiae
623 805 697 869 918
712 820 770 860 non
780 803 945 874 praetermi-
1000 798 1094 874 (Paul.
1110 820 1211 875 oxvrn,
1241 804 1313 876 146).
1328 829 1339 852 υ
1357 803 1499 861 Clamavit
1517 809 1546 862 et
1562 806 1594 860 in
1609 802 1717 861 omnib

109 899 182 963 tere,
203 910 262 966 quo
275 895 373 965 possit
395 896 551 949 venantem
570 893 717 949 abducere
733 908 750 947 a
764 892 833 947 nido
848 894 877 946 et
891 907 945 947 cu·
1000 892 1109 964 phetis.
1125 893 1210 949 Unde
1225 898 1254 949 et
1267 894 1305 950 ad
1315 895 1421 950 lsaiam
1436 895 1507 950 dicit
1522 911 1529 952 :
1546 894 1666 964 Glnma3
1678 896 1712 950 et

108 984 222 1040 bilibus
238 983 313 1039 suis.
336 983 422 1039 Certe
446 983 473 1037 si
492 983 632 1038 insistere
655 981 824 1051 adverterit,
843 979 944 1036 tandiu
1004 980 1107 1047 «Quid
1121 982 1255 1039 clamabo
1271 985 1353 1053 (lsai.
1371 1001 1418 1055 xa,
1434 984 1463 1055 e)
1482 985 1498 1039 1
1522 1007 1533 1033 r
1549 983 1717 1040 Clamavit:

108 1072 215 1143 illudit,
231 1073 361 1145 quandiu
377 1073 474 1128 soboli
494 1071 627 1143 fugiendi
650 1072 770 1144 signum
796 1069 902 1125 tribuat
916 1072 945 1124 et
1000 1085 1099 1142 mone,
1116 1086 1285 1128 convocans
1310 1089 1377 1128 cum
1401 1072 1544 1129 altissima
1558 1070 1717 1146 praedicati

107 1164 293 1234 potestatem.
310 1160 402 1226 Quam
418 1162 468 1217 ubi
483 1162 620 1217 evasisse
634 1159 773 1229 senserit,
785 1161 855 1215 tunc
871 1174 905 1214 se
916 1160 945 1214 et
1001 1158 1109 1230 pientia
1123 1160 1181 1232 Cldl
1197 1176 1204 1218 :
1218 1186 1229 1209 u
1247 1162 1362 1234 Venite,
1375 1162 1451 1218 edite
1465 1162 1502 1218 de
1518 1164 1591 1228 919
1607 1162 1690 1217 meis
1704 1176 1717 1233 ι

107 1251 174 1325 ipsa
189 1250 344 1318 subtrabit,
362 1255 391 1307 et
413 1250 527 1306 lubrice
548 1255 610 1306 arte
625 1250 778 1321 deceptum
798 1247 943 1304 insidian-
1001 1250 1031 1303 et
1045 1248 1136 1304 bibite
1153 1251 1254 1306 vinum
1272 1253 1351 1323 quod
1372 1252 1479 1307 miscui
1494 1252 1581 1307 vobis
1595 1251 1711 1324 (Prov.

108 1343 169 1396 tem
182 1340 332 1411 relinquit.
1002 1335 1145 1393 Clamavit
1158 1340 1245 1394 etiam
1260 1340 1291 1394 in
1306 1355 1431 1412 corpore
1446 1356 1512 1410 suo,
1529 1342 1609 1396 sicut
1624 1354 1717 1395 scara

142 1429 170 1485 3.
183 1429 289 1486 Fertur
303 1429 390 1484 eliam
404 1430 583 1500 promiscuae
599 1443 668 1484 esee
683 1426 896 1501 permistionis,
913 1428 945 1482 ut
1001 1425 1084 1499 ligno
1100 1426 1222 1498 (Hebae.
1239 1446 1269 1499 n,
1287 1429 1342 1499 11).
1360 1429 1500 1485 Clamavit
1515 1432 1546 1484 ut
1565 1429 1717 1485 insidiato

110 1518 141 1574 in
161 1517 287 1574 seminas
303 1517 360 1591 (Ἱο)
375 1534 443 1573 cum
464 1534 580 1574 summo
602 1518 761 1574 certamine
781 1531 880 1572 mares
901 1517 944 1571 ir·
1001 1515 1074 1571 leret
1089 1520 1118 1572 et
1128 1517 1364 1589 circumveniret,
1382 1518 1483 1574 dicens
1496 1518 1630 1587 uncus,
1647 1517 1717 1573 Deu

110 1610 207 1677 ruant,
224 1610 253 1663 et
265 1623 342 1680 vaga
358 1608 507 1664 calescant
521 1607 654 1663 libidine.
667 1606 945 1679 Undeimpurumet
1001 1620 1092 1677 quare
1108 1622 1155 1662 me
1170 1606 1355 1679 dereliquisti
1370 1608 1489 1677 (Mattlr.
1506 1623 1600 1677 xxvn,
1617 1605 1693 1676 46)1
1707 1626 1717 1655 ι

108 1696 286 1752 malevolum
301 1700 330 1753 et
351 1696 569 1754 iraudulentum
589 1695 695 1752 animal
719 1695 891 1751 adversario
916 1697 945 1749 et
999 1695 1042 1749 vit
1066 1697 1098 1750 ut
1120 1695 1301 1767 dispoliaret,
1327 1697 1513 1767 respondens
1534 1695 1648 1750 latroni
1675 1710 1717 1751 :s

110 1786 364 1858 circumscriptori
387 1787 508 1859 generis
529 1786 659 1856 humani,
679 1785 942 1857 fallacissimoque,
1001 1799 1097 1856 amen,
1113 1785 1180 1840 dico
1195 1785 1593 1856 tibi,hodiemer.ume1isin
1608 1782 1717 1855 paradi

108 1877 137 1932 et
152 1875 329 1946 impuritatis
343 1876 455 1931 auctori
472 1876 684 1932 conterendum
699 1878 826 1946 putatur.
962 1890 1106 1955 ssxxvru,
1117 1873 1174 1944 la).
1193 1896 1204 1924 v
1222 1875 1322 1946 ltaque
1339 1875 1391 1930 ubi
1415 1873 1551 1930 clamavit
1571 1873 1681 1945 lesus,
1705 1886 1717 1929 a

143 1965 181 2020 θ’.
196 1963 338 2020 Clamavit
352 1981 425 2037 ergo
439 1966 555 2037 perdix,
571 1967 621 2036 qui
637 1982 653 2020 u
670 1964 819 2036 perdendo
835 1980 942 2020 nomen
1000 1964 1104 2035 perdix
1119 1963 1168 2019 ille
1182 1965 1399 2038 aeongregatie
1410 1964 1570 2021 indimidio
1581 1963 1705 2019 dierum

109 2054 225 2126 accepit
242 2053 310 2125 (tl),
330 2053 455 2109 Satanas
479 2054 545 2125 ille,
570 2055 621 2126 qui
645 2054 747 2109 latine
770 2053 943 2110 Contrarias
1001 2053 1161 2108 derelictus
1178 2057 1233 2108 est.

108 2143 226 2198 dicitur.
242 2142 384 2198 Clamavit
407 2143 436 2197 in
458 2143 519 2198 Eva
541 2143 668 2214 primum
692 2142 779 2211 (ch.
803 2159 843 2210 ur,
861 2141 942 2212 1-5),
1035 2140 1062 2198 6.
1080 2141 1165 2197 Unde
1181 2142 1342 2214 etquidem
1357 2145 1470 2198 naturae
1491 2143 1627 2214 perdicis
1651 2141 1717 2198 etim

111 2231 248 2287 clamavit
261 2233 292 2287 in
305 2230 388 2302 Cain,
404 2232 434 2287 in
449 2231 563 2287 Pharao
578 2233 686 2303 (Enorl.
703 2249 731 2301 v,
752 2232 790 2301 1),
817 2231 940 2300 Detban,
1001 2230 1159 2302 aptandum
1170 2234 1317 2302 putarunt,
1334 2247 1370 2287 eo
1388 2232 1466 2304 quod
1481 2231 1577 2286 aliena
1597 2230 1717 2303 diripiat

108 2320 233 2390 Abiron,
249 2320 324 2377 Core
339 2321 438 2390 (Num.
454 2338 515 2391 avr,
538 2321 576 2391 1).
598 2321 739 2376 Clamavit
763 2320 793 2376 in
817 2320 942 2389 ludaeis,
1001 2319 1100 2376 foveat
1115 2336 1170 2377 suo
1195 2335 1330 2392 corpore,
1355 2325 1442 2394 atque
1462 2321 1517 2377 hac
1540 2336 1596 2377 sus
1618 2320 1717 2377 iraudr

109 2410 228 2483 quando
243 2410 454 2481 petieruntsibi
471 2410 535 2465 iteri
551 2425 616 2478 eos,
638 2411 834 2481 cum-llop'ses
846 2409 943 2481 legem
1001 2409 1115 2466 alienos
1131 2410 1249 2467 studeat
1262 2411 1428 2482 acquirere.
1445 2410 1503 2466 Sed
1513 2409 1607 2482 (quod
1624 2410 1717 2483 aiunt,

109 2499 257 2570 occiperet
272 2499 379 2569 (tired.
396 2516 489 2570 xxxn,
506 2499 544 2570 l).
560 2499 702 2555 Clamavit
717 2499 832 2571 iterum,
848 2514 944 2572 quan·
1002 2497 1119 2555 oculum
1133 2499 1190 2570 (ll)
1201 2515 1208 2568 3
1218 2498 1327 2555 hebent
1341 2500 1420 2556 enim
1435 2499 1605 2555 etvolatilia
1619 2515 1679 2555 sua
1692 2514 1717 2555 ιι

107 2588 146 2646 do
160 2588 198 2643 de
213 2587 364 2644 Salvatore
379 2587 518 2644 dixerunt
537 2606 543 2644 :
563 2611 574 2639 ι
600 2587 806 2662 Crucillgatur,
827 2586 945 2645 crucifi·
1001 2587 1081 2644 istud
1091 2588 1260 2657 adverterit,
1278 2587 1366 2660 cujus
1381 2591 1431 2644 aut
1445 2588 1564 2660 singula
1579 2604 1639 2644 ova
1654 2588 1717 2645 dira

110 2680 198 2750 gatur
211 2677 332 2746 (Mattlr.
348 2694 440 2746 xxva,
455 2678 501 2738 93)
512 2694 544 2749 ;»
563 2681 592 2734 et
609 2694 615 2734 :
635 2700 646 2728 ι
668 2677 879 2751 sanguisejus
895 2693 945 2733 su·
1002 2675 1100 2732 cubile
1114 2676 1203 2733 fuerit
1216 2677 1363 2747 invasum,
1375 2681 1424 2733 out
1433 2677 1591 2733 sollicitata
1599 2676 1717 2735 sobole

110 2780 165 2839 per
180 2781 247 2835 nos,
264 2767 293 2821 et
312 2780 404 2837 super
421 2767 500 2822 lilios
522 2772 642 2823 nostros
662 2767 751 2838 (ibid.
775 2766 831 2838 15).
850 2786 861 2817 r
877 2765 944 2821 Cla·
1002 2765 1215 2837 similitudinis,
1232 2766 1343 2839 speciei
1354 2766 1542 2823 simulatione
1560 2766 1620 2837 (75)
1636 2766 1717 2839 deoc]

112 2853 213 2924 mavit,
228 2854 346 2926 quando
368 2855 428 2910 sibi
450 2871 552 2929 regem
572 2857 638 2913 sseri
656 2855 898 2928 postulaverunt3
914 2857 946 2910 ut
1001 2855 1147 2911 infirmior
1160 2855 1287 2927 viribus,
1304 2855 1398 2912 induit
1413 2871 1447 2911 se
1466 2859 1554 2929 atque
1573 2858 1673 2911 armat
1695 2872 1717 2913 u

112 2943 287 3000 recederent
300 2960 316 2999 a
333 2944 457 3002 Domino
473 2945 534 3001 Deo
553 2962 625 3020 rego
641 2946 749 3020 (11309.
766 2962 828 3019 vm,
838 2947 867 3018 e)
880 2944 945 3002 Gla·
1001 2947 1031 3002 et
1045 2959 1113 3000 cum
1126 2943 1213 3001 labor
1228 2945 1325 3000 omnis
1340 2945 1494 3017 impensus
1509 2945 1717 3003 nutrimentum

113 3034 202 3089 mavit
211 3033 242 3089 in
257 3035 336 3091 omni
347 3050 422 3091 vano
438 3037 468 3091 ct
482 3036 606 3107 perfido.
1002 3037 1117 3089 cantem
1127 3034 1309 3104 exhauserit,
1316 3037 1404 3108 atque
1414 3034 1586 3090 adolescere
1598 3034 1675 3106 pulli
1688 3048 1717 3091 ct

144 3122 173 3179 1.
188 3122 245 3180 His
258 3123 385 3180 vocibus
410 3127 604 3200 congregavit
623 3126 682 3182 sibi
705 3124 842 3199 populos,
867 3125 945 3198 quod
1001 3125 1071 3180 tunc
1086 3139 1190 3181 vocem
1206 3125 1320 3195 emittit,
1336 3127 1365 3180 et
1378 3122 1717 3196 quadampietstiatube

110 3228 171 3272 non
186 3216 338 3270 *creaverat
353 3229 361 3285 ;
377 3215 458 3272 Deus
473 3215 551 3272 euim
566 3214 713 3271 hominem
735 3215 772 3269 ad
786 3214 944 3288 imaginem
961 3212 1215 3321 cadvocetQure
1230 3213 1355 3269 naturali
1366 3212 1605 3285 quodamauditu
1616 3213 1717 3269 excitu

108 3305 138 3360 et
152 3302 376 3361 similitudinem
390 3319 475 3360 suem
489 3304 559 3360 iecit
573 3303 660 3375 (Gen.
677 3321 697 3374 1,
713 3303 769 3374 11),
792 3305 821 3360 et
841 3302 943 3359 diabo-
1002 3303 1060 3358 scit
1073 3305 1235 3374 parentem,
1253 3305 1282 3358 et
1292 3301 1481 3358 simulantem
1498 3302 1621 3357 deserit.
1638 3301 1683 3357 lta
1697 3316 1717 3357 o

110 3392 158 3451 lus
187 3391 247 3449 sibi
275 3392 425 3451 hominem
451 3394 536 3450 vocis
563 3392 741 3450 suaeiraude
765 3392 942 3450 sociaverat.
1002 3408 1186 3467 congregare
1200 3408 1268 3464 quae
1282 3407 1342 3449 non
1355 3392 1479 3464 peperit,
1495 3392 1602 3447 emittit
1614 3406 1717 3464 quon

109 3480 311 3556 Congregavit
324 3481 543 3538 sibinationum
552 3483 689 3554 populos,
702 3481 815 3538 iaciens
826 3481 945 3538 divitias
1001 3483 1058 3539 dos
1073 3481 1195 3554 putavit.

112 3585 173 3628 non
187 3569 390 3644 cumjudicio.
408 3571 535 3627 Undein
553 3571 711 3643 proverbio
735 3575 782 3627 est
796 3571 833 3628 de
855 3571 945 3627 divite
1037 3572 1065 3628 7.
1090 3572 1158 3628 Nou
1179 3572 1331 3643 superfluo
1352 3571 1443 3645 igitur
1467 3573 1496 3626 et
1522 3570 1615 3626 lesus
1636 3569 1717 3627 clam

109 3676 211 3731 avaro,
229 3659 297 3732 quia
312 3659 417 3732 perdix
432 3660 661 3735 istccongrogut
675 3660 795 3716 divitias
810 3674 945 3717 noncum
1002 3663 1070 3735 quia
1085 3661 1177 3718 totius
1191 3661 1293 3717 mundi
1302 3661 1431 3733 populus
1441 3659 1667 3731 voceperdicis,
1678 3658 1717 3717 biv

107 3747 232 3821 judicio.
249 3751 288 3804 At
307 3764 379 3806 vero
403 3765 488 3806 meus
513 3750 604 3807 iesus
627 3750 715 3823 quasi
733 3748 828 3822 judex
848 3748 946 3804 bonus
1001 3754 1074 3821 arte,
1091 3752 1194 3823 specie
1210 3751 1352 3822 deceptus
1370 3750 1407 3805 ab
1421 3753 1543 3806 auctore
1562 3748 1717 3821 propriori

111 3853 178 3894 cum
190 3836 305 3909 ,iudicio
324 3839 422 3895 omnia
436 3839 507 3912 agit,
523 3840 575 3911 qui
590 3841 681 3910 venit,
703 3839 781 3894 sicut
801 3837 945 3908 scriptum
1001 3843 1056 3911 rat,
1069 3839 1201 3896 lubricas
1214 3843 1293 3896 artes
1316 3842 1450 3911 secutus,
1466 3839 1529 3894 veri
1547 3841 1683 3910 parentis
1701 3854 1717 3895 a

110 3928 167 3997 est,
182 3926 286 3982 dicens
303 3942 339 3982 :u
363 3928 427 4001 Ego
448 3927 554 4001 loquor
575 3927 719 3999 justitiam
748 3931 777 3983 et
799 3925 944 4000 judicium
1001 3933 1125 3986 vocatus
1140 3929 1276 3985 fallacem
1289 3928 1479 4000 relinqueret,
1496 3930 1585 4000 atque
1600 3927 1631 3983 in
1651 3926 1717 3983 dimi

109 4014 215 4070 salutis
229 4013 285 4087 (te)
300 4014 359 4073 Isn.
371 4034 451 4088 nxrn,
469 4016 539 4089 l).»
1000 4036 1066 4076 rum
1093 4018 1161 4091 ejus
1184 4017 1403 4074 iraudulentum
1425 4018 1593 4088 desereret,
1620 4017 1650 4072 id
1674 4018 1717 4072 est

141 4105 168 4160 5.
186 4104 228 4160 Ea
241 4105 333 4179 igitur
343 4107 437 4180 gratia
447 4106 689 4178 depredatusest
696 4105 849 4177 perdicem
860 4103 943 4160 illum
1001 4109 1093 4182 hujus
1104 4109 1192 4164 linem
1208 4106 1321 4179 saeculi,
1338 4108 1452 4163 cuinos
1463 4105 1717 4177 eripuitDominm

110 4193 270 4266 diabolum,
286 4193 945 4269 abstuliteimalecongregatusdivitiasmul·
1002 4202 1031 4255 et
1048 4200 1084 4255 ad
1101 4199 1192 4253 vitam
1210 4200 1351 4254 aeternam
1372 4195 1499 4251 vocavit.
1518 4194 1621 4268 ltaque
1639 4210 1717 4253 nuno

108 4283 254 4357 titudinis,
267 4285 418 4344 revocavit
428 4284 465 4340 ab
477 4300 580 4341 errore
589 4285 704 4340 animas
716 4285 858 4357 gentium,
868 4299 947 4339 meu·
1001 4288 1121 4358 mundo,
1133 4287 1262 4343 vivimus
1274 4286 1334 4342 Deo
1345 4285 1439 4354 (Rom.
1448 4300 1489 4352 vr,
1499 4283 1537 4353 8).

107 4377 214 4449 tesqua
229 4374 381 4431 nationum
396 4373 586 4430 deviantium.
606 4374 642 4429 lit
658 4375 728 4447 quia
747 4373 857 4429 diaboli
871 4388 946 4428 voce
1036 4377 1063 4434 8.
1084 4377 1157 4433 Cum
1176 4376 1268 4449 igitur
1286 4374 1391 4446 perdix
1409 4374 1467 4429 iste
1490 4372 1610 4443 penitus
1628 4388 1646 4427 a
1665 4371 1717 4429 lala

108 4464 250 4538 deceptos
265 4463 388 4535 sciebat,
401 4466 429 4520 et
444 4462 509 4535 ipse
520 4467 550 4519 ut
560 4463 678 4520 vincula
697 4465 946 4535 nexusquevete-
1001 4466 1162 4525 derelictus
1178 4464 1277 4533 fuerit,
1290 4467 1358 4518 tunc
1375 4463 1430 4519 erit
1446 4462 1554 4517 stultus
1566 4461 1627 4533 ille,
1647 4476 1717 4534 quat

107 4555 151 4610 ris
161 4554 273 4612 erroris
284 4552 425 4626 solveret,
437 4552 710 4625 clamavitprimum
719 4553 750 4608 in
759 4550 844 4623 Abel,
856 4551 946 4624 cujus
1001 4555 1093 4627 Deus,
1111 4554 1314 4626 etsepientem
1325 4551 1467 4622 contudit,
1489 4550 1604 4621 salvus,
1622 4542 1716 4623 quoni

108 4641 244 4700 clamavit
258 4659 317 4700 vox
331 4642 489 4719 sauguinis
509 4641 596 4713 (Gan.
620 4659 659 4714 rv,
681 4640 737 4713 lo).
753 4638 897 4697 Clamavit
916 4641 947 4697 in
1003 4644 1172 4702 stultasunt
1184 4641 1304 4710 mundi,
1321 4640 1411 4714 elegit
1427 4640 1517 4695 Deus.
1534 4639 1667 4712 ideoque
1685 4659 1699 4693 r

141 4818 199 4957 go)
215 4820 290 4876 Mes.
306 4821 401 4894 (lelb,
417 4826 449 4879 ut
464 4824 494 4879 in
510 4837 609 4879 mores
623 4820 715 4878 veluti
736 4818 873 4877 feminas.
1003 4824 1131 4893 oculum,
1149 4821 1322 4895 »quomodo
1333 4821 1420 4877 etiam
1428 4817 1542 4874 Tullius
1559 4816 1717 4890 orat.me

174 4889 201 4956 ¹)
216 4888 299 4946 ΗΜΘ
314 4894 444 4963 perdicis
465 4893 673 4967 etymologiam
688 4909 704 4948 o
728 4890 946 4948 recentioribus
1002 4895 1283 4953 collideturautem
1293 4890 1473 4946 Ambrosius
1482 4888 1717 4961 proverbiumssilr

107 4957 139 5014 in
154 4958 234 5041 huno
248 4962 399 5020 Ambrosii
420 4966 519 5022 locum
542 4981 601 5021 uon
624 4965 778 5021 incidisse.
795 4962 878 5030 Quod
895 4978 947 5017 au·
1002 4969 1038 5024 de
1054 4981 1112 5050 quo
1122 4964 1292 5021 Macrobius
1307 4962 1350 5018 lib
1365 4979 1405 5017 vu
1421 4961 1533 5016 Satnm.
1545 4960 1717 5031 meminit,i1

108 5032 167 5085 tem
183 5028 263 5084 rllam
277 5032 431 5089 ridiculam
445 5052 516 5092 osse
538 5037 618 5091 idem
638 5034 798 5104 contendit,
822 5048 881 5089 nou
898 5048 947 5087 re·
1003 5038 1117 5095 scincet
1127 5036 1233 5093 cornix
1248 5033 1360 5090 cornici
1376 5032 1494 5088 oculum
1509 5031 1621 5102 effodit,
1638 5032 1668 5087 id
1682 5046 1716 5088 es

110 5099 279 5172 fragamur3
296 5105 413 5160 eumad
430 5108 581 5163 Ambrosii
591 5108 776 5179 propositum
790 5104 863 5161 satis
879 5102 946 5158 tue·
1004 5111 1060 5166 dus
1071 5108 1168 5165 callidi
1183 5110 1294 5176 anem,
1315 5120 1373 5176 qua
1389 5103 1447 5158 sibi
1465 5102 1599 5158 fraudem
1620 5103 1717 5158 facere

111 5172 149 5228 rit
163 5186 228 5226 eam
242 5171 339 5243 ipsius
353 5177 438 5231 retate
457 5183 604 5248 receptam
621 5194 701 5235 esse.
718 5175 946 5246 Dnlechampius
1004 5182 1100 5251 hatur,
1117 5179 1252 5235 astutiori
1267 5179 1329 5232 erte
1344 5175 1466 5231 deludit.
1479 5175 1551 5229 Vide
1561 5173 1657 5248 Adag.
1675 5172 1717 5229 lin

112 5243 143 5299 iu
159 5242 290 5298 Plinium
304 5242 412 5298 dictam
436 5248 476 5300 ait
500 5264 516 5302 a
530 5248 623 5304 verbo
636 5253 748 5332 scipine,
764 5251 794 5304 et
806 5247 855 5302 alii
872 5246 947 5301 alias
1002 5254 1028 5324 1,
1045 5256 1121 5307 cent.
1138 5251 1165 5321 8,
1177 5267 1240 5320 pro.
1252 5249 1297 5304 75·

113 5322 249 5397 ejusdem
264 5321 349 5377 vocis
364 5323 496 5396 origines
511 5328 727 5398 excogitarunt.
1036 5322 1094 5394 (65)
1119 5323 1160 5379 lta
1178 5321 1262 5376 lires.
1280 5322 1309 5375 et
1324 5333 1388 5389 seq.
1411 5316 1479 5371 edit.
1507 5332 1575 5372 cum
1597 5332 1672 5372 mss.
1695 5314 1717 5371 al

177 5395 194 5449 1
216 5394 301 5450 Rom.
317 5393 385 5450 edit.
404 5394 477 5463 sola,
496 5395 667 5467 «iudicium
683 5398 856 5454 soluturis„
1002 5396 1123 5452 dmerb.
1140 5398 1237 5449 autem
1254 5408 1321 5446 cum
1337 5391 1404 5444 aliis
1419 5389 1582 5454 nonnullis,
1602 5410 1613 5437 ι
1632 5402 1717 5443 error

159 5402 205 5538 tui
219 5465 327 5521 Omnes
342 5465 447 5531 edit.,r
465 5465 673 5536 praedicatione
682 5467 716 5521 ad
729 5468 919 5540 sapientiam,
933 5489 944 5520 r
1002 5467 1135 5535 litudine,
1148 5464 1258 5536 speciei
1275 5461 1463 5517 simulatione
1475 5476 1504 5514 :r
1522 5458 1606 5515 Colb.
1618 5472 1717 5515 uuus·

112 5541 177 5595 Vat.
193 5553 282 5608 unus,
302 5560 313 5586 a
330 5536 539 5610 predicatione
554 5552 589 5591 ac
614 5537 776 5610 sapientia3
802 5559 815 5590 r
839 5541 946 5597 melius
1003 5536 1211 5603 simulationis,
1221 5536 1361 5605 decepta:
1382 5533 1486 5615 »·Prat·.
1500 5547 1584 5595 vero.
1601 5534 1630 5587 et
1648 5530 1717 5587 Gom

114 5611 215 5670 cereri
229 5626 304 5666 mss.
319 5613 352 5666 ut
366 5611 517 5666 contextu.
1002 5610 1075 5679 rori,
1092 5607 1293 5671 similitudine,
1319 5619 1430 5684 speeie,
1456 5602 1649 5683 simulatione
1673 5602 1717 5659 do

150 5682 207 5753 (ll)
222 5681 311 5755 nuc,
333 5704 345 5732 α
367 5679 496 5741 cornicis
519 5678 656 5751 oculum3
674 5700 686 5732 r
704 5695 796 5755 mss,
813 5696 820 5739 :
838 5684 950 5743 cornici
1003 5682 1075 5751 Qua
1086 5679 1205 5755 quidem
1218 5677 1306 5733 lectio
1318 5691 1378 5731 uon
1394 5673 1542 5745 displicet.
