3900 6128
105 340 167 410 207
860 338 910 404 .S.
925 337 1136 408 amerosn
1299 406 1306 412 ,
1777 342 1840 412 208

108 547 161 617 nit,
178 546 260 618 prius
277 544 370 600 dolori
387 544 517 599 tatarum
529 544 766 615 quamvoluptati
780 541 786 598 l
800 544 944 600 Periculis
958 528 985 593 Α
1001 544 1222 601 odoremvariae
1235 543 1476 614 (39)adhihentur
1486 543 1653 602 illecebrat
1668 537 1838 603 1548οω-

108 635 227 703 emitur,
240 648 295 688 nec
304 649 357 705 pro
367 631 488 687 arbitrio
499 632 679 702 possidetur.
1000 633 1058 688 mis
1074 636 1234 688 onerantur
1248 649 1348 704 auree,
1363 633 1459 689 oculis
1474 634 1557 690 color
1571 634 1647 690 alter
1660 633 1836 692 infunditur.

145 722 281 788 aeduin
306 737 478 777 recenseam
498 722 648 776 nutriendi
668 721 832 791 molestias,
858 721 945 778 insti·
1001 720 1077 787 Quid
1091 721 1132 776 ihi
1146 724 1279 777 remanet
1294 738 1392 790 suum,
1409 722 1460 778 ubi
1476 726 1534 778 tam
1556 724 1646 779 multa
1665 727 1840 781 mutantur?

108 811 212 867 tuendi
225 814 254 865 et
275 810 431 882 copulandi
447 810 528 880 (aar
551 810 692 865 Felieium
718 814 787 866 sunt
806 811 872 866 istae
888 811 944 865 mi·
1001 810 1465 882 Sensussuosamittitmulier,et
1474 813 1575 868 vivere
1584 828 1716 884 possess
1726 816 1839 870 credit?

108 901 208 957 eeriae.
226 900 322 955 Habet
338 903 430 955 mater
454 898 601 969 haeredes,
625 900 678 954 sed
701 902 790 972 auget
813 899 943 954 dolores.
1036 899 1081 954 30.
1097 899 1158 955 Vos
1169 915 1251 970 vero,
1263 899 1357 955 heatae
1373 900 1516 972 virgines,
1530 917 1596 973 quae
1615 903 1683 956 talia
1693 907 1837 958 tormenta

108 990 184 1045 Nam
200 991 236 1044 dc
251 989 388 1044 adversis
403 1004 462 1044 nou
478 991 592 1058 oportet
607 988 716 1060 dicere,
732 1004 769 1043 ne
784 987 942 1044 sanctissi·
1000 989 1099 1060 potius
1110 1003 1198 1061 quam
1209 993 1380 1045 ornamenta
1390 991 1514 1044 nescitis
1527 990 1651 1061 :quihus
1664 992 1761 1062 pudor
1770 1008 1838 1047 san-

108 1094 225 1134 morum
249 1082 403 1150 parentum
427 1077 517 1132 animi
539 1077 778 1132 contremiscant.
805 1077 887 1147 Vide,
904 1078 944 1132 mi
1001 1078 1245 1133 etusverecunda
1258 1076 1392 1134 suffusus
1405 1094 1466 1148 ora,
1478 1078 1836 1137 ethonacastitasestdc·

109 1183 206 1237 soror,
219 1184 307 1239 quam
315 1182 406 1240 grave
422 1168 461 1220 sit
475 1167 545 1237 peti,
557 1165 636 1236 qued
654 1181 713 1221 non
729 1168 844 1236 oportet
858 1166 943 1220 audi·
1001 1168 1063 1222 cori
1076 1181 1082 1221 :
1093 1166 1296 1221 aonhumaais
1308 1167 1433 1223 addictae
1443 1167 1548 1236 oeulis,
1558 1168 1654 1223 alieno
1663 1184 1764 1225 errore
1775 1186 1835 1225 me·

109 1257 145 1312 ri.
162 1257 197 1311 Et
212 1257 277 1312 haee
293 1258 323 1311 in
337 1255 477 1328 praesenti
494 1254 617 1310 saeculo.
628 1254 753 1309 Venient
767 1257 864 1310 autem
880 1254 944 1309 dies
1000 1255 1055 1310 rita
1070 1259 1170 1311 vestra
1185 1257 1329 1327 pensatis.
1343 1255 1467 1311 Habetis
1478 1271 1550 1311 sane
1562 1260 1652 1312 etvos
1662 1262 1772 1314 vestrae
1781 1259 1835 1314 mi·

109 1346 227 1419 quando
243 1347 360 1401 dicant:
383 1344 484 1399 Beatae
498 1343 623 1398 steriles
638 1348 667 1398 et
685 1348 808 1398 ventres
823 1345 872 1415 qui
887 1359 944 1398 non
999 1343 1091 1398 littam
1105 1344 1346 1415 pulchritudinis,
1358 1346 1407 1400 cui
1416 1346 1534 1400 virtutis
1544 1345 1646 1401 militat
1657 1346 1761 1416 torma,
1774 1356 1833 1403 non

108 1441 277 1509 penuerunt
293 1435 374 1504 (Luc.
391 1450 474 1502 xxm,
486 1432 541 1503 ⁸29).
554 1433 636 1487 Filiae
648 1432 726 1487 enim
737 1431 829 1503 hujus
840 1431 945 1487 saeculi
1000 1435 1135 1503 eorporis
1144 1443 1157 1489 r
1166 1449 1253 1505 quam
1266 1434 1345 1488 nulle
1356 1435 1520 1507 exstinguit
1534 1438 1616 1505 oetas,
1627 1435 1706 1491 nulla
1721 1437 1835 1508 eripere

109 1527 291 1597 generantur
305 1526 334 1579 et
348 1526 508 1596 generant:
525 1521 585 1576 illia
601 1524 697 1577 autem
714 1521 799 1593 regui
815 1521 944 1575 abstinet
992 1537 1082 1576 mors
1092 1525 1200 1593 potest,
1211 1523 1446 1594 nulleaegritudo
1458 1539 1657 1596 eorrumpere.
1670 1525 1759 1580 Solus
1772 1526 1836 1581 tor-

109 1614 285 1685 avoluptate
300 1612 367 1682 viri,
383 1615 412 1666 et
435 1628 452 1666 a
475 1611 623 1683 voluptate
646 1610 744 1665 carnis
760 1610 835 1681 (35);
858 1612 890 1665 ut
904 1609 945 1664 sit
999 1627 1056 1666 mae
1064 1611 1175 1666 arbiter
1184 1614 1299 1682 petatur
1307 1611 1458 1683 Deus,qui
1466 1614 1552 1667 etium
1564 1613 1594 1668 in
1605 1628 1730 1684 corpore
1737 1616 1835 1671 minus

110 1705 212 1758 saneta
228 1717 351 1773 corpore
368 1703 396 1756 et
411 1700 527 1772 spiritu.
999 1699 1124 1770 pulchro
1136 1699 1239 1772 diligat
1249 1701 1364 1756 animas
1381 1700 1567 1771 pulchriores
1585 1701 1651 1772 (40).
1671 1701 1738 1757 Non
1757 1705 1833 1759 uteri

144 1792 189 1847 il.
205 1790 280 1856 Quid
296 1805 368 1862 ergo
389 1789 547 1845 famulatus
563 1804 672 1861 graves
687 1790 716 1844 et
739 1788 855 1843 addicta
870 1787 944 1842 viris
1000 1792 1195 1858 onusnotum,
1207 1805 1266 1844 non
1277 1788 1362 1845 dolor
1371 1792 1489 1860 partus:
1502 1792 1633 1844 ettamen
1644 1793 1832 1848 numerosior

111 1880 233 1937 servitia
249 1879 389 1951 replicem
400 1878 587 1949 feminarum,
600 1894 674 1950 quas
684 1877 852 1949 antejussit
863 1877 943 1932 Deus
959 1909 987 1975 B
1000 1879 1121 1934 soholes
1133 1880 1190 1950 pire
1210 1879 1327 1949 mentis,
1340 1895 1408 1952 quae
1419 1895 1523 1935 omnes
1542 1896 1595 1952 pro
1606 1881 1709 1937 liheris
1722 1881 1829 1939 habet:

110 1971 224 2026 servire
239 1986 327 2042 quam
342 1968 449 2024 servos
463 1967 550 2038 (Gen.
568 1985 608 2039 ur,
626 1967 691 2038 16).>
706 1965 777 2032 Quae
793 1982 828 2022 eo
844 1981 946 2037 prose·
999 1968 1125 2024 fecunda
1137 1969 1379 2036 successorihus,
1392 1970 1503 2025 sterilis
1525 1970 1720 2044 orbitatibus3
1736 1973 1831 2029 nescit

109 2076 194 2132 quor,
211 2063 242 2114 ut
266 2057 468 2130 indulgentius
485 2056 703 2128 obsequantur3
720 2056 828 2128 quihus
845 2055 902 2110 hoe
918 2056 944 2110 si
999 2057 1112 2122 lunera,
1126 2058 1208 2112 novit
1218 2058 1356 2113 haeredes
1366 2060 1433 2129 (ti).

109 2148 221 2220 probae,
239 2163 355 2203 merces
371 2151 417 2203 est
445 2146 613 2202 eharitatis:
635 2146 662 2200 si
685 2145 837 2217 improbae,
857 2159 944 2215 paena
1033 2147 1077 2201 at.
1094 2146 1143 2202 Sic
1157 2150 1259 2202 saneta
1275 2147 1410 2205 Ecclesia
1426 2148 1609 2204 immaculata
1625 2151 1712 2216 coitu,
1731 2150 1833 2207 seeun-

110 2238 220 2294 delicti.
999 2236 1145 2306 dapartu,
1162 2237 1248 2308 virgo
1264 2240 1311 2291 est
1325 2238 1470 2306 castitate,
1487 2241 1580 2294 mater
1594 2240 1742 2310 estprole.
1760 2242 1833 2296 Par-

144 2329 191 2383 28.
212 2326 287 2382 Hine
304 2324 359 2398 (Gi.
376 2325 406 2380 S.
423 2328 501 2398 hug.
517 2325 568 2380 lih.
587 2341 616 2379 rr
635 2325 672 2380 de
688 2324 788 2380 Doctr.
816 2323 943 2392 Christ,
999 2325 1068 2379 tur-it
1083 2325 1181 2396 itaque
1195 2341 1251 2380 nos
1267 2326 1353 2397 virgo
1368 2341 1427 2381 non
1442 2326 1507 2381 viro
1527 2327 1623 2398 plena,
1640 2329 1693 2383 sed
1711 2329 1831 2400 Spiritu.

109 2434 174 2488 cap.
189 2415 234 2487 ei)
249 2417 298 2469 illa
314 2417 476 2470 naseuntur
491 2415 638 2469 incentiva
654 2414 802 2483 vitiorum,
819 2417 849 2466 ut
861 2428 944 2483 quae·
1000 2415 1078 2468 Parit
1092 2430 1148 2469 nos
1164 2414 1250 2487 virgo
1267 2431 1327 2469 non
1343 2431 1410 2470 eum
1429 2414 1531 2470 dolore
1547 2416 1602 2486 (te)
1619 2418 1829 2489 membrorum,

110 2507 177 2561 sitis
193 2504 343 2560 coloribus
359 2519 411 2559 ora
426 2504 596 2575 depingant,
614 2504 682 2558 dum
697 2503 770 2556 airis
786 2501 944 2572 displicere
999 2503 1051 2559 scd
1065 2518 1131 2558 cum
1140 2504 1257 2576 gaudiis
1272 2504 1456 2577 angelorum.
1483 2503 1580 2560 Nutrit
1594 2522 1649 2561 nos
1670 2506 1758 2580 virgo
1774 2523 1832 2563 non

109 2593 278 2663 formidant,
295 2597 323 2648 et
338 2593 373 2647 dc
389 2593 532 2647 adulterio
548 2594 647 2648 vultus
668 2592 845 2646 meditantur
861 2589 945 2644 edul-
1000 2593 1134 2664 eorporis
1155 2592 1240 2663 laete,
1262 2595 1315 2648 sed
1340 2595 1475 2665 Apostoli
1494 2610 1552 2666 quo
1569 2595 1714 2650 intirmam
1735 2596 1831 2652 adhuc

109 2683 216 2739 terium
231 2682 384 2737 castitatis.
402 2682 513 2747 Quanta
529 2682 576 2735 hic
591 2683 717 2736 amentia
733 2679 863 2751 effigiem
879 2695 944 2733 mu·
999 2683 1272 2753 crescentispopuli
1283 2684 1400 2738 lactavit
1415 2687 1528 2738 aetatem
1540 2683 1564 2752 (Ι
1578 2685 1646 2739 Cor.
1659 2685 1749 2755 aqi).
1761 2685 1832 2753 Qua

110 2777 173 2829 tare
189 2775 312 2841 nature,
337 2772 481 2842 picturam
505 2784 649 2841 quaerere,
671 2773 698 2824 et
713 2769 783 2823 dum
806 2771 945 2822 verentur
1000 2771 1419 2843 igiturnuptapluresliheros
1431 2771 1519 2827 habet
1531 2773 1834 2844 quamsencleEcclc·

110 2861 244 2923 maritale
257 2860 404 2933 judicium
419 2859 485 2931 (36),
501 2859 627 2930 prodere
642 2855 746 2912 suuml
766 2857 848 2912 Prior
866 2858 943 2911 enim
998 2861 1052 2931 sia,
1064 2876 1130 2931 quae
1146 2863 1233 2933 virgo
1244 2865 1291 2916 est
1306 2861 1511 2931 sacramentis,
1531 2864 1623 2916 mater
1638 2865 1683 2917 est
1699 2863 1828 2936 populiS,

110 2953 146 3008 de
172 2966 206 3006 se
230 2951 409 3022 pronuntiet,
436 2964 503 3019 quae
536 2950 616 3018 cupit
640 2951 752 3002 mutare
776 2946 855 3018 quod
877 2950 943 3000 nate
999 2950 1086 3021 euJ'us
1096 2951 1302 3005 fecunditatem
1313 2952 1400 3005 etiam
1410 2949 1560 3022 Scriptura
1572 2953 1828 3010 testaturdieens:

110 3045 166 3098 est.
183 3041 224 3095 lta
248 3040 317 3094 dum
343 3038 408 3092 aliis
433 3037 531 3092 studet
554 3038 681 3108 placere,
697 3036 780 3107 prius
802 3035 860 3089 sihi
879 3035 944 3105 ipsa
1000 3039 1139 3104 Orientem
1153 3040 1259 3111 plures
1275 3038 1330 3094 alii
1340 3041 1471 3095 deserte
1487 3041 1583 3112 maqis
1598 3056 1681 3112 quam
1692 3042 1758 3114 ejus
1771 3059 1832 3115 qnae

110 3131 257 3202 displicet.
274 3129 364 3192 Quem
379 3127 521 3199 judicem,
547 3126 662 3196 mulier,
678 3125 825 3181 veriorem
845 3125 944 3196 requi·
999 3128 1088 3183 hahet
1103 3128 1342 3197 virum(lsa.n1v,
1361 3129 1414 3200 l)‘?
1430 3128 1538 3184 Nostra
1551 3129 1714 3185 virumnon
1731 3131 1829 3201 hahet,

109 3221 203 3276 rimus
229 3218 424 3274 deformitatis
450 3220 517 3286 tuae,
534 3232 622 3287 quam
647 3220 673 3269 te
693 3216 798 3286 ipsam,
816 3230 882 3285 quae
898 3213 943 3266 vi·
999 3218 1050 3273 sed
1061 3218 1301 3288 hahetsponsum
1312 3233 1319 3286 3
1332 3234 1367 3273 eo
1379 3217 1458 3289 quod
1470 3218 1533 3273 sive
1546 3216 1681 3274 Ecclesia
1696 3220 1726 3274 in
1736 3236 1831 3292 popu.

110 3310 173 3366 deri
187 3310 274 3365 times
287 3307 294 3363 t
312 3308 343 3363 Si
358 3306 481 3378 pulchra
506 3321 550 3375 es,
575 3305 645 3376 quid
666 3303 887 3359 absconderis?
911 3303 941 3358 Si
998 3308 1044 3372 lis,
1059 3307 1227 3362 siveunima
1237 3307 1416 3380 insingulis,
1427 3307 1480 3362 Dei
1494 3308 1596 3378 verbo,
1608 3307 1673 3363 sive
1684 3308 1744 3365 ullo
1753 3310 1832 3366 flexu

111 3401 265 3469 deformis,
282 3414 335 3452 cur
350 3401 377 3451 te
394 3397 555 3450 formosam
571 3409 640 3449 esse
656 3393 800 3463 mentiris,
815 3407 870 3446 nec
884 3395 943 3446 tuae
998 3396 1120 3473 pudoris
1141 3395 1207 3466 (td),
1229 3397 1314 3467 quasi
1334 3412 1447 3467 sponso
1469 3396 1583 3451 innubit
1602 3400 1725 3469 aeterno,
1747 3397 1833 3455 eiieta

111 3488 314 3558 conscientiae,
340 3501 394 3541 nec
416 3485 504 3540 alieni
526 3484 651 3556 gratiam
672 3484 783 3537 erroris
807 3481 943 3535 habitura
999 3484 1127 3557 injurie,
1145 3485 1350 3540 tolerationis.

111 3579 193 3649 (altr
208 3578 259 3631 Ille
275 3576 353 3632 enirn
368 3576 489 3630 alteram
505 3573 609 3647 diligit,
622 3576 653 3627 tu
667 3572 803 3626 alterivis
814 3571 941 3641 placere.
1307 3572 1433 3630 CAPUT
1456 3573 1517 3630 Vll.

111 3668 147 3724 Et
160 3667 302 3722 irasceris
318 3667 345 3720 si
362 3667 438 3719 amet
453 3664 540 3718 aliam
555 3663 605 3735 qui
620 3660 784 3717 adulterare
799 3662 829 3714 in
845 3664 872 3714 te
892 3659 945 3714 do·
997 3665 1148 3720 Parentes
1160 3669 1188 3717 at
1198 3663 1235 3718 ad
1247 3663 1449 3736 rirqinitatem
1459 3663 1714 3734 dliasinstitaant,
1727 3664 1832 3722 horta-

111 3759 216 3814 cetur‘?
232 3755 306 3811 hlala
323 3756 465 3827 magistra
490 3769 523 3808 es
539 3752 658 3824 injurie
682 3755 749 3805 tuae.
768 3749 942 3804 Lenoeineri
1035 3735 1435 3860 lUP20lSJU⁶sl⁰⁰²ffl⁰10³²fae
1455 3742 1615 3791 ¹²³⁸⁰³¹¹²⁰P
1628 3753 1667 3791 θΧ
1684 3737 1833 3809 V⁰I²¹P²³²⁶

111 3848 190 3903 enim
211 3846 333 3918 refugit,
359 3847 445 3900 emm
470 3859 536 3914 Μ
560 3857 651 3913 passa
670 3840 807 3896 lenonem
822 3843 888 3909 ὂψ
908 3855 943 3893 ac
1034 3806 1836 3880 quaeritiqureraatinnepotihaS,pouitohoeulos.lt'e·

110 3938 181 3993 licet
195 3937 265 3990 vilis
281 3935 386 3989 mulier
414 3933 571 3988 nonalteri
595 3934 692 3985 tamen
720 3930 774 3985 sed
798 3929 943 3999 sihipee-
1033 3878 1582 3959 fiumenaspprobiberimmms:
1604 3879 1834 3960 qviqimomw

389 3976 396 4004 2
696 3973 702 4000 2
1034 3961 1136 4005 contra
1146 3950 1306 4004 lraeretrecs
1323 3949 1491 4003 eararrdem
1503 3949 1697 4004 adversarios
1712 3956 1829 4007 tuetur:

111 4030 176 4083 eat:
202 4025 278 4081 toler
293 4024 475 4094 abilioraque
489 4020 701 4093 propemodum
721 4020 752 4073 in
774 4018 865 4073 altero
882 4019 942 4073 cri·
1034 4027 1173 4075 emtarum
1183 4020 1257 4092 ipsis
1267 4021 1668 4092 rirqimtatemanteponens,
1677 4022 1833 4093 queutasit

109 4117 189 4172 mina
204 4117 273 4169 sunt
288 4112 344 4185 (38)
357 4128 364 4183 3
380 4112 419 4166 ihi
435 4113 513 4166 enim
524 4109 673 4182 pudicitia,
684 4109 731 4164 hic
744 4112 846 4164 nature
857 4107 943 4162 adul·
1037 4092 1185 4163 ‘'lfdlflflffl
1197 4091 1298 4162 ⁸P⁰¹¹⁸l
1306 4090 1496 4162 pulchritudo
1513 4091 1657 4163 ‘lflfhffi'ss
1673 4092 1711 4146 ⁸²)
1727 4109 1761 4148 0⁰
1777 4109 1835 4148 Μ’

108 4209 230 4261 ΜΝ,
1034 4164 1159 4218 neribus
1171 4162 1392 4243 illaedanentur,
1405 4162 1535 4245 arphert
1547 4183 1555 4216 :
1573 4169 1631 4245 tam
1643 4165 1793 4235 expositis
1802 4166 1833 4219 in

145 4296 189 4350 e.
209 4295 273 4349 ...2
289 4293 651 4364 q...
670 4290 803 4345 ..m
820 4288 943 4360 pm..
1035 4233 1833 4377 arar.iaarr'taratraarraret

110 4381 285 4456 displiceat!
303 4383 380 4436 Hine
396 4382 526 4452 pretiosa
541 4380 617 4435 collo
632 4379 798 4451 dependent
812 4377 940 4447 monilia,
1035 4378 1260 4433 accommodata.

110 4477 178 4531 inde
193 4491 246 4546 per
260 4473 381 4528 humum
397 4472 490 4526 vestis
504 4471 630 4524 trahitur
643 4473 753 4524 aurata.
771 4467 945 4539 Emiturigi·
1033 4469 1077 4523 3⁴2.
1095 4465 1239 4535 hadistiS,
1251 4467 1389 4535 parentes
1405 4464 1514 4536 quihus
1530 4464 1647 4521 erudire
1659 4465 1831 4536 virtutihus,

111 4566 232 4621 turhaee
243 4565 371 4635 speciae,
384 4579 421 4616 aa
438 4562 585 4617 hahetur?
599 4559 684 4629 Quid,
704 4558 783 4631 quod
803 4557 889 4612 ctiam
906 4556 941 4611 ad
999 4560 1107 4632 quihus
1124 4557 1278 4611 instituere
1293 4553 1460 4624 disciplmis
1482 4552 1558 4609 filias
1573 4554 1716 4627 debeatis,
1730 4559 1763 4610 ut
1778 4554 1833 4610 ha-

147 4708 204 4779 (34)
219 4708 258 4762 lta
274 4708 342 4763 edit.
359 4723 424 4762 cum
448 4709 529 4777 parte
555 4721 640 4775 mss,
657 4706 685 4757 at
699 4702 755 4756 alia
771 4717 840 4772 pars
865 4700 943 4755 lraud
959 4634 1124 4760 ¹³erimina
1136 4704 1224 4753 suat:
1240 4698 1278 4751 ita
1293 4697 1380 4752 etiam
1396 4697 1471 4767 apud
1482 4699 1607 4770 August.
1617 4696 1683 4753 loco
1693 4697 1724 4752 in
1735 4715 1830 4771 marg.

111 4782 201 4835 multo
212 4781 317 4847 minor,
331 4788 360 4833 et
371 4780 524 4852 copulandi
535 4779 636 4833 liliam.
649 4776 724 4830 Sunt
734 4776 800 4828 istie
811 4773 943 4828 miseriae
1000 4779 1097 4842 citato,
1114 4772 1164 4843 qui
1181 4769 1286 4823 isthaec
1302 4770 1342 4824 ihi
1357 4770 1454 4824 retulit
1465 4769 1494 4823 in
1506 4770 1679 4839 praeclarum
1693 4771 1833 4826 dictionis

110 4853 178 4908 Non
194 4855 266 4906 satis
281 4856 357 4921 apte.
999 4846 1122 4920 grandis
1138 4842 1323 4911 exemplum:
1342 4841 1390 4894 alii
1406 4857 1512 4912 magno
1528 4856 1660 4909 numero,
1677 4842 1709 4894 in
1724 4840 1831 4912 altero,

147 4925 203 4994 (35)
221 4925 305 4977 llam.
328 4923 408 4992 edit,
426 4921 486 4976 hlia
507 4928 636 4976 autem...
660 4935 675 4973 a
701 4917 848 4973 voluntate
873 4915 941 4986 riri,
1000 4925 1067 4985 etc,
1085 4916 1222 4971 nimirum
1237 4913 1266 4965 in
1284 4927 1318 4966 eo
1334 4912 1412 4983 quod
1426 4911 1491 4965 haec
1506 4911 1750 4978 mulieradmittit,
1764 4928 1831 4985 quae

112 5001 172 5051 eta
192 4994 339 5049 voluntate
362 4995 473 5061 earnis,
490 4999 545 5046 ete.
563 4993 617 5046 Vct
631 4996 659 5045 et
682 5006 755 5044 mss.
777 4989 851 5044 satis
867 4988 944 5041 inter
999 4991 1058 5044 sihi
1072 4989 1183 5058 peccat,
1200 4999 1259 5038 non
1275 4982 1368 5037 elteri.

112 5083 145 5121 se
155 5068 353 5132 consentiunt,
371 5066 429 5118 nisi
444 5066 520 5134 quod
537 5065 641 5117 horum
658 5079 716 5115 non
731 5061 818 5131 pauci
832 5075 894 5129 pree
909 5074 942 5113 se
1034 5062 1090 5128 (39)
1107 5058 1182 5112 Edit.
1195 5071 1228 5108 ae
1240 5057 1325 5124 pauci
1334 5070 1419 5122 mss,
1431 5055 1519 5109 etiam
1529 5053 1647 5108 odorum
1659 5055 1761 5122 varice,
1772 5057 1829 5110 ete.

111 5138 220 5205 ierunt,
238 5136 307 5190 tilica
332 5143 427 5190 antem
446 5137 534 5206 repat
557 5135 718 5201 abstineat,
740 5136 807 5199 etc,
824 5130 943 5202 quidam
1034 5132 1091 5200 (iot
1107 5126 1247 5183 Nonnulli
1263 5141 1349 5195 mss,
1364 5126 1483 5181 arbiter
1494 5127 1609 5197 potitur
1624 5126 1739 5181 Deus...
1752 5125 1831 5180 Dili-

36 5250 43 5259 .
111 5210 198 5264 etiam
215 5224 267 5278 pro
288 5207 356 5260 tiliae
372 5208 474 5278 legunt
493 5206 558 5273 t'lii,
574 5209 663 5274 utque
684 5205 740 5257 loci
759 5205 849 5256 totius
870 5217 942 5255 con·
998 5204 1061 5276 pite
1077 5202 1200 5255 animas.

112 5280 305 5334 structionem
321 5281 485 5345 restituant,
505 5279 542 5330 ita
562 5276 750 5343 concludunt,
768 5281 797 5328 at
813 5280 853 5328 sit
869 5272 944 5345 quod
1035 5274 1091 5341 (41)
1107 5273 1180 5326 ltlss.
1196 5272 1317 5341 aliquot,
1336 5269 1430 5324 nescit
1451 5263 1722 5324 lunera-haeredis.

111 5352 242 5407 Joanaes
257 5350 341 5403 dicit.
359 5350 480 5414 Quincti
496 5364 534 5402 ex
552 5347 697 5418 voluptate
716 5345 784 5415 riri,
797 5360 891 5418 aeque
906 5359 945 5399 ex
1035 5346 1091 5415 (li)
1101 5341 1601 5413 hlss.aliquot,Pararititaqueaos
1611 5340 1832 5410 rirqononeum

114 5423 262 5494 voluptate
277 5423 388 5483 cerate,
401 5421 455 5475 sed
471 5436 508 5475 ex
523 5420 585 5475 Deo
600 5420 662 5472 nati
677 5422 755 5472 sunt.
1000 5418 1121 5474 dolore:
1142 5415 1273 5468 aliia-ero
1291 5415 1319 5467 et
1330 5412 1398 5466 edit.
1416 5427 1541 5483 prorsus
1562 5411 1752 5481 conveniunt,
1773 5408 1833 5465 nisi

61 5534 65 5540 -
147 5493 342 5565 (dihQuidam
356 5508 442 5559 mss,
464 5491 761 5563 mar-itelejudieinm
777 5487 943 5562 perdidere
999 5482 1832 5563 quodproparturit,inllom.editrepositumest,con·

110 5582 204 5623 suurn.
253 5613 254 5616 ,
999 5563 1027 5618 ci
1048 5562 1081 5615 it.

146 5640 203 5712 (di)
219 5636 292 5696 ltlss.
308 5637 451 5710 plerique,
467 5651 522 5693 nee
536 5634 628 5693 alieni
641 5634 770 5711 qratiam
785 5633 848 5690 oris
858 5631 943 5689 hahi-
1025 5579 1091 5716 {idi
1106 5630 1148 5687 lta
1163 5630 1221 5685 vet.
1238 5627 1307 5684 edit
1323 5626 1482 5700 cunctique
1495 5638 1587 5700 prope
1600 5637 1688 5696 πιθα(
1698 5625 1729 5682 u
1744 5623 1833 5686 Rom·

113 5713 188 5776 tere.
206 5711 325 5768 Minime
340 5711 425 5768 mete.
997 5704 1066 5767 eat.
1084 5717 1151 5765 oum
1165 5711 1224 5762 uuo
1240 5698 1287 5762 vel
1297 5697 1390 5761 attero
1405 5713 1480 5760 mss.
1495 5697 1578 5759 dura
1586 5695 1724 5778 pudoris·

147 5780 204 5871 (38)
220 5781 330 5853 Oetaeo
344 5783 414 5847 edit.
431 5796 499 5845 cum
511 5781 617 5873 paucis
636 5796 723 5854 mes„
744 5778 776 5841 in
792 5775 939 5849 adulteria
