3900 6128
86 292 168 369 itt-t

89 483 177 527 tamen
191 476 297 529 Christo
308 477 335 527 in
349 477 599 533 commodaresuum
609 494 653 530 res
672 494 775 543 numm,
783 487 877 535 tuinex
887 483 928 546 ip·

91 542 130 590 sis
148 538 272 612 ejusdem⁸
283 538 381 600 veihis,
397 545 452 590 tuni
471 555 504 591 ex
523 541 633 593 aliorum
653 495 773 595 Raecium
791 557 929 609 compara-

92 605 161 652 tione
171 600 326 651 ostenditur.
880 607 928 656 687

121 664 185 714 Cir.
203 664 247 712 Vl.
263 690 294 700 -
304 664 462 715 Accuratius
476 666 784 729 propositamsoluturue
796 667 925 732 objectio-

90 739 158 783 nem,
186 725 320 775 contendit
344 734 511 777 memoratam
535 729 696 790 pettiionem,
713 730 736 777 si
752 729 830 779 modo
845 732 871 779 in
898 745 927 779 se

88 787 261 848 impossibilis
276 801 329 837 non
344 789 401 848 luit,
415 789 569 852 possibilem
579 789 664 839 luisse
675 791 800 851 Christo;
816 793 927 843 maxime

90 849 172 898 cumi
193 848 216 897 si
232 863 307 899 omna
328 850 462 914 judicium
479 852 555 900 Peter
577 851 687 910 dederit,
712 853 782 914 quod
804 854 860 901 sine
874 854 928 904 ulla

90 863 296 972 imperactionis
311 917 371 962 uota
386 912 591 978 intelligendum.
613 915 733 964 Attamen
748 915 817 964 idem
832 920 926 978 postu·

90 973 171 1021 latum
200 974 269 1021 inter
286 974 460 1037 impossibilia
483 974 644 1025 censendum
669 978 771 1039 probat.
803 977 877 1034 Quod
900 982 928 1025 ut

91 1035 198 1085 omuino
213 1042 284 1085 esset
316 1037 432 1095 ossibile,
457 1042 518 1086 tunc
538 1051 582 1087 res
602 1051 698 1088 oneum
712 1038 810 1088 Christi
833 1051 926 1088 secun·

92 1098 153 1145 dum
167 1101 288 1147 naturam
320 1111 440 1148 amanam
455 1100 571 1162 accipian
592 1113 635 1149 um
652 1099 744 1158 tradit,
763 1113 794 1149 ac
813 1099 864 1149 loci
878 1114 927 1149 ex·

90 1156 229 1222 plicatione
243 1157 364 1210 declarat.
388 1161 453 1209 Dani
472 1175 504 1209 ue
525 1163 618 1211 iterum
637 1174 712 1211 suam
736 1161 873 1212 confirmat
896 1162 928 1211 de

91 1221 222 1270 sessionis
231 1222 313 1284 hujus
331 1223 459 1284 impossib
480 1225 540 1272 itate
555 1224 764 1286 responsionem.
880 1222 929 1277 690

123 1283 183 1332 Cau.
200 1283 258 1331 Vll.
269 1309 299 1322 -
310 1284 429 1357 objectio
439 1286 520 1348 petita
527 1299 558 1333 ex
573 1283 710 1334 hocloco:
722 1284 858 1335 Dilexisti
869 1298 926 1345 cos,

91 1344 165 1394 sicut
179 1348 205 1393 et
218 1358 260 1395 me
271 1344 404 1404 dilexisti,
420 1352 449 1394 ut
463 1346 587 1404 diluatur,
601 1349 686 1410 primo
706 1348 864 1397 Asianorum
879 1361 927 1396 ex-

93 1407 235 1468 positionis
257 1408 375 1471 impietas
397 1407 601 1465 demonstiatur,
626 1408 719 1457 deinde
741 1416 927 1471 comparantur

94 1468 183 1516 eadem
195 1470 277 1518 verba
291 1483 351 1518 cum
369 1470 508 1528 similibus,
524 1483 554 1518 ac
570 1471 674 1519 demum
689 1476 760 1520 totus
772 1470 847 1520 locus
860 1484 927 1520 con-

93 1530 232 1579 sideratur.
246 1531 315 1581 ilinc
328 1531 465 1583 deducitur
474 1532 574 1583 Christi
587 1533 749 1590 missionem,
764 1533 813 1581 etsi
828 1546 928 1583 secun·

92 1593 154 1641 dum
169 1606 273 1641 carnem
294 1592 444 1656 accipienda
463 1600 511 1650 est,
528 1593 565 1644 1111
587 1607 638 1642 ηοη
659 1594 770 1645 elucere.
794 1594 850 1654 Quo
861 1609 926 1658 pro·

91 1656 161 1711 bato,
176 1655 221 1716 qui
234 1654 278 1704 ssat
288 1654 376 1704 diviua
388 1657 479 1706 missio
491 1656 658 1705 describitur.
877 1656 925 1707 etit

122 1717 182 1766 Car.
200 1716 269 1765 Vlll.
285 1718 430 1767 -Christo
446 1719 609 1779 inquantum
621 1730 713 1765 verum
726 1722 766 1767 est
780 1718 827 1768 Dei
834 1717 927 1778 Filius,

92 1779 232 1827 Dominum
245 1792 297 1827 nou
312 1793 380 1836 esse,
396 1779 442 1828 sed
457 1781 616 1842 inquantum
632 1780 709 1827 hoino
723 1783 777 1840 est;
794 1786 822 1827 ut
835 1781 925 1829 verbis

94 1840 214 1902 ejusdem
236 1840 313 1888 modo
343 1840 453 1895 Patrem,
478 1842 555 1890 modo
581 1842 727 1891 Dominum
749 1841 928 1904 compellantis

95 1902 268 1965 significatur.
293 1902 361 1959 Quot
379 1904 510 1952 haeraeses
536 1916 588 1951 uuo
601 1904 632 1965 ju
653 1903 757 1951 utentur
780 1903 837 1953 Scri
860 1910 925 1952 turae

95 1963 236 2011 versiculo.
253 1963 442 2028 Distinguenda
457 1965 536 2028 igitur
547 1978 604 2027 quie
615 1917 773 2014 0111311111
787 1971 816 2014 ut
853 1967 876 2014 ei
888 1964 929 2013 vel

96 2031 124 2072 ut
136 2025 243 2072 Davidis
258 2025 311 2074 illio
326 2027 499 2083 conveniant,
516 2026 551 2075 iili
569 2028 636 2076 euim
651 2027 701 2076 sub
716 2026 807 2076 ultimo
828 2031 930 2076 tantum

96 2087 199 2134 nomine
213 2088 408 2145 ascribendum,
423 2089 493 2150 quod
513 2102 608 2138 servus
624 2090 712 2138 luerit.
727 2089 768 2137 Ad
783 2094 927 2137 extremum

96 2148 245 2210 complures
259 2147 332 2197 locos
347 2149 509 2201 demonstrat
525 2164 578 2199 non
592 2151 643 2210 nisi
653 2150 799 2199 secundum
811 2151 929 2199 incarna-

94 2210 191 2258 tionem
205 2211 287 2272 accipi
299 2225 388 2273 posse.
880 2209 929 2265 ss9ti

125 2271 188 2320 Car.
205 2271 244 2321 ti
260 2299 291 2308 -
305 2273 416 2323 ludaico
432 2287 503 2323 more
516 2274 634 2322 ordinem
647 2271 790 2321 verborum
807 2284 812 2319 :
829 2270 861 2319 In
871 2284 925 2321 no-

95 2332 166 2383 mine
181 2332 275 2383 Patris
290 2339 316 2383 et
338 2334 409 2385 Filii
423 2341 449 2385 et
463 2334 587 2399 Spiritus
612 2332 718 2390 sancti,
741 2333 927 2396 objicientibus

96 2401 191 2458 praeter
219 2408 376 2458 responsum
398 2396 467 2459 quod
488 2397 530 2444 vir
552 2400 660 2445 sauctus
683 2395 781 2444 indicat
804 2395 929 2459 asciam

96 2458 201 2515 datum,
226 2458 323 2520 regerit
338 2459 414 2508 etiam
438 2457 533 2508 Filium
555 2463 615 2508 aute
629 2458 730 2507 Patrem
749 2471 819 2523 sepe
837 2456 928 2573 loca&

129 2580 193 2631 Car.
209 2580 239 2629 li.
254 2580 413 2637 -Arianos
438 2580 470 2631 ad
484 2580 594 2646 gentiles
617 2580 701 2646 pilam
716 2581 845 2640 transire,
867 2580 929 2637 dum

97 2643 226 2705 objiciunt
237 2641 284 2692 illa
296 2645 378 2692 verba
393 2658 399 2691 :
413 2641 466 2704 Qui·
475 2643 504 2693 in
518 2657 561 2693 ine
575 2643 671 2702 credit,
687 2657 740 2693 uon
753 2643 783 2692 iu
794 2641 932 2694 merredit

98 2707 248 2767 (1111111,
264 2704 311 2767 il),
328 2709 376 2753 etc.
393 2705 495 2753 Versus
516 2705 568 2755 loci
582 2718 678 2754 sensus
693 2705 845 2768 explicatur,
864 2710 888 2754 et
898 2718 930 2755 ne

97 2767 218 2816 credatur
239 2767 367 2815 Dominus
381 2773 501 2816 nostram
519 2768 545 2815 in
561 2770 647 2830 ipsum
662 2768 739 2816 iidem
750 2766 928 2832 prohibuisse,

97 2831 161 2879 alias
173 2833 200 2877 ut
211 2829 291 2886 Deus,
300 2828 365 2878 alias
375 2835 405 2877 ut
412 2829 490 2878 bomo
500 2828 604 2879 locutus
615 2831 770 2878 ostenditur.
781 2830 841 2879 Mox
848 2831 930 2878 variis

97 2891 215 2953 ejusdem
242 2890 302 2939 tidei
335 2891 472 2940 effectibus
502 2891 612 2954 prolatis
640 2893 667 2940 in
699 2891 831 2950 medium,
862 2890 929 2942 alios

96 2967 201 3064 lguoque
223 2951 364 3002 nonnullos
389 2952 463 3003 locos
488 2953 579 3004 eodem
601 2952 679 3003 modo
706 2954 849 3004 sumendos
864 2967 929 3064 ppp¹

114 3020 149 3064 at.

127 3076 191 3127 Cir.
206 3078 248 3126 Xi.
264 3103 296 3114 -
310 3076 384 3136 Quod
398 3076 520 3127 Christus
534 3075 634 3142 legetur
648 3075 735 3127 nihile
746 3091 775 3127 se
789 3077 870 3140 ioqui,
882 3079 932 3126 hoc

97 3138 262 3188 referendum
275 3139 307 3188 ad
325 3140 409 3202 ipsius
423 3140 616 3189 humanitatem.
644 3138 781 3197 Quomodo
795 3141 872 3188 etiam
887 3152 932 3187 se-

99 3201 213 3251 cuudum
227 3201 386 3251 divinitatem
399 3202 489 3251 audire
503 3214 533 3250 ae
550 3202 637 3250 videre
658 3201 760 3250 Patrem
773 3206 842 3251 recte
856 3201 930 3249 dica-

100 3272 152 3322 tur,
170 3263 304 3324 exposito,
333 3264 380 3312 Dei
402 3262 498 3313 Filium
516 3274 661 3315 creaturam
680 3276 735 3313 uon
758 3277 816 3312 esse
843 3261 932 3312 multis

100 3325 261 3375 coacervatis
276 3326 438 3388 argumentis
454 3325 557 3374 evincit.
887 3323 934 3373 toa

132 3387 195 3437 Car.
212 3387 267 3436 Xll.
283 3413 312 3426 -
331 3387 473 3461 Superiora
497 3388 634 3436 confirmat
657 3401 690 3436 ex
706 3386 829 3460 parabola
843 3386 932 3435 divitis

100 3450 132 3499 ad
147 3450 316 3512 querendum
332 3449 382 3499 sibi
405 3462 515 3514 regnum
537 3449 743 3560 proficiscentis,
768 3449 933 3510 ostenditque

101 3525 161 3561 cum
174 3524 285 3574 reguum
309 3511 392 3561 tradat
415 3511 484 3560 Patri
509 3512 538 3560 Fi
550 3512 600 3569 ius,
623 3512 656 3561 ad
679 3510 861 3561 coutumeliam
880 3523 933 3560 non

99 3574 286 3636 accipiendum,
302 3574 326 3622 si
340 3574 425 3622 omnia
437 3575 497 3624 huic
512 3574 643 3623 subicere
658 3572 733 3623 Pater
749 3573 859 3623 dicatur.
876 3571 933 3621 Nos

99 3637 141 3685 hic
153 3649 213 3684 esse
227 3635 321 3684 Christi
335 3648 363 3683 re
385 3648 455 3693 num,
471 3642 496 3685 et
510 3635 537 3684 1η
551 3588 752 3703 dhristiregno,
767 3636 873 3685 iuturos
883 3633 931 3684 aii-

101 3697 205 3761 quando
228 3698 255 3746 iii
270 3710 352 3762 regno
393 3698 425 3756 ei,
444 3696 489 3746 ubi
509 3702 600 3764 regnat
623 3711 655 3747 ex
674 3711 749 3763 equo
773 3701 826 3747 tota
847 3696 935 3808 'iripg

103 3765 150 3810 tas.

132 3823 193 3873 Car.
205 3822 274 3871 lilii.
290 3845 319 3858 -
327 3821 391 3880 Qum
403 3820 502 3874 Christi
514 3821 644 3885 subjectio
659 3822 693 3871 sit
707 3820 934 3884 quietissimum

102 3885 281 3948 subjectiones
310 3884 396 3934 varias
415 3884 559 3994 proposuit
581 3897 611 3933 ac
631 3883 731 3946 rejecit,
760 3882 934 3957 apostolicum

103 3951 200 3995 textum
215 3946 362 4009 percurrit;
378 3960 414 3995 un
433 3945 684 4008 eimpiamexplodlt
694 3947 875 3994 hereticorum
887 3946 935 3994 hac

102 4008 133 4057 de
148 4024 174 4058 re
190 4008 347 4071 opinionem.
374 4007 569 4071 subjectionem
584 4020 643 4082 quae
657 4009 745 4057 lutura
759 4006 935 4072 significatur,

103 4071 245 4120 divinitatis
259 4083 318 4118 esse
338 4083 390 4119 nou
405 4083 498 4133 posse;
513 4082 574 4123 cum
589 4074 657 4120 inter
679 4069 780 4118 Patrem
800 4074 827 4116 et
841 4067 935 4117 Filium

101 4133 245 4182 veluntatis
260 4144 362 4181 summa
377 4144 480 4195 semper
493 4132 571 4180 luerit
585 4132 735 4182 concordia.
753 4132 838 4179 Etiam
852 4131 936 4179 eidem

103 4194 169 4244 Filio
189 4192 334 4243 secuudum
354 4193 519 4243 divinitatem
542 4206 604 4242 vere
628 4194 714 4242 omnia
742 4193 861 4256 subjecti
885 4192 935 4242 hoc

104 4270 183 4305 seusu
198 4257 258 4312 dici,
271 4255 341 4317 quod
365 4255 425 4304 e'us
444 4255 573 4305 mandatis
598 4268 650 4305 non
674 4260 782 4319 paream
802 4267 893 4304 omnes
908 4254 935 4302 in

103 4318 145 4366 bis
160 4319 332 4377 sub'icietur;
348 4322 373 4365 et
406 4318 471 4366 atris
485 4331 552 4382 opus
566 4319 710 4379 perlectum
724 4318 782 4365 erit.
887 4315 935 4367 7117

135 4380 195 4429 Cir.
223 4380 278 4432 'tv.
304 4405 335 4417 -
361 4379 532 4442 Prosequitur
561 4384 672 4444 creptam
693 4376 887 4441 difficultatemf,
911 4382 937 4427 et

103 4442 236 4490 Christum
250 4456 301 4492 non
317 4443 368 4491 uisi
385 4442 531 4493 secuudum
554 4455 660 4490 carnem
674 4442 824 4515 subpactum
837 4441 914 4490 docet
928 4455 935 4489 :

105 4503 150 4552 scd
165 4504 252 4564 ipsum
265 4505 325 4552 dum
340 4518 417 4553 carue
432 4504 614 4567 subjiceretur,
629 4504 780 4566 praebuisse
794 4510 878 4552 tamen
902 4503 936 4551 si·

104 4579 155 4629 gua
170 4565 322 4615 divinitatis.
339 4567 494 4633 Repugnare
510 4573 537 4615 ut
552 4565 696 4614 secundum
720 4567 787 4615 hanc
808 4565 936 4628 subjicia-

105 4636 147 4676 tur
163 4643 168 4675 :
184 4628 370 4677 humanitatem
398 4642 461 4677 vero
489 4641 568 4692 quam
584 4627 735 4689 adoptavitt,
760 4627 794 4676 ita
817 4628 844 4674 iii
860 4627 937 4676 uobis

104 4689 235 4738 subditam
250 4704 318 4749 esse,
333 4704 386 4753 quo
401 4695 477 4754 pacto
492 4693 518 4739 iu
529 4689 617 4738 eadem
628 4689 687 4752 ejus
697 4688 857 4737 humanitate
870 4689 938 4738 exal-

105 4759 173 4801 tatur
189 4759 213 4799 et
231 4759 328 4802 nostra.
355 4754 473 4815 Denique
494 4752 597 4814 quaudo
614 4751 703 4800 lutura
726 4750 761 4798 sit
782 4749 872 4799 eadem
895 4749 937 4801 iila

104 4814 202 4864 Christi
218 4815 358 4879 subjectio,
372 4816 524 4878 explicatur.
891 4810 939 4863 tto

134 4878 196 4926 Cic.
212 4877 266 4924 XV.
282 4877 455 4938 -Superius
470 4877 602 4938 disputata
623 4875 734 4924 strictim
750 4875 877 4932 resumit,
905 4887 937 4927 ex

104 4941 201 4987 unitate
222 4939 317 4988 divinar
339 4940 477 5001 potestatis
492 4940 519 4988 iu
538 4938 614 4987 l'atre
634 4950 663 4985 ac
688 4936 755 4987 Filio
775 4948 938 5001 quaecunque

104 5001 135 5046 dc
152 4999 210 5047 lilii
224 5000 388 5060 subjectione
406 5000 528 5049 dicuntur
542 5000 575 5049 ad
594 4998 678 5048 solam
699 4998 834 5048 reserenda
848 4999 936 5047 humi·

103 5061 199 5108 litatem
216 5062 281 5108 scite
291 5060 419 5124 colligens
435 5073 441 5107 :
457 5060 526 5123 quod
545 5067 671 5123 praeterea
685 5074 717 5109 ex
731 5061 865 5119 charitate,
897 5073 938 5110 uae

103 5122 192 5169 euicui
208 5123 346 5182 utriusque
360 5127 409 5180 cst,
426 5123 573 5171 continuat.
908 5118 939 5173 ta

135 5184 195 5231 Cir.
212 5183 278 5231 xt't.
295 5208 324 5220 -
339 5184 452 5233 Arianos
466 5197 480 5232 a
496 5182 594 5256 Spiritu
609 5189 700 5234 sancto
710 5197 758 5248 per
769 5182 853 5233 David
869 5197 936 5234 con-

105 5244 251 5300 demnatos,
285 5245 360 5307 uippe
395 5246 421 5295 ui
434 5245 551 5296 scientie
566 5245 664 5295 Christi
677 5246 803 5312 derogare
816 5246 938 5296 audeaut.

107 5308 204 5354 Loruui
220 5307 251 5355 ah
266 5257 318 5355 11113
339 5305 371 5354 ad
406 5320 437 5356 oc
459 5308 565 5357 citatum
585 5309 737 5371 suspicione
760 5309 938 5372 corruptionis

105 5369 209 5417 minime
224 5381 332 5417 carere·
351 5368 398 5419 sed
422 5375 450 5419 ut
472 5371 583 5419 maxime
603 5376 708 5429 careat,
727 5370 939 5435 distinguendam

105 5446 164 5479 esse
177 5444 267 5479 vocem
282 5404 392 5488 Filiam
412 5430 518 5481 Christo
530 5433 599 5483 enim
613 5438 643 5482 ut
657 5433 704 5483 Dei
722 5433 789 5483 Filio
804 5432 938 5484 scientiam

106 5493 197 5542 deesse
212 5506 265 5541 non
282 5506 371 5557 posse,
386 5506 445 5543 cum
468 5494 504 5543 sit
518 5495 644 5568 sapientie
659 5510 665 5544 :
681 5509 729 5546 nec
752 5496 834 5559 partis
858 5494 937 5545 uilius

107 5555 356 5619 coguitionemcum
370 5557 456 5605 emnia
470 5560 572 5607 crearit.
588 5559 655 5606 Eum
669 5559 715 5621 qui
729 5557 825 5607 secuta
839 5558 937 5617 lecerit,

104 5617 221 5665 rutarum
247 5632 299 5666 ηοη
343 5631 403 5665 osse
424 5631 475 5666 non
501 5632 676 5682 cognoscere,
699 5624 727 5668 ut
742 5618 823 5668 multo
851 5620 938 5668 minus

108 5677 175 5749 diem
197 5678 298 5739 judicii.
317 5632 379 5730 give
420 5680 464 5730 uid
481 5694 606 5746 magnum
620 5683 656 5730 sit
678 5694 708 5731 ea
731 5683 856 5747 cognitio,
880 5682 938 5731 sive

126 5739 175 5811 ¹¹!d.
184 5752 302 5813 parvum.
311 5754 367 5792 eam
379 5695 444 5791 111111
459 5757 510 5792 ηοη
527 5743 688 5807 negandam
699 5744 751 5794 imo
766 5757 850 5807 neque
861 5744 938 5795 etiam

107 5800 215 5874 Spiritu}
233 5808 333 5875 sipoto.
360 5802 469 5855 Domum
493 5805 535 5855 hie
551 5805 624 5856 addit
651 5807 725 5857 varia
749 5807 825 5872 cigna
840 5806 937 5870 quibus

106 5863 161 5913 hee
176 5865 385 5919 seieunineese
402 5868 505 5921 Christo
518 5866 628 5934 intelligi
642 5873 737 5935 potest.
890 5866 937 5919 lib

563 299 665 373 auin
683 301 728 365 iri
748 300 838 369 iioc
856 303 979 372 roim
1001 276 1318 375 murinarum.

1738 308 1818 377 1aia

1015 488 1080 540 Cis.
1104 491 1185 543 xvii.
1204 515 1235 533 ι-
1255 491 1330 552 Quod
1356 491 1480 544 Christus
1498 491 1567 545 diem
1583 491 1679 556 iudicii
1700 493 1818 547 revelare

983 551 1103 624 nqluerit,
1119 554 1145 602 iu
1160 555 1210 603 hoc
1238 560 1334 604 nostrie
1355 554 1460 604 utilitati
1481 553 1632 604 consultum
1653 568 1722 605 esse.
1748 554 1816 607 lituu

982 614 1032 663 aha
1046 614 1150 664 Domini
1165 618 1294 666 sententia
1312 617 1478 677 deciaratur;
1494 631 1542 666 nee
1557 630 1609 666 non
1624 622 1651 665 et
1664 616 1738 666 Pauli
1754 617 1814 669 loce

979 675 1055 738 plane
1069 677 1155 727 simili.
1172 679 1334 743 Urgeutibus
1353 693 1416 727 vero
1431 691 1479 727 cur
1494 679 1528 727 ita
1549 679 1716 741 responderit
1730 678 1814 729 disci-

979 738 1049 799 pulis
1063 752 1094 786 ac
1108 740 1131 787 si
1145 742 1282 798 nescisset,
1298 740 1341 789 iiii
1364 741 1414 789 loci
1429 741 1526 802 quibus
1541 741 1609 789 Prtri
1626 738 1715 791 eadem
1729 742 1810 793 tribui

979 798 1082 872 videtur
1097 802 1245 865 ignoratio,
1266 807 1435 875 opponuntur
1453 803 1619 876 :exquibus
1640 804 1663 851 si
1685 803 1812 876 ignoran-

979 865 1040 909 tiam
1054 862 1264 924 impotentiamve
1285 880 1312 913 in
1327 864 1401 915 Patre
1416 865 1453 914 illi
1466 865 1613 921 admittant,
1626 864 1688 914 hinc
1702 879 1730 913 iu
1744 864 1813 915 Filio

979 924 1095 972 eamdem
1123 939 1181 987 quse
1205 926 1230 975 in
1260 926 1336 976 Patre
1355 927 1529 976 substantiam
1545 927 1731 977 admittendam
1754 940 1815 977 essa

979 992 1071 1035 contra
1086 987 1158 1048 ipsos
1172 991 1258 1052 arguit
1272 990 1447 1048 Ambrosium
1467 990 1517 1037 nisi
1534 994 1617 1038 tamen
1633 989 1724 1039 malint
1742 1002 1814 1039 men-

979 1047 1046 1095 dacii
1069 1063 1194 1099 accusare
1221 1050 1333 1110 Filium;
1361 1064 1421 1099 cum
1439 1065 1522 1113 neque
1545 1051 1572 1099 iii
1590 1052 1660 1101 hunc
1679 1062 1763 1113 neque
1785 1050 1815 1100 iu

980 1109 1082 1159 Patrem
1096 1113 1172 1163 cadat
1183 1111 1280 1172 ledere,
1295 1113 1342 1163 sed
1357 1113 1505 1163 memoratis
1520 1111 1586 1163 loeis
1598 1113 1736 1176 utriusque
1749 1113 1812 1162 uni·

980 1177 1020 1221 tas
1030 1172 1086 1220 desi
1107 1181 1190 1222 netur.
1767 1170 1816 1225 tta

1011 1233 1075 1283 Cir.
1116 1236 1186 1285 Vill.
1196 1238 1362 1286 -Dominici
1376 1238 1408 1287 ad
1418 1236 1555 1300 apostolos
1570 1237 1692 1300 responsi
1706 1249 1814 1286 cauum

980 1294 1116 1355 allaturus,
1129 1300 1213 1360 primo
1232 1299 1295 1347 illud
1310 1298 1480 1363 indulgentie
1496 1299 1594 1349 Christi
1617 1304 1753 1361 acceptum
1768 1311 1814 1347 re·

980 1359 1038 1414 tort,
1054 1373 1115 1407 mox
1129 1360 1179 1411 alia
1211 1361 1365 1410 uorumdam
1389 1362 1488 1412 ratione
1521 1362 1648 1424 reposita,
1663 1373 1814 1426 germanam

978 1421 1045 1468 hanc
1068 1436 1127 1470 esse
1150 1376 1303 1485 proffitetur,
1326 1423 1397 1485 quod
1419 1425 1488 1473 idem
1503 1377 1633 1472 geminus
1653 1437 1685 1471 ex
1699 1423 1813 1474 humano

981 1482 1075 1531 affectu
1091 1483 1195 1534 locutus
1221 1488 1308 1534 luerit.
1325 1487 1388 1534 inde
1409 1486 1511 1549 colligit
1534 1486 1668 1535 seientiam
1683 1484 1767 1534 Patris
1784 1496 1815 1533 ac

981 1543 1038 1593 Filii
1054 1546 1179 1607 equalem
1191 1561 1269 1604 esse,
1288 1553 1366 1609 atque
1381 1548 1446 1597 adeo
1466 1562 1518 1596 non
1539 1548 1666 1596 minorem
1681 1546 1756 1596 Patre
1772 1545 1815 1597 Fi-

979 1604 1052 1655 lium.
1069 1606 1161 1657 Postea
1181 1609 1225 1657 ubi
1243 1610 1323 1658 textui
1351 1624 1403 1672 quo
1427 1611 1523 1659 dicitur
1540 1611 1638 1661 minor.
1663 1607 1742 1657 alium
1760 1620 1812 1670 quo

980 1667 1088 1729 aequalis
1105 1671 1228 1728 traditur,
1244 1672 1367 1733 opposuit
1382 1685 1388 1730 ;
1407 1673 1565 1721 arianorum
1575 1672 1607 1720 de
1618 1670 1685 1721 Filio
1695 1669 1816 1732 judican-

980 1730 1044 1778 tium
1060 1734 1229 1781 temeritatem
1244 1735 1309 1781 easti
1330 1739 1364 1790 at,
1383 1739 1408 1782 et
1425 1747 1484 1782 euin
1501 1733 1573 1781 ilium
1598 1732 1675 1795 impie
1688 1733 1815 1780 minorem

979 1796 1145 1850 astruerent,
1162 1795 1250 1856 ipsum
1266 1748 1434 1857 pieqapidem
1448 1796 1496 1844 abs
1511 1809 1540 1843 se
1555 1794 1607 1842 dici
1629 1795 1751 1842 ostendit.
1766 1792 1815 1843 tta

1011 1853 1076 1903 Cae.
1086 1856 1153 1904 xlx.
1167 1882 1199 1892 -
1215 1859 1365 1906 Conversus
1379 1857 1412 1905 ad
1424 1859 1507 1905 Deum
1520 1854 1623 1905 Patrem
1637 1857 1678 1903 vir
1693 1860 1812 1912 sanetus,

980 1929 1028 1964 cur
1042 1917 1137 1966 Filium
1152 1932 1181 1965 eo
1196 1921 1323 1967 minorem
1338 1932 1391 1967 ηοη
1406 1924 1510 1974 statuat,
1527 1918 1653 1979 exponit:
1670 1923 1725 1965 tuni
1738 1928 1815 1965 asse·

980 1979 1015 2025 rit
1028 1992 1107 2029 suum
1120 1994 1173 2029 nou
1188 1994 1247 2028 esse
1263 1986 1291 2029 ut
1306 1981 1426 2029 metiatur
1448 1982 1494 2029 Dei
1511 1979 1607 2029 Filium
1616 1996 1623 2036 ;
1646 1992 1707 2028 cum
1723 1977 1816 2043 augeio

981 2040 1065 2089 metiri
1090 2047 1190 2090 tantum
1216 2042 1362 2091 ierusalem
1385 2043 1474 2091 datum
1499 2043 1594 2100 luerit,
1623 2042 1676 2090 imo
1697 2046 1722 2089 et
1748 2040 1817 2089 rorte

980 2099 1086 2150 Christo
1115 2109 1143 2151 ut
1166 2104 1264 2152 homini
1280 2119 1286 2151 :
1304 2104 1349 2150 sed
1365 2105 1455 2152 Arium
1473 2104 1577 2153 Satauae
1605 2103 1761 2152 imitatorem
1787 2114 1817 2149 se

981 2163 1136 2223 prebuisse.
1153 2165 1262 2213 Temere
1284 2165 1365 2228 igttur
1389 2164 1421 2213 de
1438 2164 1525 2213 divina
1541 2165 1708 2227 generatione
1722 2162 1815 2224 dispu-

980 2223 1048 2280 tari;
1063 2238 1123 2274 cum
1145 2231 1243 2274 tautum
1264 2226 1384 2276 humanis
1400 2227 1506 2290 signum
1528 2240 1574 2288 per
1593 2227 1688 2275 isaiam
1702 2225 1738 2272 sit
1745 2237 1816 2335 pro-

980 2287 1113 2347 positum;
1137 2302 1184 2336 nec
1199 2287 1290 2337 debeat
1308 2290 1468 2350 comparatio
1491 2288 1549 2336 lieri
1568 2287 1595 2336 in
1611 2287 1719 2336 divinis.
1800 2310 1813 2323 ·

980 2351 1063 2397 tremo
1078 2354 1204 2411 quantum
1218 2350 1343 2414 fugienda
1358 2352 1393 2398 sit
1409 2351 1467 2399 Arii
1489 2349 1655 2413 arrogantia.
1682 2348 1818 2399 variorum

981 2408 1125 2473 Scriptura
1140 2413 1494 2477 exemplorumoppositione
1503 2411 1673 2462 demonstrat.

1011 2489 1043 2540 lu
1061 2490 1151 2541 libros
1167 2491 1199 2541 de
1212 2491 1321 2557 Spiritu
1334 2497 1429 2543 sancto
1443 2491 1604 2542 admonitio.
1771 2486 1818 2540 m

1000 2605 1057 2667 DE
1079 2606 1250 2672 SPIRITU
1272 2607 1436 2670 SANCTO
1469 2607 1584 2670 LIBRI
1607 2605 1717 2668 Titus
1740 2603 1798 2668 ab

1132 2705 1393 2772 GRATIANUM
1415 2702 1671 2773 AUGUSTUM.

1014 2803 1118 2852 uranu
1132 2802 1267 2856 suiuus.

1013 2889 1165 2939 Pnonoous.
1182 2914 1214 2923 -
1228 2888 1258 2936 1η
1278 2887 1409 2937 Gedeonis
1430 2885 1555 2936 electione
1572 2884 1715 2935 Domiuieei
1729 2883 1818 2935 incer-

983 2952 1097 3002 nationis
1112 2951 1223 3024 liguram
1237 2950 1321 2999 luisse
1336 2963 1342 2997 ε
1360 2950 1386 2997 in
1401 2948 1468 2998 hasdi
1489 2948 1628 3002 sneriiicio.
1651 2951 1818 3010 peccatorum

984 3030 1030 3080 per
1045 3014 1143 3064 Christi
1157 3025 1254 3074 corpus
1274 3011 1482 3076 expiandorum
1503 3010 1530 3060 in
1549 3009 1633 3068 vituli,
1649 3010 1819 3072 profanorum

984 3089 1120 3127 sacrorum
1144 3073 1350 3133 abolendorum,
1372 3073 1397 3120 in
1410 3073 1536 3122 trecentis
1556 3072 1670 3132 denique
1692 3070 1820 3119 militibus

984 3142 1078 3190 iuturae
1111 3151 1139 3186 er
1162 3150 1267 3185 crucem
1289 3135 1484 3198 redemptionis.
1513 3133 1589 3193 Quod
1615 3132 1690 3196 plura
1717 3131 1820 3205 petiepit

985 3204 1060 3266 signa
1075 3202 1082 3249 i
1102 3213 1142 3248 em
1157 3197 1282 3256 Gedeon,
1303 3213 1329 3247 m
1349 3198 1421 3246 nterii
1436 3198 1532 3252 luisse,
1548 3210 1595 3258 per
1614 3193 1722 3244 velleris
1749 3205 1818 3242 euim

986 3265 1127 3313 siccitatem
1146 3274 1177 3310 ac
1198 3261 1424 3310 madefactionem.
1453 3260 1603 3309 iudaeorum
1630 3255 1818 3313 inlidelltateni,

985 3327 1152 3392 gentiumque
1173 3324 1338 3371 vocationem
1359 3322 1521 3386 significatas
1537 3336 1543 3368 ι
1558 3335 1605 3384 per
1627 3332 1713 3394 rorem
1734 3322 1820 3367 autem

985 3378 1822 3512 tiltitillatalidii...{titillettlllffttailtt

986 3511 1085 3562 Christi
1095 3510 1282 3574 benignitatem
1296 3507 1392 3558 laudat.
1409 3508 1491 3566 Quam
1506 3507 1569 3556 utile
1584 3508 1619 3555 sit
1631 3508 1698 3555 hanc
1710 3501 1820 3553 imitarli

987 3573 1109 3624 Eamdem
1123 3584 1246 3633 aquama
1273 3571 1319 3620 Dei
1335 3571 1401 3620 Filio
1424 3571 1530 3619 missam
1551 3570 1577 3617 in
1601 3568 1664 3617 orbe
1688 3564 1821 3616 mirabiles

986 3635 1174 3687 conversiones
1190 3634 1311 3707 operari:
1328 3633 1374 3682 sed
1388 3633 1420 3682 ab
1441 3631 1491 3680 alio
1507 3631 1572 3680 mitti
1588 3644 1640 3678 non
1654 3642 1744 3693 posse,
1760 3639 1821 3677 cum

987 3699 1021 3748 sit
1035 3697 1129 3747 allusio
1144 3695 1259 3759 Spiritus
1274 3695 1373 3759 sanctif,
1386 3696 1432 3756 qui
1454 3693 1544 3742 aliene
1557 3693 1679 3757 potestati
1693 3704 1746 3740 non
1759 3690 1823 3802 epig¹

990 3761 1084 3811 icitur.

984 3777 995 3825 J
1018 3822 1083 3873 Cir.
1097 3823 1119 3872 1.
1133 3849 1164 3858 —
1178 3821 1368 3883 Argumentum
1395 3832 1473 3867 suum
1493 3830 1639 3881 aggressus
1654 3814 1821 3873 Ambrosius,

987 3887 1170 3950 imperatorem
1185 3897 1244 3932 cuin
1272 3888 1378 3943 propter
1401 3881 1486 3936 iidem.
1505 3886 1560 3928 tuin
1580 3877 1718 3928 basilicam
1733 3876 1822 3929 Eccle-

987 3950 1034 3997 siin
1058 3947 1203 3995 restitutam
1231 3945 1339 3993 laudat:
1360 3944 1423 3992 hinc
1440 3943 1484 3991 ubi
1509 3941 1574 3991 dixit
1597 3939 1782 3999 adversarios,
1798 3938 1823 3988 si

988 4009 1115 4073 Spiritum
1144 4013 1263 4058 sanctum
1287 4006 1387 4055 servire
1415 4019 1446 4053 ne
1481 4005 1587 4061 verint,
1611 4005 1676 4066 quin
1690 4003 1724 4051 sit
1738 4014 1821 4067 super

988 4073 1083 4131 omnia,
1100 4071 1204 4119 dilliteri
1214 4084 1266 4119 non
1281 4081 1378 4131 posse;
1396 4066 1469 4117 addit
1482 4067 1610 4141 Spiritum
1624 4066 1752 4119 eumdem.
1761 4076 1822 4138 cum

988 4134 1053 4183 dixit
1067 4149 1072 4182 :
1092 4132 1227 4184 Universa
1239 4131 1365 4183 serviunt
1380 4130 1441 4187 tibi,
1458 4135 1523 4180 satis
1536 4129 1657 4177 innuisse
1668 4142 1683 4179 a
1694 4133 1822 4175 creaturis

988 4210 1017 4246 se
1034 4196 1171 4260 separari;
1202 4195 1272 4258 quod
1291 4193 1349 4243 aliis
1371 4204 1475 4256 quoque
1499 4190 1656 4240 testimoniis
1683 4189 1825 4300 111111ῑῆ

1020 4320 1084 4369 Cir.
1103 4320 1134 4369 ll.
1150 4319 1323 4381 -Spiritum
1345 4323 1465 4366 sanctum
1488 4328 1548 4364 esse
1571 4315 1640 4362 inter
1663 4311 1750 4362 omnia
1769 4324 1823 4361 noe
1900 4340 1903 4345 -

988 4381 1095 4446 probari
1105 4396 1137 4430 ex
1152 4381 1204 4431 illis
1228 4380 1336 4429 verbis:
1354 4378 1450 4429 Omnia
1493 4391 1522 4426 er
1544 4375 1634 4440 ipsum
1653 4373 1722 4424 iacta
1736 4377 1823 4433 suut,·

988 4458 1047 4494 cum
1061 4444 1146 4492 lactus
1176 4456 1229 4491 non
1250 4444 1291 4491 sit.
1317 4441 1438 4503 Namque
1458 4392 1523 4489 11113
1542 4437 1650 4512 perinde
1668 4435 1825 4509 probaretur

990 4507 1082 4563 Filius,
1094 4505 1145 4555 imo
1168 4506 1244 4554 etiam
1260 4504 1336 4554 Pater
1351 4502 1529 4553 numerandus
1551 4505 1620 4550 mter
1639 4511 1733 4550 omnia.
1748 4496 1824 4557 Quod

989 4575 1029 4619 est
1043 4568 1163 4632 ejusdem
1176 4568 1210 4616 im
1230 4566 1326 4615 letalis.
1777 4556 1826 4611 78)

1021 4630 1085 4681 Cir.
1102 4632 1148 4680 111.
1164 4655 1194 4668 -
1212 4582 1287 4687 guod
1303 4625 1447 4692 Apostolus
1463 4624 1557 4674 dixerit
1573 4638 1605 4673 ex
1620 4623 1696 4673 Patre
1717 4635 1764 4687 per
1777 4621 1824 4672 Fl-

989 4693 1053 4742 lium
1067 4694 1154 4742 omnia
1169 4705 1239 4749 esse,
1253 4692 1286 4740 ab
1301 4704 1391 4739 eorum
1412 4689 1547 4738 consortio
1569 4686 1696 4750 Spiritum
1712 4698 1765 4735 non
1780 4698 1824 4733 se·

990 4754 1078 4815 cludi3
1103 4767 1162 4804 cum
1179 4768 1238 4817 qum
1263 4754 1295 4802 ad
1320 4766 1398 4801 uuam
1423 4752 1573 4798 reseruntur
1593 4761 1742 4812 personam,
1764 4745 1824 4796 aliis

990 4831 1095 4879 quoque
1120 4816 1303 4864 attribuantur.
1333 4814 1378 4864 Sic
1401 4812 1521 4875 baptizati
1551 4810 1701 4858 innomine
1726 4806 1825 4859 christi

990 4879 1068 4928 simul
1084 4880 1110 4926 in
1127 4879 1211 4926 l’atris
1225 4889 1256 4926 ae
1271 4877 1386 4939 Spiritus
1401 4876 1505 4923 nomine
1526 4879 1667 4923 censentur
1683 4871 1824 4935 baptisatis

990 4943 1014 4989 si
1029 4945 1113 4990 tamen
1133 4938 1211 4988 simul
1226 4940 1252 4987 iu
1270 4944 1324 4987 tres
1345 4951 1473 5001 personas
1487 4934 1644 4984 crediderint
1661 4947 1667 4982 τ
1683 4946 1762 4983 secus
1775 4944 1823 4983 stt·

990 5008 1049 5060 tem,
1066 5002 1154 5050 nullus
1169 5003 1218 5050 erit
1232 5001 1387 5062 baptismus.
1406 5000 1468 5048 Hiec
1489 4998 1567 5047 etiem
1581 4997 1711 5060 baptismo
1723 4995 1750 5045 lu
1763 4992 1824 5059 spi·

990 5065 1058 5114 ritus
1071 5064 1154 5113 sancti
1176 5062 1370 5126 nuncupatione
1391 5060 1540 5112 convenire.
1556 5058 1585 5109 Si
1598 5064 1684 5109 autem
1700 5057 1733 5107 ob
1748 5068 1823 5129 epm·

990 5127 1048 5175 deni
1062 5126 1148 5176 iocum
1162 5124 1278 5189 Spiritus
1288 5124 1320 5173 ab
1330 5124 1392 5173 aliis
1405 5123 1529 5186 personis
1544 5125 1718 5185 separaretur,
1734 5123 1824 5180 utique

991 5189 1024 5237 oh
1037 5188 1104 5238 alios
1128 5188 1201 5237 locos
1217 5187 1294 5237 Pater
1316 5185 1383 5236 Filio
1407 5187 1539 5235 diceretur
1559 5179 1768 5253 postponendus.
1784 5178 1824 5229 Ab

990 5250 1091 5314 augelis
1107 5251 1200 5300 Filium
1214 5249 1327 5305 adorari,
1350 5261 1432 5299 nona
1451 5248 1470 5298 S
1491 5246 1552 5296 iritu
1569 5258 1575 5304 ;
1591 5245 1660 5291 huuc
1684 5253 1753 5291 euim
1768 5244 1824 5289 tes-

989 5318 1041 5363 tem
1056 5312 1116 5386 ejus
1126 5325 1194 5370 esse,
1210 5324 1262 5361 non
1278 5311 1436 5366 ministrum,
1480 5322 1524 5358 um
1540 5304 1661 5353 omuibus
1684 5301 1825 5365 anteponi-

990 5380 1034 5423 tur
1048 5375 1142 5432 Filius,
1161 5372 1357 5448 intelligendum
1374 5373 1405 5421 de
1419 5368 1554 5441 creaturis.
1571 5366 1730 5439 Dignitatem
1738 5364 1824 5414 111111

990 5436 1106 5500 Spiritus
1121 5450 1136 5486 a
1150 5442 1247 5501 peccati
1261 5436 1288 5484 in
1306 5448 1365 5484 euni
1388 5433 1496 5483 admissi
1517 5427 1744 5476 irremissibilitate
1765 5438 1825 5491 pro·

990 5500 1055 5549 bari.
1073 5499 1146 5548 Unde
1167 5501 1202 5548 sit
1220 5497 1265 5549 iila
1288 5494 1524 5549 irremissibilites;
1547 5495 1573 5541 et
1593 5488 1726 5552 quomodo
1753 5500 1825 5601 nppp

990 5561 1115 5612 Siritus.

1012 5576 1086 5674 pCir.
1106 5624 1150 5672 lV.
1167 5622 1334 5684 -Spiritum
1350 5622 1560 5668 sanctumnuum
1581 5617 1605 5662 et
1630 5611 1749 5663 cumdem
1763 5624 1822 5663 esse

1026 5686 1150 5735 ilocutus
1165 5685 1241 5734 estin
1255 5681 1390 5746 prophetis
1403 5685 1429 5727 et
1442 5681 1469 5728 iii
1492 5676 1621 5751 apostolis
1640 5677 1685 5786 (pipi
1704 5674 1823 5738 Spiritus

1015 5751 1036 5797 ei
1051 5755 1076 5797 et
1090 5748 1188 5798 Christi
1198 5750 1247 5797 est.
1263 5758 1339 5807 quein
1355 5747 1481 5806 praeterea
1500 5740 1629 5802 Spiritum
1673 5736 1824 5797 ancletum,

990 5810 1116 5874 Spiritum
1131 5811 1192 5858 vitre
1205 5805 1369 5857 severitatis
1390 5802 1529 5869 Scriptura
1545 5801 1684 5866 significat.
1779 5797 1828 5851 tie

1021 5875 1086 5924 Cir.
1101 5873 1134 5921 V.
1148 5898 1180 5909 -
1194 5868 1322 5932 Spiritum
1338 5870 1468 5925 sanctum,
1483 5876 1543 5919 enin
1557 5866 1693 5917 1111111111
1710 5858 1828 5919 mei*

1769 2398 1910 2461 ttt'
