3900 6128
157 288 207 359 ,ω
896 280 1172 350 sersaoni.
1858 292 1901 356 oo

171 492 280 546 vocant
298 506 304 545 ε
320 487 436 560 iustitia
450 486 522 542 mihi
537 485 686 543 excelsior
699 482 825 555 videtur,
841 482 1003 540 liberalitas
1016 463 1046 527 Α
1064 500 1106 539 rae
1121 483 1266 556 copulam,
1281 485 1410 543 invicem
1423 485 1511 543 nobis
1528 501 1597 543 esse
1612 486 1723 542 auxilio
1741 487 1896 559 debemus,

172 578 299 652 gratior:
312 577 361 632 illa
378 592 533 632 censuram
549 579 638 646 tenet,
649 575 706 629 ista
720 574 889 629 bonitatem.
1067 577 1179 629 certare
1194 574 1311 646 oiticiis,
1324 575 1405 630 velut
1417 577 1446 629 in
1464 576 1560 631 medio
1569 592 1672 632 omnes
1691 577 1830 632 utilitates
1842 593 1897 649 po-

207 665 269 720 434.
287 665 346 721 Sed
369 665 495 736 primum
510 665 608 736 ipsum
622 664 701 736 quod
715 665 817 735 putant
835 661 1005 733 philosophi
1065 678 1147 733 nere,
1160 667 1188 718 et
1199 665 1329 719 utverbo
1340 663 1501 736 Scripturas
1517 668 1591 736 utar,
1606 665 1808 737 adjumentum
1818 667 1898 722 terre

170 753 298 827 justitiae
315 770 423 809 munus
439 751 506 823 (33),
531 754 608 824 apud
633 768 688 807 nos
704 752 880 806 excluditur.
901 752 1007 806 Dicunt
1062 751 1240 820 alteralteri,
1253 753 1300 808 vel
1314 754 1422 823 studio,
1434 754 1481 807 vel
1499 753 1609 824 officio,
1631 754 1677 808 vel
1695 757 1830 825 pecunia,
1849 757 1898 811 vel

173 843 252 899 enim
267 842 309 897 illi
323 857 387 897 eam
402 842 526 913 primam
541 856 610 896 csse
623 839 748 911 justitiae
765 839 899 910 sormam,
915 843 946 895 ut
961 855 1008 895 ne·
1065 840 1216 911 operibus,
1235 841 1281 896 vel
1291 842 1423 913 quolibet
1434 843 1572 911 modo,ut
1582 843 1724 898 internos
1742 845 1897 900 societatis

170 917 241 987 mini
263 931 331 1002 quis
355 934 470 999 noceat,
496 930 555 985 nisi
577 929 737 986 lacessitus
760 928 870 1000 injuria
896 944 903 984 ε
928 928 1008 1000 quod
1062 930 1899 1005 augeaturgratia.Necquisquamaboihciovelpericu·

172 1018 327 1092 Evangelii
351 1020 523 1075 auctoritate
547 1021 690 1073 vacuatur
704 1018 786 1087 (Luc.
807 1034 848 1086 rx,
864 1016 909 1088 56)
923 1032 931 1087 ;
945 1017 1009 1072 vult
1060 1017 1081 1072 li
1091 1022 1205 1074 terrore
1220 1022 1376 1075 revocetur
1390 1021 1446 1091 (38)
1464 1036 1471 1076 :
1488 1021 1540 1076 sed
1562 1021 1659 1077 omnin
1670 1038 1724 1077 sua
1740 1023 1837 1093 ducat,
1849 1024 1899 1079 vel

172 1109 251 1164 enirn
266 1107 427 1179 Scriptura,
442 1111 477 1162 ut
489 1109 529 1163 sit
543 1108 574 1163 in
591 1108 679 1163 nobis
689 1107 814 1179 spiritus
834 1106 899 1160 Filii
911 1104 1008 1160 homi·
1061 1106 1243 1162 adversavel
1259 1123 1413 1178 prospera.
1426 1109 1559 1182 Denique
1571 1114 1694 1165 sanctus
1706 1111 1826 1182 Moyses
1843 1127 1898 1183 pro

170 1196 229 1268 niS,
245 1196 297 1269 qui
311 1198 392 1252 venit
406 1197 543 1253 conterre
557 1197 699 1270 gratiam,
721 1211 781 1252 non
800 1192 912 1250 inferre
928 1193 1008 1268 inju·
1061 1195 1170 1266 populo
1187 1197 1290 1267 patriae
1307 1197 1386 1252 bella
1397 1199 1551 1269 suscipere
1563 1199 1666 1273 gravia
1684 1215 1743 1255 non
1757 1199 1899 1256 reformi-

173 1285 258 1341 riam.
1062 1284 1150 1354 davit,
1171 1300 1225 1340 nec
1240 1286 1322 1357 regis
1343 1287 1542 1356 potentissimi
1558 1289 1715 1358 trepidavit
1734 1305 1826 1361 arma,
1842 1305 1899 1347 nee

206 1372 270 1430 433.
287 1374 398 1430 Deinde
415 1374 538 1431 sormam
551 1373 675 1448 justitiae
691 1375 877 1445 putaverunt,
890 1375 921 1428 ut
936 1372 1006 1444 quis
1061 1373 1225 1428 barbaricae
1237 1374 1426 1429 immanitatis
1445 1376 1563 1446 expavit
1575 1376 1715 1433 ferociam
1728 1394 1734 1433 :
1748 1380 1802 1433 sed
1814 1378 1897 1451 abje-

173 1464 339 1520 communia
349 1464 416 1535 (34),
429 1465 529 1533 idest,
543 1464 659 1535 publica
675 1479 730 1536 pro
744 1462 873 1535 publicis
888 1462 1004 1528 habeat,
1062 1462 1101 1516 eit
1113 1462 1239 1517 salntem
1251 1479 1345 1532 suam,
1358 1468 1389 1519 ut
1399 1463 1477 1534 plebi
1489 1466 1625 1520 redderet
1636 1467 1811 1523 libertatem.

171 1555 285 1625 privata
305 1569 359 1623 pro
375 1553 450 1608 suis.
467 1553 512 1608 Ne
528 1553 584 1608 hoe
600 1553 718 1624 quidem
741 1552 905 1607 secundum
920 1555 1006 1606 natu·
1098 1550 1157 1605 433.
1180 1551 1305 1624 Magnus
1331 1553 1427 1623 itaque
1441 1553 1565 1625 justitiae
1590 1555 1731 1626 splendor
1745 1557 1812 1627 (39),
1830 1574 1898 1629 quaa

170 1658 243 1711 ram,
265 1646 368 1697 natura
379 1643 456 1697 enim
468 1643 564 1697 omnia
577 1642 714 1697 omnibus
726 1642 755 1696 in
774 1656 928 1696 commuue
939 1655 1007 1712 pro·
1061 1640 1127 1695 aliis
1145 1642 1243 1711 potius
1260 1645 1326 1695 nata
1342 1658 1430 1713 quam
1446 1643 1521 1710 sibi,
1542 1645 1779 1699 communitatem
1800 1650 1828 1700 et
1844 1662 1898 1701 so-

172 1730 256 1787 indit.
274 1730 323 1786 Sic
338 1731 417 1786 e'nim
432 1731 512 1786 Deus
532 1731 668 1803 generari
685 1731 778 1801 jussit
793 1730 890 1785 omnia
906 1732 937 1785 ut
951 1724 1005 1800 pa-
1063 1731 1196 1785 cietatem
1213 1733 1344 1785 nostram
1355 1731 1491 1803 adjuvat:
1509 1733 1710 1788 excelsitatem
1731 1738 1809 1790 tenet
1824 1735 1897 1806 (444);

173 1824 238 1876 stus
250 1821 387 1875 omnibus
397 1821 562 1875 communis
574 1822 655 1875 essct
664 1820 731 1891 (35),
744 1819 1008 1874 etterratoretom·
1021 1790 1047 1852 Β
1065 1823 1097 1874 ut
1107 1836 1162 1874 suo
1172 1819 1285 1891 judicio
1295 1821 1392 1876 omnia
1403 1821 1537 1892 subjecta
1550 1821 1665 1893 habeat,
1679 1838 1764 1893 opem
1775 1823 1842 1877 aliis
1854 1823 1897 1878 te·

172 1909 253 1965 nium
272 1911 407 1981 quaedam
423 1909 587 1965 communis
604 1909 770 1979 possessio.
788 1908 900 1962 Natura
914 1909 1005 1980 igitur
1063 1912 1116 1974 rat,
1132 1909 1287 1978 pecuniam
1303 1910 1445 1981 conferat,
1470 1910 1569 1965 officia
1590 1926 1649 1966 non
1672 1912 1791 1983 abnuat,
1814 1913 1896 1985 peri-

169 1997 222 2071 jus
237 2014 391 2053 commune
408 1998 572 2070 generavit,
585 1998 737 2067 usurpatio
752 1997 805 2069 jus
825 1996 894 2051 iecit
909 1996 1006 2067 priva·
1064 1997 1129 2051 cula
1144 1998 1289 2069 suscipiat
1304 1998 1408 2053 aliena.

173 2090 235 2142 tum
252 2085 314 2152 Quo
326 2087 355 2140 in
368 2086 433 2141 loco
443 2087 524 2141 aiunt
538 2086 687 2156 placuisse
698 2085 807 2140 Stoicis
819 2084 886 2156 (36),
899 2102 966 2157 quae
977 2085 1007 2140 in
1098 2085 1159 2140 434.
1175 2085 1248 2151 Quis
1264 2101 1322 2141 non
1336 2091 1456 2159 cuperet
1470 2089 1545 2144 hanc
1561 2090 1678 2145 virtutis
1694 2105 1793 2145 arcem
1808 2094 1894 2146 tene-

172 2175 417 2248 terrisgignntur,
426 2176 523 2229 omnia
534 2175 569 2229 ad
582 2190 656 2229 usus
667 2174 817 2229 hominum
829 2176 923 2228 creari
936 2189 942 2229 :
956 2174 1008 2229 ho·
1063 2190 1105 2245 re,
1129 2174 1188 2229 nisi
1203 2181 1298 2245 prima
1313 2177 1435 2230 avaritia
1456 2179 1619 2233 infirmaret
1631 2183 1718 2251 atque
1733 2179 1898 2236 inflecteret

173 2264 269 2319 mines
292 2267 388 2319 autem
405 2263 558 2318 hominum
580 2279 671 2318 causa
691 2279 760 2318 esse
785 2268 961 2335 generatos,
978 2265 1009 2318 ut
1063 2265 1151 2318 tantae
1167 2263 1285 2318 virtutis
1308 2264 1444 2336 vigorem
1460 2267 1542 2337 (44)·.4
1559 2267 1673 2322 Etenim
1698 2268 1767 2323 dum
1786 2284 1897 2340 augere

174 2352 233 2425 ipsi
248 2354 325 2408 inter
339 2368 373 2408 se
388 2352 454 2406 aliis
470 2352 518 2406 alii
532 2352 677 2421 prodesse
688 2353 816 2423 possint.
1065 2368 1147 2423 opos,
1173 2368 1339 2425 aggregare
1363 2356 1515 2425 pecunias,
1540 2371 1685 2426 occupare
1710 2361 1806 2413 terras
1825 2372 1898 2429 pos-

208 2442 269 2497 433.
288 2442 371 2497 Unde
388 2442 455 2512 hoe,
471 2442 530 2495 nisi
545 2441 581 2496 de
598 2441 710 2495 nostris
725 2440 888 2512 Scripturis
905 2439 1008 2495 dicen·
1064 2441 1254 2497 sessionibus
1279 2443 1430 2514 cupimus,
1454 2447 1597 2515 praestnre
1617 2446 1748 2516 divitiis,
1770 2446 1897 2519 justitiae

173 2531 242 2587 dum
251 2531 501 2601 assumpserunt?
516 2530 636 2601 lloyses
648 2531 726 2584 enim
737 2531 869 2600 scripsit,
887 2530 1009 2601 quiadi·
1063 2529 1188 2585 formum
1204 2532 1357 2603 exuimus,
1375 2532 1599 2588 beneficentiam
1616 2551 1802 2591 communem
1821 2537 1897 2590 ami·

172 2621 215 2676 xit
222 2621 302 2675 Deus
315 2636 321 2674 :
335 2619 363 2674 F
361 2621 490 2674 aciamus
500 2619 646 2674 hominem
658 2619 695 2674 ad
705 2619 863 2691 irnapinem
876 2626 1007 2674 nostram
1063 2619 1169 2674 simus.
1186 2618 1338 2684 Quomodo
1353 2622 1431 2676 enim
1446 2625 1543 2692 potest
1555 2621 1656 2694 justus
1672 2640 1752 2696 esse,
1768 2623 1820 2696 qui
1835 2627 1899 2680 stu·

174 2716 204 2766 et
221 2709 381 2764 secundum
397 2707 640 2777 similitudinem,
659 2713 687 2762 et
707 2707 814 2762 habent
826 2713 1005 2780 potestatem
1063 2707 1112 2762 det
1126 2709 1240 2779 eripere
1255 2708 1349 2780 alteri,
1365 2710 1444 2781 quod
1460 2711 1519 2766 sibi
1534 2717 1656 2783 quaerat.

171 2798 298 2872 piscium
316 2797 410 2851 maris
425 2801 454 2851 et
476 2795 635 2850 volatilium
654 2795 729 2864 caeli,
748 2801 777 2851 et
791 2813 942 2868 pecorum,
960 2797 1007 2861 36
1099 2797 1160 2852 138.
1178 2798 1319 2854 Potentiae
1334 2815 1451 2872 quoque
1475 2801 1639 2872 cupiditas,
1655 2801 1782 2858 sormam
1802 2802 1896 2874 justi-

175 2901 205 2953 et
224 2895 350 2950 omnium
363 2894 528 2965 repentium
541 2900 632 2966 super
644 2899 756 2948 terram
768 2893 854 2963 (Gen.
868 2912 887 2964 4,
905 2893 960 2965 36).
973 2893 1009 2949 Et
1065 2887 1111 2942 tiae
1127 2886 1242 2942 virilem
1266 2887 1413 2943 effeminat
1429 2889 1507 2961 (43)3
1522 2889 1674 2955 Quomodo
1699 2893 1777 2946 enim
1800 2896 1899 2963 potest

173 2984 267 3039 David
282 2984 320 3038 ait
337 2999 344 3039 :
359 2981 461 3036 044444
472 2982 635 3054 subjecisti
645 2982 835 3054 subpedibus
850 2984 924 3055 ejus,
937 2999 1009 3038 oros
1064 2992 1117 3047 pro
1133 2976 1199 3030 aliis
1216 2978 1404 3048 intervenire,
1421 2978 1471 3050 qui
1482 2979 1557 3034 alios
1572 2980 1630 3035 sibi
1645 2980 1797 3052 subjicere
1813 2998 1900 3037 cona-

173 3073 304 3130 etboves
316 3073 486 3142 universaS,
498 3075 622 3144 insuper
638 3077 667 3125 et
674 3087 784 3142 pecora
801 3073 897 3142 campi
905 3088 910 3127 :
927 3071 1008 3127 rolu-
1065 3069 1113 3120 tur
1130 3082 1135 3120 2
1154 3068 1182 3120 el
1196 3065 1312 3122 infirmo
1328 3066 1474 3122 adversus
1489 3071 1623 3137 potentes
1639 3086 1725 3139 opem
1741 3069 1830 3142 ferre,
1847 3071 1897 3144 qui

172 3178 223 3219 ces
231 3162 308 3232 coeli,
320 3168 350 3216 et
354 3162 457 3233 pisces
467 3160 664 3232 maristPsal.
677 3177 738 3222 vm,
755 3160 781 3231 8,
794 3160 833 3229 9).
846 3160 927 3234 Ergo
942 3178 1006 3216 om·
1065 3156 1130 3226 ipse
1145 3171 1268 3228 gravem
1283 3156 1409 3211 libertati
1423 3156 1539 3213 allectat
1553 3159 1721 3228 potentiam.

172 3253 221 3308 nia
238 3251 375 3324 subjecta
392 3266 461 3305 esse
482 3250 594 3305 homini
609 3251 645 3305 de
656 3250 769 3305 nostris
786 3250 961 3322 didicerunt,
978 3255 1007 3306 et
1320 3266 1367 3329 37
1388 3262 1513 3320 CAPUT
1534 3265 1641 3320 Χχιχ,

170 3342 237 3398 “¹⁶⁰
254 3342 377 3441 censeqt
392 3342 513 3410 pmpter
523 3339 672 3439 mmmm?
688 3353 757 3438 ‚⁰⁸³⁰
772 3343 923 3411 generat&
1065 3382 1215 3438 iustitiam
1225 3379 1341 3436 inbello
1352 3381 1533 3454 etiamatque
1544 3382 1620 3453 ipsis
1629 3381 1766 3437 hostibus
1774 3383 1898 3438 servari

207 3431 258 3487 ¹3⁴
277 3430 432 3484 H⁰¹¹¹¹¹¹⁸m
449 3443 566 3501 q⁰⁰qu⁰
584 3428 713 3482 h⁰¹¹¹¹¹¹¹⁸
730 3443 820 3482 eflusa
831 3433 1005 3500 generatum
1099 3459 1237 3525 oportere
1252 3454 1369 3525 Moysis
1380 3470 1414 3508 ac
1428 3453 1535 3507 Elisaei
1552 3453 1697 3525 erernplis
1711 3455 1896 3509 ostenditur!

170 3533 240 3576 esse
264 3518 394 3572 inlibris
418 3517 515 3588 Moysi
538 3517 695 3588 reprimus,
721 3517 836 3571 dicente
852 3518 976 3574 Domino
995 3536 1002 3576 :
1099 3525 1136 3582 ab
1152 3525 1291 3579 Hebraeis
1312 3531 1409 3580 mutuo
1430 3532 1550 3580 veteres
1563 3527 1729 3596 accepisse,
1751 3532 1781 3579 ut
1793 3526 1897 3581 hostes

170 3609 237 3666 Non
254 3613 299 3664 est
315 3606 421 3662 bonum
437 3622 505 3662 esse
527 3606 673 3661 homiuem
688 3605 791 3676 solum,
816 3606 962 3663 iaciamus
976 3610 1005 3664 ei
1099 3597 1282 3671 appellarent
1294 3597 1897 3670 nominemolliori,·deniquejustitiaeiun·

170 3697 348 3770 „mmm-„m
360 3694 616 3765 s,·„„·103,·b,·((;9„
631 3694 729 3765 1518).
742 3695 787 3750 Ad
802 3695 1004 3768 adjumentum
1100 3672 1265 3726 darncntum
1277 3668 1461 3739 iudicasse,
1472 3667 1637 3723 reformem
1647 3670 1677 3721 in
1688 3668 1836 3724 Ecclesia.

170 3802 243 3860 ergo
255 3785 360 3840 mulier
370 3785 435 3839 data
447 3785 577 3853 estviro,
596 3799 663 3854 quae
681 3788 853 3855 generaret3
868 3788 900 3840 ut
914 3786 1002 3843 homo
1102 3778 1163 3833 139·
1179 3776 1291 3842 Quanta
1305 3774 1522 3848 ssulefflt'usfififl
1534 3776 1572 3829 Sit
1588 3790 1626 3829 ex
1641 3774 1697 3829 ¹100
1709 3774 1834 3848 intelligi
1845 3791 1896 3846 po·

169 3874 283 3931 homini
299 3873 469 3945 adjumento
484 3872 570 3928 foret.
584 3872 716 3943 Denique
727 3875 882 3945 antequem
898 3875 1004 3930 mulier
1064 3871 1132 3936 test,
1149 3865 1228 3939 quod
1242 3881 1297 3920 nec
1313 3865 1399 3935 locis,
1415 3880 1469 3919 nec
1478 3866 1628 3935 personis,
1645 3879 1700 3918 neo
1710 3865 1896 3935 temporibus

171 3964 359 4032 formaretur,
377 3962 543 4015 dictumest
558 3960 594 4015 de
606 3961 712 4015 haam:
723 3961 790 4017 Non
806 3969 851 4016 est
863 3964 1004 4019 inventus
1063 3956 1219 4026 excipitur,
1236 3971 1303 4026 quae
1320 3953 1408 4008 etiam
1423 3952 1561 4008 hostibus
1576 3957 1747 4008 reservatur
1766 3950 1841 4025 (43);
1864 3955 1895 4008 44

170 4053 290 4126 adJutor
299 4050 410 4106 similis
420 4049 466 4103 illi
476 4048 566 4120 (ibid.
578 4049 853 4121 20);nah‘umentum
864 4052 943 4106 enim
952 4052 1003 4108 ho·
1062 4046 1090 4101 si
1111 4045 1287 4100 constitutus
1311 4043 1349 4098 sit
1372 4059 1438 4096 cum
1458 4042 1543 4097 hoste
1571 4045 1620 4097 aut
1642 4042 1727 4097 locus
1751 4046 1802 4097 aut
1830 4043 1896 4098 dies

172 4157 219 4197 mo
231 4140 290 4196 nisi
300 4140 336 4194 de
347 4139 466 4195 homine
476 4138 586 4193 habere
599 4154 658 4193 non
669 4141 791 4208 poterat.
805 4139 850 4194 Ex
866 4141 1003 4197 omnibus
1061 4134 1174 4208 praelio,
1187 4133 1332 4188 adversus
1345 4132 1490 4204 justitiam
1505 4134 1623 4202 putetur
1637 4134 1686 4186 aut
1699 4131 1765 4187 loco
1778 4147 1896 4203 praeve-

171 4231 262 4303 igitur
282 4228 480 4284 animantibus
492 4227 604 4282 nullum
619 4227 725 4281 animal
742 4228 849 4299 simile,
862 4233 890 4284 et
905 4233 936 4284 ut
950 4231 1004 4286 ab·
1062 4225 1136 4294 nire,
1153 4227 1203 4279 aut
1220 4226 1362 4293 tempore.
1378 4223 1504 4276 Interest
1515 4223 1592 4276 enim
1606 4225 1703 4276 utrum
1721 4221 1829 4293 aliquis
1839 4237 1896 4293 pu·

171 4319 269 4376 solute
294 4317 446 4386 dicamus,
463 4316 562 4371 nullus
581 4316 700 4388 adiutor
720 4316 850 4372 hominis
866 4318 1004 4375 inventus
1062 4330 1121 4388 gna
1132 4313 1229 4385 aliqua
1240 4315 1269 4367 et
1282 4312 1408 4367 confictu
1425 4311 1510 4382 gravi
1523 4311 1663 4381 capiatur,
1684 4326 1722 4364 an
1740 4310 1896 4381 superiore

171 4413 217 4468 est
234 4424 240 4465 :
256 4407 410 4463 muliebris
421 4407 513 4478 igitur
527 4421 619 4460 sexus
634 4404 751 4477 adjutor
766 4408 1003 4476 exspectabatur.
1020 4413 1047 4475 D
1063 4402 1156 4475 gratia
1172 4402 1239 4473 (44),
1250 4401 1297 4455 vel
1316 4401 1413 4473 aliquo
1434 4403 1550 4455 eventu.
1571 4400 1722 4472 Siquidem
1733 4400 1896 4455 vehemen-

207 4498 267 4555 135.
278 4499 358 4570 Ergo
367 4495 531 4552 secundum
543 4495 595 4548 Dei
603 4495 781 4550 volunlatem
792 4493 860 4566 (34),
870 4496 1005 4553 vetnatu-
1063 4493 1189 4548 tioribus
1200 4491 1339 4546 hostibus
1352 4494 1379 4545 ot
1387 4489 1497 4559 infidis,
1508 4493 1537 4544 et
1551 4489 1598 4544 his
1608 4489 1656 4562 qui
1666 4489 1793 4562 amplius
1805 4489 1895 4544 laese-

207 4642 264 4711 (33)
276 4640 361 4710 lbid.,
378 4639 430 4698 lin.
447 4638 482 4692 35
496 4653 526 4692 τι
544 4637 602 4693 Sed
616 4636 741 4709 justitiae
755 4653 882 4709 primum
896 4655 1004 4697 munus
1059 4654 1145 4706 onus,
1162 4659 1173 4684 l
1190 4637 1246 4692 etc.

170 4717 262 4768 estut
277 4726 314 4767 ne
330 4713 388 4777 cui,
407 4730 418 4759 a
436 4713 492 4764 etc.
1096 4708 1155 4779 (39)
1170 4706 1254 4776 lbid.,
1280 4721 1347 4778 pag.
1368 4704 1428 4772 553,
1452 4705 1501 4760 lin.
1525 4704 1559 4760 33
1577 4721 1583 4760 z
1603 4727 1614 4753 α
1637 4705 1670 4761 44
1693 4720 1751 4778 qua
1775 4703 1895 4759 uirtutis

207 4784 264 4853 (34)
281 4781 365 4849 lbid.,
383 4782 433 4834 lin.
450 4781 485 4835 36
501 4796 508 4836 :
527 4803 537 4831 a
555 4781 666 4836 Deinde
682 4785 713 4836 ut
728 4783 934 4839 communibus
943 4786 1005 4840 uta·
1060 4779 1201 4855 splendor
1217 4781 1263 4834 est
1277 4778 1434 4832 maximus.
1453 4799 1464 4827 4

170 4856 219 4909 444
232 4869 286 4924 pro
298 4852 648 4923 communibus,priratis
657 4856 688 4908 ut
698 4853 773 4909 suis.
785 4854 858 4910 Sunt
866 4859 972 4927 autem,
990 4877 1002 4907 ι
1096 4851 1151 4936 (40)
1167 4848 1254 4918 lbid.,
1271 4865 1339 4920 pag,
1355 4848 1419 4920 353,
1435 4848 1486 4904 lin.
1503 4847 1537 4902 35
1555 4863 1561 4904 :
1580 4867 1592 4898 a
1609 4847 1654 4902 Ex
1665 4863 1723 4919 quo
1734 4845 1825 4902 animi
1839 4862 1896 4901 ma·

171 4928 264 5067 θῐ((445)
278 4994 352 5049 llss.
376 4995 497 5064 aliquot,
523 5000 552 5047 ut
566 5001 671 5066 partus
694 4997 829 5053 ornnibus
844 4997 1005 5053 commnnis
1059 4921 1354 5074 gnilltllldol'biditcpag.
1378 4991 1440 5061 353,
1466 4991 1508 5045 444
1530 4990 1565 5045 46
1591 4990 1773 5046 :Maximam
1797 4992 1895 5044 autem

171 5073 263 5149 esset,
279 5067 319 5120 Et
336 5073 418 5120 terra
441 5081 513 5138 erpo
526 5065 617 5135 toret,
634 5071 690 5122 eto.
707 5069 814 5125 Melius
830 5069 879 5123 alii
896 5069 1005 5125 adedit
1059 5069 1172 5149 partem
1195 5065 1231 5118 ad
1246 5064 1385 5136 injuriam
1408 5063 1572 5118 taciendam
1587 5063 1803 5135 aggrediuntur
1817 5077 1895 5117 non-

170 5140 413 5279 ι14313484444414444.
440 5225 449 5261 4
470 5207 565 5275 Oisia,
590 5225 658 5281 pag.
682 5209 744 5279 353,
766 5211 818 5266 lin.
841 5211 875 5266 33
892 5228 898 5268 ;
918 5234 928 5262 a
946 5208 1005 5267 Sed
1059 5138 1151 5279 Ι14133)
1162 5139 1253 5275 llfitdc,
1269 5222 1338 5278 pag.
1353 5206 1415 5276 354,
1432 5205 1483 5261 lin.
1500 5205 1517 5260 7
1534 5220 1540 5260 :
1555 5225 1567 5257 ι
1585 5205 1712 5260 Maxime
1727 5207 1824 5261 aulem
1840 5205 1894 5260 ad·

162 5292 319 5354 qnoniam,
336 5283 367 5334 ut
383 5281 525 5350 praeclare
542 5283 755 5351 scriptumest,
774 5303 785 5329 u
803 5286 859 5337 cte.
1060 5281 1207 5336 ducuntur
1220 5278 1364 5348 plerique,
1384 5299 1395 5325 4
1413 5281 1469 5331 ete.

206 5352 263 5424 (34)
280 5351 364 5419 lbid.,
388 5352 438 5405 lin.
455 5352 490 5406 36
507 5367 513 5407 :
541 5373 551 5400 a
569 5353 601 5406 ln
626 5351 682 5406 hoc
706 5357 839 5407 naturam
860 5354 1004 5410 debemus
1094 5352 1152 5422 (43)
1167 5347 1228 5404 Cio.
1245 5348 1296 5403 lib.
1312 5365 1322 5402 1
1339 5348 1422 5404 orde.
1440 5362 1508 5420 pag.
1525 5344 1587 5418 355,
1604 5348 1655 5403 444.
1676 5347 1711 5403 33
1727 5367 1735 5401 .·
1751 5349 1848 5420 hique
1863 5348 1895 5402 in

170 5424 275 5481 ducem
290 5423 386 5495 sequi,
405 5444 416 5471 a
434 5426 471 5478 et.
487 5424 559 5478 ltem
574 5439 643 5496 pag.
667 5422 729 5490 357,
751 5423 801 5478 lin.
819 5423 875 5480 d'l:
896 5446 907 5475 ι
924 5425 1004 5497 Opti·
1052 5422 1213 5494 'republica
1228 5419 1354 5474 maxime
1370 5420 1574 5474 conservanda
1588 5420 1656 5492 jura
1669 5418 1750 5487 belli,
1766 5440 1777 5470 ι
1795 5424 1852 5474 ete.

169 5499 327 5554 meantem
343 5495 472 5550 societas
489 5495 650 5564 hominnm,
670 5515 681 5546 a
699 5499 755 5550 etc.
1094 5496 1152 5567 (45)
1169 5491 1331 5564 Superiora
1345 5491 1455 5562 pratia,
1471 5491 1572 5560 idest,
1588 5491 1694 5563 majori
1711 5491 1809 5564 aliqua
1824 5495 1896 5547 tem·

161 5596 167 5609 ·
205 5567 262 5639 (38)
276 5565 337 5623 Cic.
354 5565 406 5622 lib.
419 5578 429 5620 4
442 5565 539 5634 Ollio,
556 5582 585 5637 p.
604 5565 667 5622 354.
682 5566 733 5623 lin.
750 5564 785 5621 35
801 5580 808 5622 :
827 5587 838 5615 a
857 5565 911 5622 Est
925 5568 1003 5626 enim
1055 5566 1140 5640 poris
1155 5564 1205 5620 ant
1218 5561 1276 5621 loei
1293 5563 1517 5638 opportunitate,
1535 5566 1566 5622 ut
1580 5565 1737 5624 contextus
1753 5561 1833 5623 clare
1848 5562 1897 5623 de·

170 5637 301 5700 difficilis
314 5637 678 5714 ournrernmalienarum3
693 5650 860 5714 quanquam
875 5639 1004 5697 Terenti·
1055 5639 1212 5698 monstrat.
