3900 6128
591 204 1083 353 arrsromnumomssrs
1098 271 1122 338 1.
1640 266 1703 341 aar

89 477 170 549 quod
184 491 202 531 e
216 477 246 532 te
261 475 412 548 queritur.
431 498 443 524 ιι
460 474 497 530 Et
511 474 640 532 addidit:
656 495 671 527 ιι
686 475 740 542 Qui
754 463 854 532 bo-A
905 475 1055 533 Eusebius
1084 476 1244 548 episeopus
1273 476 1366 532 dixit:
1394 498 1406 525 ιι
1434 474 1504 562 Nisi
1522 472 1701 545 impietatem

85 563 175 620 'ilium
203 563 258 620 Dei
272 564 365 621 Deum
394 579 454 622 non
477 565 634 621 confitetur
660 563 727 637 (tt),
743 580 812 620 ane·
868 565 933 620 Arii
947 581 985 621 ex
999 566 1102 621 ordine
1129 565 1327 636 damnaveris,
1348 563 1550 636 interrogandi
1565 577 1625 618 non
1649 561 1702 616 da·

102 673 116 704 e
868 654 968 710 bimus
984 654 1161 710 facultatem.
1179 678 1191 703 ιι

85 756 127 798 ies
142 742 277 814 episcopi
293 743 449 799 dixerunt:
469 765 481 792 ι
496 743 669 799 anathema.
688 766 699 793 ι
904 742 1054 798 Palladius
1070 743 1161 799 dixit:
1182 765 1192 791 ιι
1209 742 1276 798 Non
1290 742 1344 797 tibi
1359 742 1536 813 respondeo.
1554 764 1565 788 ι

85 832 148 887 ,iem
164 831 315 887 recitavit:
335 854 346 879 ι
363 831 464 886 Solum
479 835 637 902 potentem.
654 855 665 881 ι
904 831 1085 887 Ambrosius
1101 833 1262 903 episcopus
1282 832 1373 886 dixit:
1394 853 1404 880 ι
1424 830 1520 885 Filius
1545 828 1610 900 Dei,
1625 827 1703 883 sieut

85 919 196 975 mosius
224 920 384 991 episeopus
414 920 503 976 dixit:
532 917 811 975 PotensestFilius
869 919 1227 992 lectumeet,judexest,
1244 921 1405 975 annoni»

85 1007 191 1063 enon?
747 1016 751 1021 ·
903 1007 1054 1063 Palladius
1070 1009 1161 1063 dixit:
1194 1009 1328 1064 lSinon
1353 1007 1520 1078 respondes
1535 1006 1618 1077 mibi,
1642 1021 1699 1077 ego

85 1095 166 1152 adius
182 1096 271 1151 dixit:
292 1119 303 1143 ιι
331 1095 385 1161 Qui
401 1097 499 1152 omnia
522 1096 601 1166 lecit,
623 1093 683 1152 n'on
698 1098 744 1151 est
757 1111 812 1167 po·
868 1095 931 1162 tibi,
950 1098 982 1151 ut
996 1096 1097 1168 impio,
1114 1112 1173 1151 non
1189 1098 1367 1169 respondeo.
1386 1119 1397 1145 ι

85 1180 158 1250 Quia
173 1186 271 1239 omnia
286 1184 365 1255 fecit,
382 1186 481 1240 minus
496 1186 642 1256 potasti»
848 1234 853 1242 ,
903 1183 948 1239 34.
965 1184 1144 1240 Ambrosius
1160 1186 1320 1256 episcopus
1336 1185 1428 1240 dixit:
1447 1207 1459 1234 ιι
1476 1184 1577 1240 Habes
1590 1183 1703 1254 proies·

85 1272 193 1329 mosius
208 1273 369 1344 episcopus
384 1273 474 1328 dixit:
503 1273 614 1346 “Ergo
637 1273 727 1329 Arius
738 1273 813 1328 male
869 1272 985 1328 sionem
1001 1289 1106 1345 meam,
1123 1290 1181 1346 qua
1205 1275 1392 1344 respondebo
1407 1274 1469 1343 tibi,
1493 1274 1612 1328 Interim
1631 1287 1702 1343 per·

85 1359 138 1417 ut
151 1361 279 1416 addidit:
299 1362 378 1416 «Vel
394 1361 491 1417 inhoe
512 1363 634 1417 damnas
657 1363 781 1417 Arium?
799 1386 810 1410 ι
868 1361 986 1433 legatur
1000 1363 1126 1433 epistole
1151 1363 1222 1418 Arii.
1244 1387 1255 1412 ι
1283 1363 1318 1418 Et
1338 1363 1464 1418 addidit:
1484 1381 1495 1411 ι
1522 1361 1554 1416 In
1578 1360 1703 1432 epistola

85 1448 166 1505 adius
181 1448 272 1504 dixit:
292 1472 302 1497 ι
330 1451 415 1506 Unde
435 1451 499 1506 scio
522 1452 572 1522 qui
596 1451 659 1506 eit‘?
674 1451 738 1523 Ego
759 1466 813 1521 pro
869 1450 932 1505 Arii
944 1451 1080 1506 invenies
1092 1454 1120 1506 et
1130 1451 1188 1507 hoo
1199 1451 1400 1524 saerilegium,
1411 1450 1491 1522 quod
1500 1452 1531 1506 tu
1545 1448 1670 1505 moliris.
1689 1472 1700 1499 ι

85 1538 210 1610 spondeo
225 1537 288 1592 tibi.
307 1560 318 1585 ι
905 1538 1055 1594 Palladius
1071 1539 1162 1596 dixit:
1192 1562 1203 1588 ι
1222 1540 1285 1612 Ego
1300 1540 1352 1612 qui
1367 1540 1529 1611 interrogo,
1550 1554 1611 1594 non
1633 1553 1701 1593 res·

85 1625 194 1682 mosius
210 1626 372 1697 episcopua
388 1626 480 1682 dixit:
502 1626 620 1684 «Filius
634 1628 750 1684 Domini
761 1627 814 1682 Dei
870 1626 1032 1697 pondetisi
1048 1649 1059 1677 ι

85 1717 181 1771 towns
197 1717 243 1769 est
257 1714 368 1783 (55)‘?»
906 1715 1055 1772 Eusebius
1086 1716 1246 1788 episeopus
1274 1716 1367 1771 dixit:
1398 1714 1505 1770 Filium
1532 1717 1585 1772 Dei
1608 1715 1704 1772 Deum

85 1801 168 1858 adius
184 1802 275 1858 dixit:
295 1824 306 1854 ι
326 1804 477 1859 Potens.»
831 1804 1015 1899 Baequelem
1030 1805 1168 1860 dicimus.
1186 1827 1198 1854 ιι

85 1893 197 1949 irosius
211 1893 372 1963 episcopus
388 1892 461 1946 dixit
479 1915 490 1941 ι
509 1893 590 1949 Deus
605 1893 703 1948 bonus
719 1894 813 1948 esti·
908 1893 1057 1949 Palladius
1073 1893 1164 1949 dixit:
1193 1916 1203 1942 ι
1222 1893 1266 1949 Tu
1278 1891 1373 1965 judex
1396 1908 1440 1965 es,
1462 1893 1506 1949 tui
1529 1896 1705 1965 exceptores

85 1980 168 2037 adius
182 1981 272 2036 dixit:
292 2001 304 2033 ιι
321 1981 387 2037 lam
403 1981 464 2036 dixi
479 1980 585 2037 Filium
610 1982 663 2037 Dei
677 1983 816 2054 unigeni·
871 1980 919 2036 hie
935 1984 1014 2037 sunt.
1033 2004 1044 2031 ι

85 2084 132 2126 ase
146 2072 305 2140 potentem.
324 2093 336 2118 ι
907 2070 1086 2126 Ambrosius
1102 2070 1262 2142 episcopus
1285 2071 1376 2127 dixit:
1396 2091 1408 2123 ιι
1433 2070 1570 2126 Scribant
1584 2072 1637 2142 tui,
1653 2069 1705 2142 qui

85 2158 199 2215 irosius
217 2159 487 2230 episcopusdixit:
507 2181 518 2207 ι
543 2159 700 2215 Hominum
715 2162 817 2231 poten·
871 2159 984 2214 volunt.
1003 2182 1015 2209 ι

907 2247 1112 2302 85.Pelladius
1124 2247 1216 2302 dixit:
1235 2269 1246 2295 ι
1264 2245 1457 2318 Patermajor
1467 2249 1525 2317 est,
1540 2247 1672 2302 annon?
1689 2267 1700 2295 ι

85 2334 170 2391 adius
180 2335 272 2391 dixit:
292 2360 303 2384 ιι
322 2335 428 2392 Filium
443 2337 496 2391 Dei
512 2341 668 2408 potentem.
688 2359 699 2387 ι
908 2335 1058 2392 Eusebius
1069 2337 1231 2408 episeopus
1242 2336 1333 2390 dixit:
1353 2357 1364 2383 ιι
1387 2320 1555 2390 Secundum
1571 2335 1706 2390 divinita·

85 2424 260 2480 Ambrosius
290 2425 556 2496 episcopusdixit:
589 2449 600 2475 ιι
631 2427 770 2482 Potentes
789 2431 818 2482 et
872 2428 931 2480 tem
947 2425 1132 2498 aequalisest
1148 2424 1242 2479 Eilius
1266 2425 1356 2478 Patri.
1373 2423 1473 2478 Habes
1498 2425 1528 2478 in
1544 2423 1706 2496 Evangelio

85 2527 122 2569 es
134 2518 224 2582 sunt;
240 2514 382 2584 scriptum
394 2518 440 2568 est
450 2515 546 2569 enim:
566 2537 577 2562 ι
595 2513 667 2579 Quis
677 2515 817 2587 glorieris
873 2515 951 2586 quod
968 2513 1063 2570 ludaei
1079 2514 1335 2586 persequebantur
1348 2527 1435 2580 eum:
1451 2512 1519 2584 quia
1535 2512 1706 2567 nouaclum

85 2602 145 2671 itia,
157 2602 208 2672 qui
218 2605 325 2672 potens
337 2617 370 2656 es
381 2603 677 2674 ininiquitate(Psal.
689 2621 727 2673 ur,
739 2603 788 2671 df?
804 2627 816 2652 ι
875 2603 1012 2658 solvebat
1031 2603 1203 2672 Sabbatum,
1227 2603 1280 2657 sed
1296 2604 1325 2657 et
1349 2601 1465 2656 Patrem
1481 2616 1568 2657 suum
1590 2601 1707 2657 dicebat

85 2688 119 2747 ii:
133 2711 145 2739 ι
157 2688 231 2744 Cum
249 2689 393 2760 infirmor,
406 2694 475 2745 tune
494 2695 599 2760 potens
620 2708 686 2747 sum
697 2693 734 2761 (ll
749 2692 817 2748 Cor.
876 2690 980 2761 Deum,
992 2691 1135 2763 aequalem
1146 2689 1301 2746 selacieus
1312 2689 1374 2745 Deo
1384 2689 1479 2758 (leam.
1491 2706 1520 2759 v,
1534 2688 1605 2755 118).
1621 2688 1706 2755 Quod

85 2782 103 2845 ).
116 2801 128 2827 ι
141 2778 644 2850 llludaterequiro,utooniitearis
663 2780 819 2836 Dominum
849 2801 852 2806 ·
876 2795 949 2852 ergo
963 2779 1046 2852 impii
1069 2782 1284 2851 persequentes
1307 2777 1441 2833 confessi
1465 2780 1544 2850 sunt,
1568 2792 1625 2833 nos
1641 2793 1708 2834 cre·

85 2881 132 2923 em
140 2881 210 2922 esse
218 2867 370 2922 Christum
381 2866 433 2922 Dei
456 2866 580 2923 Filium:
597 2872 647 2923 uut
667 2869 695 2924 si
712 2884 817 2942 neges,
876 2869 979 2923 dentes
994 2882 1105 2939 negare
1120 2884 1179 2923 non
1194 2883 1367 2938 possumus.
1385 2886 1397 2916 ιι

85 2954 184 3010 i.Nam
196 2955 246 3026 qui
261 2970 350 3009 unam
363 2955 522 3026 potentiam
537 2957 604 3011 dico
620 2957 715 3012 Patris
731 2962 759 3013 et
773 2956 820 3011 Ei·
911 2956 1260 3026 Ambrosiusepiscopus
1271 2955 1359 3010 dixit:
1372 2953 1408 3009 Et
1421 2955 1492 3010 alibi
1508 2954 1616 3011 babes:
1632 2954 1709 3022 «Qui

85 3041 213 3099 :Filium
228 3043 281 3098 Dei
296 3043 363 3098 dico
379 3047 527 3115 potentem
549 3045 626 3100 sicut
649 3050 678 3101 et
693 3045 818 3102 Patrem.
877 3061 943 3100 cum
954 3048 1036 3101 esset
1046 3045 1076 3099 in
1087 3045 1180 3100 torma
1191 3045 1255 3114 Dei,
1267 3059 1326 3099 non
1344 3043 1476 3114 rapinam
1493 3043 1652 3099 arbitratus
1663 3047 1710 3100 est

85 3146 111 3189 aa
126 3147 201 3204 orgo
210 3132 344 3187 confiteri
354 3132 510 3187 Dominum
520 3136 668 3203 potentem
686 3148 756 3190 esse
767 3134 821 3190 Dei
852 3167 858 3179 ·
876 3149 946 3189 esse
958 3149 991 3190 se
1002 3133 1146 3206 oequalem
1156 3133 1218 3188 Deo
1231 3148 1239 3203 3
1253 3133 1307 3187 sed
1316 3133 1509 3202 semetipsum
1529 3133 1708 3204 exinanivit,

85 3235 105 3276 r.
120 3244 133 3270 ιι
836 3181 1002 3279 Gformam
1013 3220 1267 3291 serviaccipiens,
1277 3221 1307 3276 in
1317 3220 1540 3275 similitudinem
1558 3219 1708 3276 hominurn

85 3308 174 3367 adius
184 3309 274 3365 dixit:
295 3309 637 3379 idemdixi,secundum
648 3311 821 3382 disputatio·
877 3311 984 3382 iaetus,
1002 3310 1249 3381 obediensusque
1264 3309 1300 3363 ad
1310 3312 1433 3364 mortem
1445 3308 1586 3380 (Philipp.
1602 3325 1632 3379 rr,
1644 3307 1682 3378 6).
1696 3331 1708 3357 ιι

85 3399 564 3469 proutpossumus,respondemus
572 3399 822 3468 vob1s3vosenim
878 3400 913 3454 Et
928 3399 1056 3455 addidit:
1076 3421 1087 3447 ι
1104 3398 1196 3454 Vides
1211 3399 1279 3470 quia
1294 3398 1324 3452 in
1341 3397 1434 3452 forma
1449 3396 1501 3452 Dei
1512 3397 1636 3469 aequalis
1652 3397 1714 3452 esti

85 3484 224 3542 iltieesse
236 3487 355 3558 judices
368 3502 376 3544 :
388 3503 443 3542 vos
459 3487 623 3559 litigatores
635 3503 704 3543 esse
719 3489 820 3557 vultis,
878 3488 913 3544 Et
932 3511 943 3536 ι
961 3487 1096 3558 sormam,
1122 3487 1226 3558 inquit,
1252 3486 1332 3542 servi
1351 3487 1465 3557 accepit
1487 3485 1575 3558 (ibid.
1592 3485 1631 3556 Ἰ).
1649 3509 1660 3534 ι
1677 3485 1711 3542 ln

85 3575 159 3631 robis
174 3576 391 3646 respondemus
408 3592 496 3645 nuuc,
512 3576 566 3631 sed
581 3577 612 3631 in
626 3577 751 3633 concilio
767 3593 821 3650 ge·
879 3594 938 3651 quo
953 3592 1027 3651 ergo
1055 3576 1152 3632 minor
1166 3577 1236 3631 est?
1263 3574 1431 3631 Secundum
1458 3574 1582 3630 formam
1599 3575 1712 3647 ⁸utique

97 3664 227 3735 etpleno
242 3665 489 3736 respondebimus
504 3665 601 3720 vobis.
880 3665 972 3735 servi,
989 3680 1048 3720 non
1066 3665 1160 3720 Dei·
1257 3717 1260 3724 .

85 3751 204 3809 brosius
220 3753 381 3823 episcopus
399 3753 490 3809 dixit:
511 3753 696 3809 «Anatbema
707 3754 760 3825 illi,
772 3755 823 3826 qui
915 3754 1065 3810 Eusebius
1076 3753 1237 3824 episcopus
1249 3753 1341 3809 dixit:
1359 3752 1466 3809 «Sicut
1482 3753 1512 3808 in
1524 3752 1710 3808 formaserai

95 3839 251 3898 Dominum
265 3844 415 3912 potentem
435 3840 596 3898 Christum.
615 3863 627 3893 ι
880 3844 1070 3912 constitutus,
1091 3841 1216 3898 inferior
1232 3857 1322 3898 servo
1337 3857 1396 3897 non
1420 3840 1494 3898 luit:
1511 3842 1551 3896 ita
1565 3842 1595 3897 in
1618 3840 1713 3913 torma

85 3943 137 3985 nes
152 3930 286 4000 episcopi
301 3930 455 3985 dixerunt:
474 3953 486 3978 ι
503 3930 675 3987 anathema.
694 3955 706 3981 ιι
880 3933 935 3988 Dei
950 3932 1138 4002 constitutus,
1155 3930 1279 3986 inferior
1294 3932 1355 3987 Deo
1366 3946 1435 3987 esse
1451 3946 1510 3986 non
1524 3931 1628 4001 potuit.
1646 3954 1657 3981 ι

88 4016 160 4074 ltem
175 4019 329 4074 recitatum
346 4023 410 4074 est:
428 4039 440 4071 ι
457 4018 559 4075 Solum
582 4023 740 4091 potentem,
762 4036 824 4077 om·
916 4022 961 4077 36.
978 4021 1127 4076 Abrosius
1156 4020 1317 4092 episcopus
1344 4021 1433 4077 dixit:
1453 4043 1464 4069 ιι
1495 4020 1615 4077 Autdic
1644 4021 1714 4094 quia

87 4104 228 4185 indicem.
247 4130 258 4155 ι
286 4115 289 4118 ’
881 4110 1047 4167 secundum
1061 4111 1243 4166 divinitatem
1258 4111 1356 4166 minor
1369 4114 1415 4166 est
1432 4110 1523 4166 Filius
1545 4110 1598 4166 Dei
1613 4109 1681 4182 (57).
1700 4133 1711 4159 ι

84 4192 179 4252 ladius
204 4195 296 4251 dixit:
321 4194 458 4251 Omnium
479 4196 612 4269 judicem
635 4198 742 4255 Filium
760 4199 824 4255 Dei.
915 4199 1065 4256 Palladius
1082 4199 1172 4254 dixit:
1192 4200 1308 4254 «Pater
1320 4198 1417 4272 major
1431 4202 1516 4255 est.»

85 4283 184 4355 uidet,
200 4284 307 4356 estqui
321 4285 427 4354 accipit
441 4285 507 4356 (56).
527 4310 538 4334 ιι
916 4288 1098 4344 Ambrosius
1122 4289 1283 4361 episcopus
1307 4288 1399 4344 dixit:
1418 4310 1430 4336 ι
1454 4287 1623 4344 Secundum
1647 4302 1714 4343 oar·

85 4370 208 4431 brosius
224 4374 487 4445 episcopusdixit:
502 4394 514 4424 ι
532 4374 721 4449 Pergraiiam
736 4377 825 4448 dedit,
881 4393 959 4434 nem.
978 4400 989 4428 ι

88 4477 125 4519 aa
146 4477 202 4534 per
216 4463 372 4518 naturam?
400 4461 436 4518 Et
450 4462 620 4520 hominibus
649 4464 822 4537 daturjudi·
917 4467 1067 4523 Palladius
1091 4467 1180 4522 dixit:
1204 4466 1288 4531 «Qui
1303 4481 1349 4522 me
1377 4465 1466 4534 misit,
1484 4461 1580 4535 major
1606 4466 1652 4518 est
1666 4477 1713 4518 me

85 4571 113 4602 ι·
841 4536 978 4628 Uticae.
993 4571 1055 4625 xiv,
1080 4555 1135 4626 28).
1153 4554 1227 4610 Caro
1252 4556 1345 4610 missa
1359 4557 1406 4609 est
1423 4568 1440 4607 n
1462 4552 1534 4623 Deo,
1560 4555 1609 4607 aut
1623 4550 1713 4608 Filius

85 4637 181 4695 ladius
196 4639 289 4711 dixit3
316 4663 326 4687 ι
358 4639 475 4696 Patrem
502 4640 646 4713 maiorem
673 4643 760 4716 dicis,
790 4660 827 4699 an
882 4646 984 4701 Deiii

918 4733 1096 4791 Ambrosius
1107 4731 1371 4804 episcopusdixit:
1390 4752 1401 4777 ιι
1419 4728 1533 4786 Falsari
1547 4727 1660 4784 avobis
1676 4725 1717 4784 di·

85 4813 213 4874 ibroeius
228 4818 389 4889 episeopus
404 4815 495 4875 dixit:
514 4842 525 4867 ιι
542 4819 649 4876 Postea
663 4823 827 4893 responde·
853 4878 856 4885 ,
882 4825 969 4878 vines
991 4822 1161 4892 Scripturas
1190 4820 1278 4876 hodie
1299 4819 1548 4891 comprobamus:
1576 4818 1621 4874 sic
1636 4818 1715 4873 enim

85 4905 142 4962 ti·
883 4913 1027 4983 scriptum
1054 4912 1119 4966 est:
1147 4910 1283 4964 «Pacem
1306 4925 1400 4964 meam
1417 4909 1454 4964 do
1484 4908 1582 4978 vobis,
1611 4923 1715 4979 pacem

85 4992 182 5051 ladius
198 4995 287 5051 dixit:
307 5018 317 5044 ι
337 4994 400 5068 Ego
416 4996 469 5053 tibi
484 5013 543 5053 non
559 4999 718 5072 respondo,
734 4999 760 5055 si
770 5014 830 5055 non
883 5017 978 5056 meam
986 4999 1121 5070 relinquo
1131 4997 1716 5068 vobis.Nonturbeturcorvestrum(58)t

85 5083 162 5142 indes
177 5085 290 5140 mibi.»
883 5107 943 5147 non
966 5088 1114 5162 quomodo
1138 5087 1187 5143 bic
1201 5097 1330 5144 muudus
1352 5088 1410 5169 dat,
1433 5103 1490 5160 ego
1518 5088 1556 5143 do
1571 5087 1669 5144 vobis.
1686 5085 1717 5142 Si

85 5225 192 5295 iliam.
210 5227 292 5283 edit..
310 5251 321 5276 ιι
350 5228 455 5285 Filium
481 5229 608 5285 Deinon
632 5232 827 5286 confitetur.»
920 5231 1027 5305 (setta
1045 5230 1118 5286 Tell.
1136 5233 1164 5286 et
1178 5230 1293 5299 Lnbb.;
1321 5235 1351 5285 at
1365 5232 1450 5286 Rom.
1467 5230 1536 5286 edit.
1562 5228 1714 5298 etenim,

85 5297 215 5367 >Eadem
231 5300 300 5354 edit.
315 5300 418 5382 diem,
442 5300 536 5377 Eilius
561 5303 615 5356 Dei
631 5302 711 5358 Deus
725 5307 830 5372 potens
886 5305 1006 5360 «Filius
1032 5304 1127 5357 Patre.
1142 5323 1154 5353 ι
1170 5301 1315 5358 Continuo
1336 5317 1407 5357 vero
1435 5304 1514 5373 post,
1530 5317 1584 5384 pro
1601 5324 1613 5383 ιι
1632 5301 1716 5354 Pater

85 5371 204 5425 maon?
235 5371 406 5426 »Etmtrax
439 5372 549 5427 «Deus
574 5389 646 5446 ergo
673 5374 833 5429 bonusest
885 5375 1062 5458 maiorem:
1080 5396 1091 5423 ι
1111 5374 1197 5429 Rom.
1214 5375 1284 5429 edit.
1300 5374 1376 5444 sola,
1395 5395 1406 5425 ι
1423 5375 1636 5444 Pater,1nqu1t,
1652 5384 1715 5425 ma·

85 5454 102 5575 l·
118 5462 209 5569 lium.
225 5513 308 5583 edit,
341 5513 476 5570 «Filium
500 5514 554 5570 Dei
577 5515 748 5586 profitetur:
777 5514 832 5570 sed
880 5459 998 5588 'olbltllz
1007 5449 1232 5573 eNsffiurhemr
1247 5532 1303 5573 oor
1323 5519 1492 5585 vestrum„
1517 5514 1634 5569 sicutet
1649 5524 1716 5567 ver.

85 5584 157 5657 wat,
172 5583 225 5659 qui
239 5584 307 5659 det3
324 5587 354 5644 et
368 5585 462 5645 Eiliua
476 5589 533 5660 est,
549 5587 599 5659 qui
614 5587 728 5662 recipit.
747 5610 758 5636 ·
884 5588 957 5647 bum
970 5586 1037 5649 dixi
1049 5591 1117 5647 ante
1135 5589 1219 5662 rado,
1229 5589 1264 5646 in
1279 5589 1347 5647 edit.
1365 5590 1451 5647 Rom.
1467 5584 1660 5643 desideretur.
