<?xml version="1.0" encoding="UTF-8"?>
<!DOCTYPE html PUBLIC "-//W3C//DTD XHTML 1.0 Transitional//EN"
    "http://www.w3.org/TR/xhtml1/DTD/xhtml1-transitional.dtd">
<html xmlns="http://www.w3.org/1999/xhtml" xml:lang="en" lang="en">
 <head>
  <title>
</title>
<meta http-equiv="Content-Type" content="text/html;charset=utf-8" />
  <meta name='ocr-system' content='tesseract 3.04.00' />
  <meta name='ocr-capabilities' content='ocr_page ocr_carea ocr_par ocr_line ocrx_word'/>
</head>
<body>
  <div class='ocr_page' id='page_1' title='image "./patrologiaecurs70unkngoog/patrologiaecurs70unkngoog_0536.png"; bbox 0 0 3900 6128; ppageno 0'>
   <div class='ocr_carea' id='block_1_1' title="bbox 108 339 189 416">
    <p class='ocr_par' dir='ltr' id='par_1_1' title="bbox 108 339 189 416">
     <span class='ocr_line' id='line_1_1' title="bbox 108 339 189 416; baseline 0.025 -2"><span class='ocrx_word' id='word_1_1' title='bbox 108 339 189 416; x_wconf 80' lang='grc'>1069</span> 
     </span>
    </p>
   </div>
   <div class='ocr_carea' id='block_1_2' title="bbox 704 326 1231 407">
    <p class='ocr_par' dir='ltr' id='par_1_2' title="bbox 704 326 1231 407">
     <span class='ocr_line' id='line_1_2' title="bbox 704 326 1231 407; baseline -0.019 0"><span class='ocrx_word' id='word_1_2' title='bbox 704 329 1005 407; x_wconf 79' lang='lat' dir='ltr'>EPISTULARUM</span> <span class='ocrx_word' id='word_1_3' title='bbox 1021 326 1188 402; x_wconf 74' lang='lat' dir='ltr'>cbassls</span> <span class='ocrx_word' id='word_1_4' title='bbox 1207 331 1231 397; x_wconf 92' lang='lat'>1.</span> 
     </span>
    </p>
   </div>
   <div class='ocr_carea' id='block_1_3' title="bbox 107 522 1836 613">
    <p class='ocr_par' dir='ltr' id='par_1_3' title="bbox 107 522 1836 613">
     <span class='ocr_line' id='line_1_3' title="bbox 107 522 1836 613; baseline -0.012 -6"><span class='ocrx_word' id='word_1_5' title='bbox 107 552 287 608; x_wconf 75' lang='lat' dir='ltr'>sessionem.</span> <span class='ocrx_word' id='word_1_6' title='bbox 303 547 416 604; x_wconf 92' lang='lat' dir='ltr'>Invitus</span> <span class='ocrx_word' id='word_1_7' title='bbox 432 545 507 602; x_wconf 84' lang='lat' dir='ltr'>dixit</span> <span class='ocrx_word' id='word_1_8' title='bbox 525 545 672 613; x_wconf 87' lang='lat' dir='ltr'>diabotus,</span> <span class='ocrx_word' id='word_1_9' title='bbox 699 544 752 599; x_wconf 90' lang='lat' dir='ltr'>sed</span> <span class='ocrx_word' id='word_1_10' title='bbox 774 544 895 598; x_wconf 88' lang='lat' dir='ltr'>exactus</span> <span class='ocrx_word' id='word_1_11' title='bbox 920 522 987 596; x_wconf 81' lang='grc' dir='ltr'>61Ᾱ</span> <span class='ocrx_word' id='word_1_12' title='bbox 1040 553 1102 610; x_wconf 81' lang='lat' dir='ltr'>quae</span> <span class='ocrx_word' id='word_1_13' title='bbox 1117 535 1195 591; x_wconf 89' lang='lat' dir='ltr'>diem</span> <span class='ocrx_word' id='word_1_14' title='bbox 1208 533 1359 606; x_wconf 76' lang='lat' dir='ltr'><em>passionis</em></span> <span class='ocrx_word' id='word_1_15' title='bbox 1375 549 1408 587; x_wconf 87' lang='lat' dir='ltr'>ec</span> <span class='ocrx_word' id='word_1_16' title='bbox 1423 533 1501 588; x_wconf 89' lang='lat' dir='ltr'>diem</span> <span class='ocrx_word' id='word_1_17' title='bbox 1521 530 1758 587; x_wconf 86' lang='lat' dir='ltr'>resurrectionis</span> <span class='ocrx_word' id='word_1_18' title='bbox 1777 530 1836 586; x_wconf 90' lang='lat' dir='ltr'>dis·</span> 
     </span>
    </p>
   </div>
   <div class='ocr_carea' id='block_1_4' title="bbox 108 629 951 1676">
    <p class='ocr_par' dir='ltr' id='par_1_4' title="bbox 108 629 951 1676">
     <span class='ocr_line' id='line_1_4' title="bbox 108 629 947 708; baseline -0.018 -11"><span class='ocrx_word' id='word_1_19' title='bbox 108 644 218 697; x_wconf 86' lang='lat' dir='ltr'>tortus.</span> <span class='ocrx_word' id='word_1_20' title='bbox 235 637 318 703; x_wconf 86' lang='lat' dir='ltr'>Quod</span> <span class='ocrx_word' id='word_1_21' title='bbox 333 636 463 708; x_wconf 73' lang='lat' dir='ltr'>nequitia</span> <span class='ocrx_word' id='word_1_22' title='bbox 479 634 645 705; x_wconf 75' lang='lat' dir='ltr'>supprimit,</span> <span class='ocrx_word' id='word_1_23' title='bbox 667 633 823 702; x_wconf 78' lang='lat' dir='ltr'><strong>extorquet</strong></span> <span class='ocrx_word' id='word_1_24' title='bbox 839 629 947 701; x_wconf 85' lang='lat' dir='ltr'>injuria</span> 
     </span>
     <span class='ocr_line' id='line_1_5' title="bbox 112 720 947 801; baseline -0.017 -16"><span class='ocrx_word' id='word_1_25' title='bbox 112 729 163 801; x_wconf 87' lang='grc'>(3).</span> <span class='ocrx_word' id='word_1_26' title='bbox 180 727 265 784; x_wconf 89' lang='lat' dir='ltr'>Cedit</span> <span class='ocrx_word' id='word_1_27' title='bbox 286 726 423 782; x_wconf 88' lang='lat' dir='ltr'>diabolus</span> <span class='ocrx_word' id='word_1_28' title='bbox 447 725 555 796; x_wconf 82' lang='lat' dir='ltr'>plagis,</span> <span class='ocrx_word' id='word_1_29' title='bbox 582 726 610 777; x_wconf 91' lang='lat' dir='ltr'>et</span> <span class='ocrx_word' id='word_1_30' title='bbox 631 721 727 776; x_wconf 90' lang='lat' dir='ltr'>adhuc</span> <span class='ocrx_word' id='word_1_31' title='bbox 752 720 856 774; x_wconf 79' lang='lat' dir='ltr'>cedere</span> <span class='ocrx_word' id='word_1_32' title='bbox 876 734 947 772; x_wconf 92' lang='lat' dir='ltr'>aes-</span> 
     </span>
     <span class='ocr_line' id='line_1_6' title="bbox 111 807 946 884; baseline -0.017 -10"><span class='ocrx_word' id='word_1_33' title='bbox 111 819 195 874; x_wconf 90' lang='lat' dir='ltr'>ciunt</span> <span class='ocrx_word' id='word_1_34' title='bbox 210 815 323 872; x_wconf 79' lang='lat' dir='ltr'>Ariani.</span> <span class='ocrx_word' id='word_1_35' title='bbox 340 813 451 880; x_wconf 87' lang='lat' dir='ltr'>Quanta</span> <span class='ocrx_word' id='word_1_36' title='bbox 467 811 604 884; x_wconf 75' lang='lat' dir='ltr'>perpessi</span> <span class='ocrx_word' id='word_1_37' title='bbox 620 814 699 879; x_wconf 90' lang='lat' dir='ltr'>sunt,</span> <span class='ocrx_word' id='word_1_38' title='bbox 717 807 946 880; x_wconf 90' lang='lat' dir='ltr'>etquemadmo-</span> 
     </span>
     <span class='ocr_line' id='line_1_7' title="bbox 111 895 947 975; baseline -0.017 -12"><span class='ocrx_word' id='word_1_39' title='bbox 111 908 182 963; x_wconf 91' lang='lat' dir='ltr'>dum</span> <span class='ocrx_word' id='word_1_40' title='bbox 197 907 324 975; x_wconf 91' lang='lat' dir='ltr'>Pharao,</span> <span class='ocrx_word' id='word_1_41' title='bbox 341 904 428 958; x_wconf 88' lang='lat' dir='ltr'>malis</span> <span class='ocrx_word' id='word_1_42' title='bbox 444 903 508 958; x_wconf 90' lang='lat' dir='ltr'>suis</span> <span class='ocrx_word' id='word_1_43' title='bbox 525 897 712 955; x_wconf 89' lang='lat' dir='ltr'>induranturt</span> <span class='ocrx_word' id='word_1_44' title='bbox 740 897 861 952; x_wconf 76' lang='lat' dir='ltr'>Dicebat</span> <span class='ocrx_word' id='word_1_45' title='bbox 883 895 947 950; x_wconf 90' lang='lat' dir='ltr'>dia-</span> 
     </span>
     <span class='ocr_line' id='line_1_8' title="bbox 110 985 948 1065; baseline -0.017 -13"><span class='ocrx_word' id='word_1_46' title='bbox 110 996 212 1065; x_wconf 91' lang='lat' dir='ltr'>bolus,</span> <span class='ocrx_word' id='word_1_47' title='bbox 229 999 261 1051; x_wconf 92' lang='lat' dir='ltr'>ut</span> <span class='ocrx_word' id='word_1_48' title='bbox 275 994 419 1064; x_wconf 89' lang='lat' dir='ltr'>seriptum</span> <span class='ocrx_word' id='word_1_49' title='bbox 435 991 574 1063; x_wconf 81' lang='lat' dir='ltr'>legimus,</span> <span class='ocrx_word' id='word_1_50' title='bbox 593 1012 604 1037; x_wconf 78' lang='lat' dir='ltr'>a</span> <span class='ocrx_word' id='word_1_51' title='bbox 630 988 698 1044; x_wconf 88' lang='lat' dir='ltr'>Soio</span> <span class='ocrx_word' id='word_1_52' title='bbox 714 991 742 1042; x_wconf 92' lang='lat' dir='ltr'>te</span> <span class='ocrx_word' id='word_1_53' title='bbox 757 987 829 1059; x_wconf 84' lang='lat' dir='ltr'>quis</span> <span class='ocrx_word' id='word_1_54' title='bbox 841 985 896 1052; x_wconf 90' lang='lat' dir='ltr'>sis,</span> <span class='ocrx_word' id='word_1_55' title='bbox 917 987 948 1039; x_wconf 94' lang='lat' dir='ltr'>tu</span> 
     </span>
     <span class='ocr_line' id='line_1_9' title="bbox 111 1072 946 1151; baseline -0.019 -10"><span class='ocrx_word' id='word_1_56' title='bbox 111 1101 146 1141; x_wconf 93' lang='lat' dir='ltr'>es</span> <span class='ocrx_word' id='word_1_57' title='bbox 163 1084 260 1140; x_wconf 76' lang='lat' dir='ltr'>Pilius</span> <span class='ocrx_word' id='word_1_58' title='bbox 275 1083 328 1138; x_wconf 92' lang='lat' dir='ltr'>Dei</span> <span class='ocrx_word' id='word_1_59' title='bbox 342 1083 403 1137; x_wconf 90' lang='lat' dir='ltr'>vivi</span> <span class='ocrx_word' id='word_1_60' title='bbox 419 1081 526 1151; x_wconf 89' lang='lat' dir='ltr'>(Marc.</span> <span class='ocrx_word' id='word_1_61' title='bbox 543 1096 562 1149; x_wconf 86' lang='lat'>1,</span> <span class='ocrx_word' id='word_1_62' title='bbox 577 1079 634 1148; x_wconf 76' lang='grc'>31).</span> <span class='ocrx_word' id='word_1_63' title='bbox 654 1100 665 1126; x_wconf 69' lang='lat' dir='ltr'>a</span> <span class='ocrx_word' id='word_1_64' title='bbox 683 1075 826 1131; x_wconf 80' lang='lat' dir='ltr'>Dicebant</span> <span class='ocrx_word' id='word_1_65' title='bbox 841 1072 946 1142; x_wconf 67' lang='lat' dir='ltr'>iudaei,</span> 
     </span>
     <span class='ocr_line' id='line_1_10' title="bbox 112 1160 947 1244; baseline -0.02 -13"><span class='ocrx_word' id='word_1_66' title='bbox 112 1171 420 1244; x_wconf 76' lang='lat' dir='ltr'>uNescimusquissit</span> <span class='ocrx_word' id='word_1_67' title='bbox 435 1168 530 1240; x_wconf 79' lang='lat' dir='ltr'>(loen.</span> <span class='ocrx_word' id='word_1_68' title='bbox 547 1185 588 1239; x_wconf 87' lang='lat' dir='ltr'>ax,</span> <span class='ocrx_word' id='word_1_69' title='bbox 605 1166 662 1236; x_wconf 79' lang='lat'>⁶29).</span> <span class='ocrx_word' id='word_1_70' title='bbox 677 1163 844 1220; x_wconf 80' lang='lat' dir='ltr'>»Dicebant</span> <span class='ocrx_word' id='word_1_71' title='bbox 859 1160 947 1216; x_wconf 89' lang='lat' dir='ltr'>hodio</span> 
     </span>
     <span class='ocr_line' id='line_1_11' title="bbox 110 1248 949 1334; baseline -0.019 -15"><span class='ocrx_word' id='word_1_72' title='bbox 110 1267 141 1320; x_wconf 89' lang='lat' dir='ltr'>et</span> <span class='ocrx_word' id='word_1_73' title='bbox 157 1263 312 1334; x_wconf 87' lang='lat' dir='ltr'>superiore</span> <span class='ocrx_word' id='word_1_74' title='bbox 328 1261 375 1315; x_wconf 92' lang='lat' dir='ltr'>die</span> <span class='ocrx_word' id='word_1_75' title='bbox 390 1258 437 1314; x_wconf 91' lang='lat' dir='ltr'>vel</span> <span class='ocrx_word' id='word_1_76' title='bbox 452 1260 539 1315; x_wconf 91' lang='lat' dir='ltr'>nocte</span> <span class='ocrx_word' id='word_1_77' title='bbox 554 1257 706 1312; x_wconf 83' lang='lat' dir='ltr'>daemones</span> <span class='ocrx_word' id='word_1_78' title='bbox 722 1269 728 1309; x_wconf 93' lang='lat'>:</span> <span class='ocrx_word' id='word_1_79' title='bbox 745 1252 863 1307; x_wconf 77' lang='lat' dir='ltr'>Scimus</span> <span class='ocrx_word' id='word_1_80' title='bbox 880 1248 949 1321; x_wconf 92' lang='lat' dir='ltr'>quia</span> 
     </span>
     <span class='ocr_line' id='line_1_12' title="bbox 111 1341 949 1423; baseline -0.019 -16"><span class='ocrx_word' id='word_1_81' title='bbox 111 1354 261 1423; x_wconf 75' lang='lat' dir='ltr'>martyres</span> <span class='ocrx_word' id='word_1_82' title='bbox 277 1349 361 1406; x_wconf 87' lang='lat' dir='ltr'>estis.</span> <span class='ocrx_word' id='word_1_83' title='bbox 387 1347 423 1403; x_wconf 81' lang='lat' dir='ltr'>Et</span> <span class='ocrx_word' id='word_1_84' title='bbox 442 1345 542 1404; x_wconf 75' lang='lat' dir='ltr'>Ariani</span> <span class='ocrx_word' id='word_1_85' title='bbox 558 1345 659 1402; x_wconf 90' lang='lat' dir='ltr'>dicunt</span> <span class='ocrx_word' id='word_1_86' title='bbox 676 1359 682 1398; x_wconf 95' lang='lat'>:</span> <span class='ocrx_word' id='word_1_87' title='bbox 699 1341 870 1409; x_wconf 85' lang='lat' dir='ltr'>Nescimus,</span> <span class='ocrx_word' id='word_1_88' title='bbox 894 1353 949 1392; x_wconf 91' lang='lat' dir='ltr'>no·</span> 
     </span>
     <span class='ocr_line' id='line_1_13' title="bbox 110 1429 949 1511; baseline -0.019 -15"><span class='ocrx_word' id='word_1_89' title='bbox 110 1441 213 1497; x_wconf 89' lang='lat' dir='ltr'>tumus</span> <span class='ocrx_word' id='word_1_90' title='bbox 229 1439 405 1511; x_wconf 81' lang='lat' dir='ltr'>intelligere,</span> <span class='ocrx_word' id='word_1_91' title='bbox 421 1435 560 1491; x_wconf 89' lang='lat' dir='ltr'>nolumus</span> <span class='ocrx_word' id='word_1_92' title='bbox 576 1433 707 1489; x_wconf 90' lang='lat' dir='ltr'>credere.</span> <span class='ocrx_word' id='word_1_93' title='bbox 725 1429 949 1485; x_wconf 75' lang='lat' dir='ltr'>Dicuatdaemo·</span> 
     </span>
     <span class='ocr_line' id='line_1_14' title="bbox 112 1514 949 1600; baseline -0.023 -14"><span class='ocrx_word' id='word_1_94' title='bbox 112 1546 170 1586; x_wconf 88' lang='lat' dir='ltr'>nes</span> <span class='ocrx_word' id='word_1_95' title='bbox 184 1527 385 1600; x_wconf 69' lang='lat' dir='ltr'>martyribus:</span> <span class='ocrx_word' id='word_1_96' title='bbox 396 1523 528 1580; x_wconf 87' lang='lat' dir='ltr'>Venistis</span> <span class='ocrx_word' id='word_1_97' title='bbox 543 1522 667 1594; x_wconf 91' lang='lat' dir='ltr'>perdere</span> <span class='ocrx_word' id='word_1_98' title='bbox 682 1535 754 1589; x_wconf 88' lang='lat' dir='ltr'>uos;</span> <span class='ocrx_word' id='word_1_99' title='bbox 777 1515 879 1573; x_wconf 89' lang='lat' dir='ltr'>ltriani</span> <span class='ocrx_word' id='word_1_100' title='bbox 903 1514 949 1569; x_wconf 92' lang='lat' dir='ltr'>di-</span> 
     </span>
     <span class='ocr_line' id='line_1_15' title="bbox 112 1603 951 1676; baseline -0.02 -1"><span class='ocrx_word' id='word_1_101' title='bbox 112 1618 279 1675; x_wconf 79' lang='lat' dir='ltr'>cunt1Noa</span> <span class='ocrx_word' id='word_1_102' title='bbox 294 1617 364 1672; x_wconf 91' lang='lat' dir='ltr'>sunt</span> <span class='ocrx_word' id='word_1_103' title='bbox 379 1615 546 1670; x_wconf 78' lang='lat' dir='ltr'>daemonum</span> <span class='ocrx_word' id='word_1_104' title='bbox 562 1627 632 1666; x_wconf 91' lang='lat' dir='ltr'>vera</span> <span class='ocrx_word' id='word_1_105' title='bbox 646 1611 801 1676; x_wconf 90' lang='lat' dir='ltr'>tormenta,</span> <span class='ocrx_word' id='word_1_106' title='bbox 819 1605 872 1661; x_wconf 91' lang='lat' dir='ltr'>scd</span> <span class='ocrx_word' id='word_1_107' title='bbox 884 1603 951 1658; x_wconf 89' lang='lat' dir='ltr'>lictu</span> 
     </span>
    </p>
   </div>
   <div class='ocr_carea' id='block_1_5' title="bbox 1041 600 1837 679">
    <p class='ocr_par' dir='ltr' id='par_1_5' title="bbox 1041 600 1837 679">
     <span class='ocr_line' id='line_1_16' title="bbox 1041 600 1837 679; baseline -0.008 -17"><span class='ocrx_word' id='word_1_108' title='bbox 1041 607 1219 679; x_wconf 76' lang='lat' dir='ltr'>tiapuendos</span> <span class='ocrx_word' id='word_1_109' title='bbox 1235 619 1303 659; x_wconf 89' lang='lat' dir='ltr'>esso</span> <span class='ocrx_word' id='word_1_110' title='bbox 1320 604 1370 658; x_wconf 87' lang='lat' dir='ltr'>ahi</span> <span class='ocrx_word' id='word_1_111' title='bbox 1384 602 1612 672; x_wconf 85' lang='lat' dir='ltr'>demonstravit,</span> <span class='ocrx_word' id='word_1_112' title='bbox 1629 600 1837 657; x_wconf 76' lang='lat' dir='ltr'>difficultates·</span> 
     </span>
    </p>
   </div>
   <div class='ocr_carea' id='block_1_6' title="bbox 1040 673 1930 752">
    <p class='ocr_par' dir='ltr' id='par_1_6' title="bbox 1040 673 1930 752">
     <span class='ocr_line' id='line_1_17' title="bbox 1040 673 1930 752; baseline -0.007 -20"><span class='ocrx_word' id='word_1_113' title='bbox 1040 695 1095 752; x_wconf 83' lang='lat' dir='ltr'>que</span> <span class='ocrx_word' id='word_1_114' title='bbox 1110 677 1197 732; x_wconf 80' lang='lat' dir='ltr'>diluit</span> <span class='ocrx_word' id='word_1_115' title='bbox 1213 676 1347 747; x_wconf 78' lang='lat' dir='ltr'>eaernplo</span> <span class='ocrx_word' id='word_1_116' title='bbox 1362 681 1523 746; x_wconf 85' lang='lat' dir='ltr'>temporum</span> <span class='ocrx_word' id='word_1_117' title='bbox 1537 674 1723 745; x_wconf 81' lang='lat' dir='ltr'>superiorum</span> <span class='ocrx_word' id='word_1_118' title='bbox 1739 673 1836 728; x_wconf 87' lang='lat' dir='ltr'>adlit·</span> <span class='ocrx_word' id='word_1_119' title='bbox 1924 719 1930 726; x_wconf 91' lang='lat'>.</span> 
     </span>
    </p>
   </div>
   <div class='ocr_carea' id='block_1_7' title="bbox 1042 743 1872 961">
    <p class='ocr_par' dir='ltr' id='par_1_7' title="bbox 1042 743 1872 961">
     <span class='ocr_line' id='line_1_18' title="bbox 1042 743 1835 805; baseline -0.006 -2"><span class='ocrx_word' id='word_1_120' title='bbox 1042 759 1136 805; x_wconf 88' lang='lat' dir='ltr'>teram</span> <span class='ocrx_word' id='word_1_121' title='bbox 1161 764 1214 802; x_wconf 88' lang='lat' dir='ltr'>nos</span> <span class='ocrx_word' id='word_1_122' title='bbox 1239 764 1294 803; x_wconf 91' lang='lat' dir='ltr'>aon</span> <span class='ocrx_word' id='word_1_123' title='bbox 1319 747 1418 801; x_wconf 87' lang='lat' dir='ltr'>teneri</span> <span class='ocrx_word' id='word_1_124' title='bbox 1441 745 1574 800; x_wconf 89' lang='lat' dir='ltr'>declarat</span> <span class='ocrx_word' id='word_1_125' title='bbox 1590 764 1599 798; x_wconf 91' lang='lat'><em>:</em></span> <span class='ocrx_word' id='word_1_126' title='bbox 1615 751 1644 799; x_wconf 90' lang='lat' dir='ltr'>et</span> <span class='ocrx_word' id='word_1_127' title='bbox 1659 743 1835 800; x_wconf 72' lang='lat' dir='ltr'>confirmata</span> 
     </span>
     <span class='ocr_line' id='line_1_19' title="bbox 1042 815 1872 891; baseline -0.006 -16"><span class='ocrx_word' id='word_1_128' title='bbox 1042 827 1101 877; x_wconf 85' lang='lat' dir='ltr'>tota</span> <span class='ocrx_word' id='word_1_129' title='bbox 1117 819 1326 891; x_wconf 87' lang='lat' dir='ltr'>disputatione,</span> <span class='ocrx_word' id='word_1_130' title='bbox 1348 818 1475 872; x_wconf 88' lang='lat' dir='ltr'>virtutes</span> <span class='ocrx_word' id='word_1_131' title='bbox 1498 815 1688 872; x_wconf 77' lang='lat' dir='ltr'>celebrandae</span> <span class='ocrx_word' id='word_1_132' title='bbox 1709 815 1837 871; x_wconf 72' lang='lat' dir='ltr'>Pascha)</span> <span class='ocrx_word' id='word_1_133' title='bbox 1867 836 1872 841; x_wconf 90' lang='lat'><strong>·</strong></span> 
     </span>
     <span class='ocr_line' id='line_1_20' title="bbox 1042 889 1436 961; baseline -0.008 -16"><span class='ocrx_word' id='word_1_134' title='bbox 1042 892 1232 947; x_wconf 87' lang='lat' dir='ltr'>necessarias</span> <span class='ocrx_word' id='word_1_135' title='bbox 1243 889 1436 961; x_wconf 77' lang='lat' dir='ltr'>perstriayit.</span> 
     </span>
    </p>
   </div>
   <div class='ocr_carea' id='block_1_8' title="bbox 1006 993 1840 1138">
    <p class='ocr_par' dir='ltr' id='par_1_8' title="bbox 1006 993 1840 1138">
     <span class='ocr_line' id='line_1_21' title="bbox 1006 993 1840 1066; baseline -0.004 -13"><span class='ocrx_word' id='word_1_136' title='bbox 1006 997 1140 1053; x_wconf 89' lang='lat' dir='ltr'>Dominis</span> <span class='ocrx_word' id='word_1_137' title='bbox 1156 996 1297 1051; x_wconf 84' lang='lat' dir='ltr'>tratribus</span> <span class='ocrx_word' id='word_1_138' title='bbox 1308 994 1512 1050; x_wconf 89' lang='lat' dir='ltr'>dilectissimis</span> <span class='ocrx_word' id='word_1_139' title='bbox 1523 993 1840 1066; x_wconf 85' lang='lat' dir='ltr'>episcopisperAEmi-</span> 
     </span>
     <span class='ocr_line' id='line_1_22' title="bbox 1102 1066 1734 1138; baseline -0.002 -17"><span class='ocrx_word' id='word_1_140' title='bbox 1102 1068 1171 1122; x_wconf 92' lang='lat' dir='ltr'>liam</span> <span class='ocrx_word' id='word_1_141' title='bbox 1186 1067 1355 1122; x_wconf 87' lang='lat' dir='ltr'>constitutis</span> <span class='ocrx_word' id='word_1_142' title='bbox 1370 1066 1548 1121; x_wconf 81' lang='lat' dir='ltr'>Ambrosius</span> <span class='ocrx_word' id='word_1_143' title='bbox 1563 1066 1734 1138; x_wconf 88' lang='lat' dir='ltr'>episcopus.</span> 
     </span>
    </p>
   </div>
   <div class='ocr_carea' id='block_1_9' title="bbox 1042 1172 1942 1244">
    <p class='ocr_par' dir='ltr' id='par_1_9' title="bbox 1042 1172 1942 1244">
     <span class='ocr_line' id='line_1_23' title="bbox 1042 1172 1942 1244; baseline 0 -16"><span class='ocrx_word' id='word_1_144' title='bbox 1042 1174 1068 1229; x_wconf 89' lang='grc'>1.</span> <span class='ocrx_word' id='word_1_145' title='bbox 1089 1174 1156 1230; x_wconf 88' lang='grc' dir='ltr'>Ν66</span> <span class='ocrx_word' id='word_1_146' title='bbox 1171 1173 1330 1240; x_wconf 83' lang='lat' dir='ltr'>mediocris</span> <span class='ocrx_word' id='word_1_147' title='bbox 1345 1188 1414 1229; x_wconf 89' lang='lat' dir='ltr'>esse</span> <span class='ocrx_word' id='word_1_148' title='bbox 1430 1173 1583 1244; x_wconf 88' lang='lat' dir='ltr'>sapientiae</span> <span class='ocrx_word' id='word_1_149' title='bbox 1608 1173 1686 1229; x_wconf 91' lang='lat' dir='ltr'>diem</span> <span class='ocrx_word' id='word_1_150' title='bbox 1710 1172 1839 1229; x_wconf 91' lang='lat' dir='ltr'>celebri·</span> <span class='ocrx_word' id='word_1_151' title='bbox 1936 1194 1942 1201; x_wconf 85' lang='lat'><em>·</em></span> 
     </span>
    </p>
   </div>
   <div class='ocr_carea' id='block_1_10' title="bbox 1006 1261 1844 1513">
    <p class='ocr_par' dir='ltr' id='par_1_10' title="bbox 1006 1261 1844 1513">
     <span class='ocr_line' id='line_1_24' title="bbox 1006 1261 1838 1334; baseline 0.002 -18"><span class='ocrx_word' id='word_1_152' title='bbox 1006 1264 1074 1317; x_wconf 88' lang='lat' dir='ltr'>tatis</span> <span class='ocrx_word' id='word_1_153' title='bbox 1090 1263 1212 1319; x_wconf 87' lang='lat' dir='ltr'>definire</span> <span class='ocrx_word' id='word_1_154' title='bbox 1227 1262 1378 1334; x_wconf 89' lang='lat' dir='ltr'>paschalis</span> <span class='ocrx_word' id='word_1_155' title='bbox 1394 1265 1422 1318; x_wconf 91' lang='grc'>61</span> <span class='ocrx_word' id='word_1_156' title='bbox 1436 1261 1587 1333; x_wconf 89' lang='lat' dir='ltr'>Scriptura</span> <span class='ocrx_word' id='word_1_157' title='bbox 1604 1263 1704 1318; x_wconf 92' lang='lat' dir='ltr'>divina</span> <span class='ocrx_word' id='word_1_158' title='bbox 1719 1278 1775 1318; x_wconf 90' lang='lat' dir='ltr'>nos</span> <span class='ocrx_word' id='word_1_159' title='bbox 1790 1263 1838 1318; x_wconf 91' lang='lat' dir='ltr'>in-</span> 
     </span>
     <span class='ocr_line' id='line_1_25' title="bbox 1008 1351 1842 1424; baseline -0.005 -16"><span class='ocrx_word' id='word_1_160' title='bbox 1008 1353 1105 1423; x_wconf 89' lang='lat' dir='ltr'>struit,</span> <span class='ocrx_word' id='word_1_161' title='bbox 1121 1357 1150 1408; x_wconf 91' lang='lat' dir='ltr'>et</span> <span class='ocrx_word' id='word_1_162' title='bbox 1169 1352 1284 1408; x_wconf 86' lang='lat' dir='ltr'>traditio</span> <span class='ocrx_word' id='word_1_163' title='bbox 1307 1351 1454 1423; x_wconf 87' lang='lat' dir='ltr'>majorum</span> <span class='ocrx_word' id='word_1_164' title='bbox 1471 1367 1478 1406; x_wconf 89' lang='lat'>:</span> <span class='ocrx_word' id='word_1_165' title='bbox 1494 1351 1545 1424; x_wconf 92' lang='lat' dir='ltr'>qui</span> <span class='ocrx_word' id='word_1_166' title='bbox 1566 1352 1779 1411; x_wconf 90' lang='lat' dir='ltr'>convenientes</span> <span class='ocrx_word' id='word_1_167' title='bbox 1804 1357 1842 1415; x_wconf 76' lang='lat' dir='ltr'>ad</span> 
     </span>
     <span class='ocr_line' id='line_1_26' title="bbox 1008 1441 1844 1513; baseline 0.005 -16"><span class='ocrx_word' id='word_1_168' title='bbox 1008 1442 1154 1513; x_wconf 78' lang='lat' dir='ltr'>synodum</span> <span class='ocrx_word' id='word_1_169' title='bbox 1169 1441 1224 1512; x_wconf 90' lang='grc'>(13)</span> <span class='ocrx_word' id='word_1_170' title='bbox 1240 1441 1402 1511; x_wconf 79' lang='lat' dir='ltr'>Nicoeuam,</span> <span class='ocrx_word' id='word_1_171' title='bbox 1418 1442 1495 1496; x_wconf 89' lang='lat' dir='ltr'>inter</span> <span class='ocrx_word' id='word_1_172' title='bbox 1510 1441 1580 1505; x_wconf 88' lang='lat'>881</span> <span class='ocrx_word' id='word_1_173' title='bbox 1599 1441 1649 1496; x_wconf 86' lang='lat' dir='ltr'>iila</span> <span class='ocrx_word' id='word_1_174' title='bbox 1664 1443 1733 1499; x_wconf 89' lang='lat' dir='ltr'>ssdei</span> <span class='ocrx_word' id='word_1_175' title='bbox 1747 1449 1779 1501; x_wconf 94' lang='lat' dir='ltr'>ut</span> <span class='ocrx_word' id='word_1_176' title='bbox 1793 1463 1844 1504; x_wconf 90' lang='lat' dir='ltr'>ve-</span> 
     </span>
    </p>
   </div>
   <div class='ocr_carea' id='block_1_11' title="bbox 1007 1528 1938 1601">
    <p class='ocr_par' dir='ltr' id='par_1_11' title="bbox 1007 1528 1938 1601">
     <span class='ocr_line' id='line_1_27' title="bbox 1007 1528 1938 1601; baseline 0.013 -20"><span class='ocrx_word' id='word_1_177' title='bbox 1007 1544 1050 1597; x_wconf 90' lang='lat' dir='ltr'>ra,</span> <span class='ocrx_word' id='word_1_178' title='bbox 1073 1528 1111 1582; x_wconf 86' lang='lat' dir='ltr'>ita</span> <span class='ocrx_word' id='word_1_179' title='bbox 1128 1529 1298 1583; x_wconf 89' lang='lat' dir='ltr'>admiranda</span> <span class='ocrx_word' id='word_1_180' title='bbox 1314 1529 1443 1599; x_wconf 88' lang='lat' dir='ltr'>decreta,</span> <span class='ocrx_word' id='word_1_181' title='bbox 1460 1531 1547 1584; x_wconf 89' lang='lat' dir='ltr'>etiam</span> <span class='ocrx_word' id='word_1_182' title='bbox 1563 1545 1655 1601; x_wconf 89' lang='lat' dir='ltr'>super</span> <span class='ocrx_word' id='word_1_183' title='bbox 1670 1532 1842 1592; x_wconf 83' lang='lat' dir='ltr'>celebritate</span> <span class='ocrx_word' id='word_1_184' title='bbox 1931 1534 1938 1555; x_wconf 72' lang='lat'>²</span> 
     </span>
    </p>
   </div>
   <div class='ocr_carea' id='block_1_12' title="bbox 1008 1617 1844 1693">
    <p class='ocr_par' dir='ltr' id='par_1_12' title="bbox 1008 1617 1844 1693">
     <span class='ocr_line' id='line_1_28' title="bbox 1008 1617 1844 1693; baseline 0.008 -21"><span class='ocrx_word' id='word_1_185' title='bbox 1008 1619 1169 1672; x_wconf 87' lang='lat' dir='ltr'>memorata</span> <span class='ocrx_word' id='word_1_186' title='bbox 1184 1617 1375 1689; x_wconf 80' lang='lat' dir='ltr'>congregatis</span> <span class='ocrx_word' id='word_1_187' title='bbox 1390 1617 1582 1687; x_wconf 89' lang='lat' dir='ltr'>peritissimis</span> <span class='ocrx_word' id='word_1_188' title='bbox 1594 1618 1770 1693; x_wconf 79' lang='lat' dir='ltr'>calculandi,</span> <span class='ocrx_word' id='word_1_189' title='bbox 1785 1624 1844 1693; x_wconf 73' lang='lat' dir='ltr'>&#39;de-</span> 
     </span>
    </p>
   </div>
   <div class='ocr_carea' id='block_1_13' title="bbox 1753 324 1929 398">
    <p class='ocr_par' dir='ltr' id='par_1_13' title="bbox 1753 324 1929 398">
     <span class='ocr_line' id='line_1_29' title="bbox 1753 324 1929 398; baseline 0.028 -6"><span class='ocrx_word' id='word_1_190' title='bbox 1753 324 1929 398; x_wconf 66' lang='lat'>10⁷0·</span> 
     </span>
    </p>
   </div>
   <div class='ocr_carea' id='block_1_14' title="bbox 112 1692 1917 2136">
    <p class='ocr_par' dir='ltr' id='par_1_14' title="bbox 112 1692 1917 2136">
     <span class='ocr_line' id='line_1_30' title="bbox 112 1692 1847 1783; baseline -0.024 -19"><span class='ocrx_word' id='word_1_191' title='bbox 112 1712 142 1764; x_wconf 92' lang='lat' dir='ltr'>et</span> <span class='ocrx_word' id='word_1_192' title='bbox 159 1706 325 1779; x_wconf 89' lang='lat' dir='ltr'>composita</span> <span class='ocrx_word' id='word_1_193' title='bbox 341 1702 478 1759; x_wconf 89' lang='lat' dir='ltr'>indibria.</span> <span class='ocrx_word' id='word_1_194' title='bbox 494 1701 603 1756; x_wconf 80' lang='lat' dir='ltr'>Audivi</span> <span class='ocrx_word' id='word_1_195' title='bbox 619 1698 708 1754; x_wconf 87' lang='lat' dir='ltr'>multe</span> <span class='ocrx_word' id='word_1_196' title='bbox 725 1695 871 1766; x_wconf 90' lang='lat' dir='ltr'>componi,</span> <span class='ocrx_word' id='word_1_197' title='bbox 895 1692 952 1748; x_wconf 90' lang='lat' dir='ltr'>hoc</span> <span class='ocrx_word' id='word_1_198' title='bbox 1008 1720 1075 1760; x_wconf 63' lang='lat' dir='ltr'>cem</span> <span class='ocrx_word' id='word_1_199' title='bbox 1098 1707 1127 1760; x_wconf 65' lang='lat' dir='ltr'>ey</span> <span class='ocrx_word' id='word_1_200' title='bbox 1151 1720 1257 1759; x_wconf 59' lang='lat' dir='ltr'><strong>novem</strong></span> <span class='ocrx_word' id='word_1_201' title='bbox 1285 1719 1431 1760; x_wconf 58' lang='lat' dir='ltr'>,mmmm</span> <span class='ocrx_word' id='word_1_202' title='bbox 1459 1704 1602 1777; x_wconf 59' lang='lat' dir='ltr'><strong>colligere</strong></span> <span class='ocrx_word' id='word_1_203' title='bbox 1631 1709 1787 1783; x_wconf 54' lang='lat' dir='ltr'>rationem,</span> <span class='ocrx_word' id='word_1_204' title='bbox 1817 1716 1847 1770; x_wconf 63' lang='grc' dir='ltr'>θ,</span> 
     </span>
     <span class='ocr_line' id='line_1_31' title="bbox 112 1786 1917 1874; baseline -0.028 -21"><span class='ocrx_word' id='word_1_205' title='bbox 112 1814 202 1853; x_wconf 90' lang='lat' dir='ltr'>nemo</span> <span class='ocrx_word' id='word_1_206' title='bbox 218 1811 348 1867; x_wconf 89' lang='lat' dir='ltr'>unquam</span> <span class='ocrx_word' id='word_1_207' title='bbox 364 1793 477 1864; x_wconf 79' lang='lat' dir='ltr'>tingere</span> <span class='ocrx_word' id='word_1_208' title='bbox 493 1789 596 1862; x_wconf 93' lang='lat' dir='ltr'>potuit,</span> <span class='ocrx_word' id='word_1_209' title='bbox 614 1791 645 1842; x_wconf 93' lang='lat' dir='ltr'>ut</span> <span class='ocrx_word' id='word_1_210' title='bbox 660 1787 824 1842; x_wconf 73' lang='lat' dir='ltr'>daemonem</span> <span class='ocrx_word' id='word_1_211' title='bbox 840 1786 896 1859; x_wconf 89' lang='grc'>(10)</span> <span class='ocrx_word' id='word_1_212' title='bbox 918 1798 952 1840; x_wconf 90' lang='lat' dir='ltr'>se</span> <span class='ocrx_word' id='word_1_213' title='bbox 1008 1795 1095 1866; x_wconf 62' lang='lat' dir='ltr'>quasi</span> <span class='ocrx_word' id='word_1_214' title='bbox 1123 1794 1279 1866; x_wconf 61' lang='lat' dir='ltr'>quemdam</span> <span class='ocrx_word' id='word_1_215' title='bbox 1308 1794 1489 1849; x_wconf 51' lang='lat' dir='ltr'>constitum</span> <span class='ocrx_word' id='word_1_216' title='bbox 1523 1795 1678 1869; x_wconf 51' lang='lat' dir='ltr'>circulum,</span> <span class='ocrx_word' id='word_1_217' title='bbox 1713 1814 1751 1856; x_wconf 61' lang='lat' dir='ltr'>ex</span> <span class='ocrx_word' id='word_1_218' title='bbox 1783 1817 1843 1874; x_wconf 67' lang='lat' dir='ltr'>quo</span> <span class='ocrx_word' id='word_1_219' title='bbox 1910 1790 1917 1802; x_wconf 86' lang='lat'>.</span> 
     </span>
     <span class='ocr_line' id='line_1_32' title="bbox 112 1875 1844 1963; baseline -0.001 -21"><span class='ocrx_word' id='word_1_220' title='bbox 112 1902 187 1942; x_wconf 90' lang='lat' dir='ltr'>esse</span> <span class='ocrx_word' id='word_1_221' title='bbox 202 1884 365 1940; x_wconf 78' lang='lat' dir='ltr'>simularet.</span> <span class='ocrx_word' id='word_1_222' title='bbox 382 1879 457 1946; x_wconf 88' lang='lat' dir='ltr'>Quid</span> <span class='ocrx_word' id='word_1_223' title='bbox 472 1879 554 1948; x_wconf 92' lang='lat' dir='ltr'>illud,</span> <span class='ocrx_word' id='word_1_224' title='bbox 572 1877 650 1949; x_wconf 92' lang='lat' dir='ltr'>quod</span> <span class='ocrx_word' id='word_1_225' title='bbox 666 1875 704 1931; x_wconf 89' lang='lat' dir='ltr'>ita</span> <span class='ocrx_word' id='word_1_226' title='bbox 730 1877 875 1949; x_wconf 80' lang='lat' dir='ltr'>exagitari</span> <span class='ocrx_word' id='word_1_227' title='bbox 898 1893 951 1934; x_wconf 85' lang='lat' dir='ltr'>eos</span> <span class='ocrx_word' id='word_1_228' title='bbox 969 1882 1175 1963; x_wconf 75' lang='lat' dir='ltr'>Bexcmplum</span> <span class='ocrx_word' id='word_1_229' title='bbox 1191 1882 1220 1936; x_wconf 91' lang='lat' dir='ltr'>in</span> <span class='ocrx_word' id='word_1_230' title='bbox 1231 1897 1326 1937; x_wconf 88' lang='lat' dir='ltr'>annos</span> <span class='ocrx_word' id='word_1_231' title='bbox 1342 1881 1475 1954; x_wconf 88' lang='lat' dir='ltr'>reliquos</span> <span class='ocrx_word' id='word_1_232' title='bbox 1491 1883 1676 1954; x_wconf 80' lang='lat' dir='ltr'>gigneretur.</span> <span class='ocrx_word' id='word_1_233' title='bbox 1688 1887 1776 1945; x_wconf 87' lang='lat' dir='ltr'>Hunc</span> <span class='ocrx_word' id='word_1_234' title='bbox 1786 1891 1844 1946; x_wconf 82' lang='lat' dir='ltr'>eir-</span> 
     </span>
     <span class='ocr_line' id='line_1_33' title="bbox 112 1965 1846 2048; baseline -0.005 -17"><span class='ocrx_word' id='word_1_235' title='bbox 112 1976 263 2043; x_wconf 90' lang='lat' dir='ltr'>videmus,</span> <span class='ocrx_word' id='word_1_236' title='bbox 279 1972 389 2044; x_wconf 91' lang='lat' dir='ltr'>quibus</span> <span class='ocrx_word' id='word_1_237' title='bbox 402 1984 508 2024; x_wconf 92' lang='lat' dir='ltr'>manns</span> <span class='ocrx_word' id='word_1_238' title='bbox 524 1966 704 2037; x_wconf 76' lang='lat' dir='ltr'>imponitur?</span> <span class='ocrx_word' id='word_1_239' title='bbox 727 1965 785 2020; x_wconf 91' lang='lat' dir='ltr'>Ubi</span> <span class='ocrx_word' id='word_1_240' title='bbox 801 1965 850 2021; x_wconf 93' lang='lat' dir='ltr'>hic</span> <span class='ocrx_word' id='word_1_241' title='bbox 866 1966 952 2022; x_wconf 90' lang='lat' dir='ltr'>loeus</span> <span class='ocrx_word' id='word_1_242' title='bbox 1008 1972 1107 2028; x_wconf 81' lang='lat' dir='ltr'>aulrun</span> <span class='ocrx_word' id='word_1_243' title='bbox 1136 1971 1399 2026; x_wconf 77' lang='lat' dir='ltr'>enneadecaterida</span> <span class='ocrx_word' id='word_1_244' title='bbox 1427 1975 1649 2044; x_wconf 90' lang='lat' dir='ltr'>nuncuparunt,</span> <span class='ocrx_word' id='word_1_245' title='bbox 1682 1981 1846 2048; x_wconf 61' lang='lat' dir='ltr'>sequentes</span> 
     </span>
     <span class='ocr_line' id='line_1_34' title="bbox 112 2055 1845 2136; baseline -0.014 1"><span class='ocrx_word' id='word_1_246' title='bbox 112 2063 214 2120; x_wconf 56' lang='lat' dir='ltr'>standi</span> <span class='ocrx_word' id='word_1_247' title='bbox 228 2064 298 2117; x_wconf 66' lang='lat'>0⁸²?</span> <span class='ocrx_word' id='word_1_248' title='bbox 315 2059 366 2116; x_wconf 62' lang='lat' dir='ltr'>Ubi</span> <span class='ocrx_word' id='word_1_249' title='bbox 382 2057 516 2128; x_wconf 71' lang='grc' dir='ltr'>81181)ἰοίο</span> <span class='ocrx_word' id='word_1_250' title='bbox 532 2055 701 2111; x_wconf 66' lang='lat' dir='ltr'>Simulflssdi·</span> <span class='ocrx_word' id='word_1_251' title='bbox 1007 2061 1090 2131; x_wconf 92' lang='lat' dir='ltr'>illud,</span> <span class='ocrx_word' id='word_1_252' title='bbox 1107 2060 1186 2132; x_wconf 93' lang='lat' dir='ltr'>quod</span> <span class='ocrx_word' id='word_1_253' title='bbox 1201 2075 1261 2115; x_wconf 90' lang='lat' dir='ltr'>noa</span> <span class='ocrx_word' id='word_1_254' title='bbox 1277 2059 1438 2115; x_wconf 86' lang='lat' dir='ltr'>debeamus</span> <span class='ocrx_word' id='word_1_255' title='bbox 1454 2075 1529 2113; x_wconf 90' lang='lat' dir='ltr'>vana</span> <span class='ocrx_word' id='word_1_256' title='bbox 1553 2060 1680 2132; x_wconf 87' lang='lat' dir='ltr'>quadam</span> <span class='ocrx_word' id='word_1_257' title='bbox 1706 2066 1845 2136; x_wconf 78' lang='lat' dir='ltr'>opinione</span> 
     </span>
    </p>
   </div>
   <div class='ocr_carea' id='block_1_15' title="bbox 112 2146 1900 3841">
    <p class='ocr_par' dir='ltr' id='par_1_15' title="bbox 112 2146 1900 3841">
     <span class='ocr_line' id='line_1_35' title="bbox 150 2146 1845 2238; baseline -0.005 -20"><span class='ocrx_word' id='word_1_258' title='bbox 150 2170 197 2225; x_wconf 66' lang='lat'>23,</span> <span class='ocrx_word' id='word_1_259' title='bbox 218 2168 276 2224; x_wconf 85' lang='lat' dir='ltr'>Sed</span> <span class='ocrx_word' id='word_1_260' title='bbox 290 2183 349 2222; x_wconf 90' lang='lat' dir='ltr'>non</span> <span class='ocrx_word' id='word_1_261' title='bbox 365 2181 438 2238; x_wconf 77' lang='lat' dir='ltr'>ergo</span> <span class='ocrx_word' id='word_1_262' title='bbox 454 2165 490 2219; x_wconf 91' lang='lat' dir='ltr'>ad</span> <span class='ocrx_word' id='word_1_263' title='bbox 505 2161 681 2234; x_wconf 81' lang='lat' dir='ltr'>suffragium</span> <span class='ocrx_word' id='word_1_264' title='bbox 692 2165 955 2233; x_wconf 70' lang='lat' dir='ltr'>martyrumusna.</span> <span class='ocrx_word' id='word_1_265' title='bbox 1009 2164 1100 2220; x_wconf 87' lang='lat' dir='ltr'>super</span> <span class='ocrx_word' id='word_1_266' title='bbox 1126 2148 1295 2203; x_wconf 87' lang='lat' dir='ltr'>celebritate</span> <span class='ocrx_word' id='word_1_267' title='bbox 1319 2146 1491 2219; x_wconf 86' lang='lat' dir='ltr'>hujusmodi</span> <span class='ocrx_word' id='word_1_268' title='bbox 1515 2149 1667 2222; x_wconf 84' lang='lat' dir='ltr'>fluctuare,</span> <span class='ocrx_word' id='word_1_269' title='bbox 1694 2154 1749 2209; x_wconf 87' lang='lat' dir='ltr'>sed</span> <span class='ocrx_word' id='word_1_270' title='bbox 1773 2163 1845 2210; x_wconf 83' lang='lat' dir='ltr'>vera</span> 
     </span>
     <span class='ocr_line' id='line_1_36' title="bbox 112 2236 1845 2332; baseline 0.006 -44"><span class='ocrx_word' id='word_1_271' title='bbox 112 2276 153 2332; x_wconf 69' lang='lat' dir='ltr'>Po</span> <span class='ocrx_word' id='word_1_272' title='bbox 168 2274 274 2314; x_wconf 67' lang='lat' dir='ltr'>,ocem</span> <span class='ocrx_word' id='word_1_273' title='bbox 288 2255 513 2312; x_wconf 63' lang='lat' dir='ltr'>daemonyoffim,</span> <span class='ocrx_word' id='word_1_274' title='bbox 530 2251 689 2307; x_wconf 61' lang='lat' dir='ltr'>Beneficiis</span> <span class='ocrx_word' id='word_1_275' title='bbox 705 2253 770 2306; x_wconf 62' lang='lat' dir='ltr'><strong>guis</strong></span> <span class='ocrx_word' id='word_1_276' title='bbox 786 2267 872 2307; x_wconf 62' lang='lat' dir='ltr'>sacra</span> <span class='ocrx_word' id='word_1_277' title='bbox 890 2267 956 2322; x_wconf 63' lang='lat' dir='ltr'>pas.</span> <span class='ocrx_word' id='word_1_278' title='bbox 1009 2238 1122 2293; x_wconf 88' lang='lat' dir='ltr'>ratione</span> <span class='ocrx_word' id='word_1_279' title='bbox 1147 2238 1307 2308; x_wconf 89' lang='lat' dir='ltr'>comperta,</span> <span class='ocrx_word' id='word_1_280' title='bbox 1333 2237 1372 2290; x_wconf 88' lang='lat' dir='ltr'>ita</span> <span class='ocrx_word' id='word_1_281' title='bbox 1395 2236 1526 2291; x_wconf 93' lang='lat' dir='ltr'>omnium</span> <span class='ocrx_word' id='word_1_282' title='bbox 1550 2243 1709 2296; x_wconf 85' lang='lat' dir='ltr'>concurret</span> <span class='ocrx_word' id='word_1_283' title='bbox 1728 2240 1845 2300; x_wconf 82' lang='lat' dir='ltr'>affectio</span> 
     </span>
     <span class='ocr_line' id='line_1_37' title="bbox 113 2324 1900 2417; baseline -0.003 -12"><span class='ocrx_word' id='word_1_284' title='bbox 113 2351 164 2405; x_wconf 88' lang='lat' dir='ltr'>sio</span> <span class='ocrx_word' id='word_1_285' title='bbox 188 2346 406 2417; x_wconf 86' lang='lat' dir='ltr'>comprobetur.</span> <span class='ocrx_word' id='word_1_286' title='bbox 430 2343 526 2397; x_wconf 88' lang='lat' dir='ltr'>Habet</span> <span class='ocrx_word' id='word_1_287' title='bbox 545 2341 674 2413; x_wconf 82' lang='lat' dir='ltr'>judicas,</span> <span class='ocrx_word' id='word_1_288' title='bbox 699 2341 754 2395; x_wconf 89' lang='lat' dir='ltr'>sed</span> <span class='ocrx_word' id='word_1_289' title='bbox 778 2343 923 2413; x_wconf 85' lang='lat' dir='ltr'>purgatos</span> <span class='ocrx_word' id='word_1_290' title='bbox 946 2354 953 2395; x_wconf 74' lang='grc' dir='ltr'>ε</span> <span class='ocrx_word' id='word_1_291' title='bbox 1011 2326 1078 2397; x_wconf 65' lang='grc'>(14),</span> <span class='ocrx_word' id='word_1_292' title='bbox 1094 2329 1125 2381; x_wconf 59' lang='grc'>111</span> <span class='ocrx_word' id='word_1_293' title='bbox 1140 2342 1198 2382; x_wconf 72' lang='lat'>⁰¹1⁰</span> <span class='ocrx_word' id='word_1_294' title='bbox 1213 2329 1299 2382; x_wconf 64' lang='lat'>”⁰⁰¹0</span> <span class='ocrx_word' id='word_1_295' title='bbox 1313 2324 1423 2396; x_wconf 66' lang='lat' dir='ltr'>Ubique</span> <span class='ocrx_word' id='word_1_296' title='bbox 1441 2324 1621 2383; x_wconf 63' lang='lat' dir='ltr'>⁵³⁰Pis¹⁰iuffl</span> <span class='ocrx_word' id='word_1_297' title='bbox 1636 2344 1691 2400; x_wconf 71' lang='lat' dir='ltr'>Pl⁰</span> <span class='ocrx_word' id='word_1_298' title='bbox 1707 2346 1846 2389; x_wconf 62' lang='lat' dir='ltr'>lesum·</span> <span class='ocrx_word' id='word_1_299' title='bbox 1897 2341 1900 2345; x_wconf 73' lang='grc'><em>’</em></span> 
     </span>
     <span class='ocr_line' id='line_1_38' title="bbox 113 2412 1486 2505; baseline -0.007 -11"><span class='ocrx_word' id='word_1_300' title='bbox 113 2438 208 2495; x_wconf 87' lang='lat' dir='ltr'>habet</span> <span class='ocrx_word' id='word_1_301' title='bbox 223 2438 325 2505; x_wconf 89' lang='lat' dir='ltr'>testes,</span> <span class='ocrx_word' id='word_1_302' title='bbox 343 2435 397 2489; x_wconf 90' lang='lat' dir='ltr'>sed</span> <span class='ocrx_word' id='word_1_303' title='bbox 412 2431 577 2488; x_wconf 86' lang='lat' dir='ltr'>absolutos.</span> <span class='ocrx_word' id='word_1_304' title='bbox 599 2429 703 2484; x_wconf 83' lang='lat' dir='ltr'>Melior</span> <span class='ocrx_word' id='word_1_305' title='bbox 717 2446 776 2484; x_wconf 87' lang='lat' dir='ltr'>vox</span> <span class='ocrx_word' id='word_1_306' title='bbox 791 2433 847 2498; x_wconf 88' lang='lat' dir='ltr'>est,</span> <span class='ocrx_word' id='word_1_307' title='bbox 866 2445 954 2502; x_wconf 89' lang='lat' dir='ltr'>quem</span> <span class='ocrx_word' id='word_1_308' title='bbox 1011 2416 1106 2471; x_wconf 55' lang='lat' dir='ltr'>050ssss</span> <span class='ocrx_word' id='word_1_309' title='bbox 1122 2415 1238 2470; x_wconf 66' lang='lat' dir='ltr'>D⁰missi</span> <span class='ocrx_word' id='word_1_310' title='bbox 1254 2414 1403 2470; x_wconf 64' lang='lat' dir='ltr'>dssfffl&#39;sslffl&#39;</span> <span class='ocrx_word' id='word_1_311' title='bbox 1418 2412 1486 2485; x_wconf 68' lang='lat'>(¹5)-</span> 
     </span>
     <span class='ocr_line' id='line_1_39' title="bbox 114 2518 1846 2598; baseline 0.001 -16"><span class='ocrx_word' id='word_1_312' title='bbox 114 2527 233 2582; x_wconf 89' lang='lat' dir='ltr'>sanitas</span> <span class='ocrx_word' id='word_1_313' title='bbox 249 2524 379 2596; x_wconf 92' lang='lat' dir='ltr'>loquitur</span> <span class='ocrx_word' id='word_1_314' title='bbox 393 2537 506 2591; x_wconf 87' lang='lat' dir='ltr'>eorum,</span> <span class='ocrx_word' id='word_1_315' title='bbox 532 2519 583 2591; x_wconf 94' lang='lat' dir='ltr'>qui</span> <span class='ocrx_word' id='word_1_316' title='bbox 608 2518 722 2573; x_wconf 90' lang='lat' dir='ltr'>debiles</span> <span class='ocrx_word' id='word_1_317' title='bbox 747 2519 953 2573; x_wconf 87' lang='lat' dir='ltr'>advenerunt:</span> <span class='ocrx_word' id='word_1_318' title='bbox 1045 2523 1072 2577; x_wconf 78' lang='grc'>3.</span> <span class='ocrx_word' id='word_1_319' title='bbox 1094 2522 1210 2578; x_wconf 88' lang='lat' dir='ltr'>Domini</span> <span class='ocrx_word' id='word_1_320' title='bbox 1226 2521 1332 2577; x_wconf 85' lang='lat' dir='ltr'>iratres</span> <span class='ocrx_word' id='word_1_321' title='bbox 1347 2520 1545 2593; x_wconf 86' lang='lat' dir='ltr'>dilectissimi,</span> <span class='ocrx_word' id='word_1_322' title='bbox 1563 2538 1598 2578; x_wconf 91' lang='lat' dir='ltr'>eo</span> <span class='ocrx_word' id='word_1_323' title='bbox 1617 2540 1714 2598; x_wconf 90' lang='lat' dir='ltr'>usque</span> <span class='ocrx_word' id='word_1_324' title='bbox 1733 2542 1752 2581; x_wconf 88' lang='lat' dir='ltr'>a</span> <span class='ocrx_word' id='word_1_325' title='bbox 1773 2543 1846 2585; x_wconf 87' lang='lat' dir='ltr'>vero</span> 
     </span>
     <span class='ocr_line' id='line_1_40' title="bbox 114 2606 1847 2687; baseline 0.001 -15"><span class='ocrx_word' id='word_1_326' title='bbox 114 2615 226 2672; x_wconf 90' lang='lat' dir='ltr'>melior</span> <span class='ocrx_word' id='word_1_327' title='bbox 238 2629 297 2669; x_wconf 88' lang='lat' dir='ltr'>vox</span> <span class='ocrx_word' id='word_1_328' title='bbox 313 2615 369 2683; x_wconf 89' lang='lat' dir='ltr'>est,</span> <span class='ocrx_word' id='word_1_329' title='bbox 393 2627 480 2683; x_wconf 89' lang='lat' dir='ltr'>qaam</span> <span class='ocrx_word' id='word_1_330' title='bbox 495 2609 621 2681; x_wconf 75' lang='lat' dir='ltr'>sanguis</span> <span class='ocrx_word' id='word_1_331' title='bbox 636 2607 749 2678; x_wconf 91' lang='lat' dir='ltr'>emittit,</span> <span class='ocrx_word' id='word_1_332' title='bbox 774 2606 863 2662; x_wconf 89' lang='lat' dir='ltr'>habet</span> <span class='ocrx_word' id='word_1_333' title='bbox 877 2607 956 2662; x_wconf 90' lang='lat' dir='ltr'>caim</span> <span class='ocrx_word' id='word_1_334' title='bbox 1010 2627 1066 2667; x_wconf 89' lang='lat' dir='ltr'>nos</span> <span class='ocrx_word' id='word_1_335' title='bbox 1081 2612 1200 2667; x_wconf 86' lang='lat' dir='ltr'>deviare</span> <span class='ocrx_word' id='word_1_336' title='bbox 1215 2611 1438 2682; x_wconf 81' lang='lat' dir='ltr'>conconvenit,</span> <span class='ocrx_word' id='word_1_337' title='bbox 1453 2627 1508 2666; x_wconf 89' lang='lat' dir='ltr'>nec</span> <span class='ocrx_word' id='word_1_338' title='bbox 1532 2628 1609 2684; x_wconf 81' lang='lat' dir='ltr'>vago</span> <span class='ocrx_word' id='word_1_339' title='bbox 1634 2613 1755 2687; x_wconf 79' lang='lat' dir='ltr'>ingenio</span> <span class='ocrx_word' id='word_1_340' title='bbox 1782 2617 1847 2673; x_wconf 87' lang='lat' dir='ltr'>dis-</span> 
     </span>
     <span class='ocr_line' id='line_1_41' title="bbox 114 2695 1847 2779; baseline 0.001 -18"><span class='ocrx_word' id='word_1_341' title='bbox 114 2704 247 2778; x_wconf 66' lang='grc'>6663616</span> <span class='ocrx_word' id='word_1_342' title='bbox 260 2718 365 2758; x_wconf 89' lang='lat' dir='ltr'>vocem</span> <span class='ocrx_word' id='word_1_343' title='bbox 381 2714 532 2769; x_wconf 87' lang='lat' dir='ltr'>canoram,</span> <span class='ocrx_word' id='word_1_344' title='bbox 554 2713 622 2769; x_wconf 87' lang='lat' dir='ltr'>quea</span> <span class='ocrx_word' id='word_1_345' title='bbox 638 2697 674 2751; x_wconf 90' lang='lat' dir='ltr'>de</span> <span class='ocrx_word' id='word_1_346' title='bbox 690 2696 779 2751; x_wconf 91' lang='lat' dir='ltr'>terris</span> <span class='ocrx_word' id='word_1_347' title='bbox 795 2696 832 2751; x_wconf 91' lang='lat' dir='ltr'>ad</span> <span class='ocrx_word' id='word_1_348' title='bbox 848 2695 957 2752; x_wconf 90' lang='lat' dir='ltr'>coelum</span> <span class='ocrx_word' id='word_1_349' title='bbox 1010 2715 1143 2772; x_wconf 89' lang='lat' dir='ltr'>crepare,</span> <span class='ocrx_word' id='word_1_350' title='bbox 1159 2703 1190 2756; x_wconf 92' lang='lat' dir='ltr'>ut</span> <span class='ocrx_word' id='word_1_351' title='bbox 1204 2701 1341 2772; x_wconf 86' lang='lat' dir='ltr'>quaedam</span> <span class='ocrx_word' id='word_1_352' title='bbox 1360 2700 1526 2756; x_wconf 85' lang='lat' dir='ltr'>necessitas</span> <span class='ocrx_word' id='word_1_353' title='bbox 1548 2701 1729 2759; x_wconf 88' lang='lat' dir='ltr'>celebritatis</span> <span class='ocrx_word' id='word_1_354' title='bbox 1752 2705 1847 2779; x_wconf 79' lang='lat' dir='ltr'>hujus</span> 
     </span>
     <span class='ocr_line' id='line_1_42' title="bbox 114 2784 1847 2868; baseline 0.005 -25"><span class='ocrx_word' id='word_1_355' title='bbox 114 2793 265 2868; x_wconf 71' lang='lat' dir='ltr'>pervenit.</span> <span class='ocrx_word' id='word_1_356' title='bbox 290 2789 423 2863; x_wconf 78' lang='lat' dir='ltr'>Legistis</span> <span class='ocrx_word' id='word_1_357' title='bbox 440 2789 555 2843; x_wconf 89' lang='lat' dir='ltr'>dicente</span> <span class='ocrx_word' id='word_1_358' title='bbox 571 2786 632 2841; x_wconf 84' lang='lat' dir='ltr'>Deo</span> <span class='ocrx_word' id='word_1_359' title='bbox 650 2802 657 2841; x_wconf 90' lang='lat'>:</span> <span class='ocrx_word' id='word_1_360' title='bbox 676 2809 687 2834; x_wconf 68' lang='lat' dir='ltr'>a</span> <span class='ocrx_word' id='word_1_361' title='bbox 704 2785 833 2857; x_wconf 76' lang='lat' dir='ltr'>Sanguis</span> <span class='ocrx_word' id='word_1_362' title='bbox 856 2784 956 2840; x_wconf 79' lang='lat' dir='ltr'>fratris</span> <span class='ocrx_word' id='word_1_363' title='bbox 1011 2790 1149 2847; x_wconf 89' lang='lat' dir='ltr'>omnibus</span> <span class='ocrx_word' id='word_1_364' title='bbox 1164 2791 1202 2845; x_wconf 90' lang='lat' dir='ltr'>sit</span> <span class='ocrx_word' id='word_1_365' title='bbox 1217 2790 1354 2860; x_wconf 87' lang='lat' dir='ltr'>imposita</span> <span class='ocrx_word' id='word_1_366' title='bbox 1368 2788 1563 2862; x_wconf 77' lang='lat' dir='ltr'>Christianis3</span> <span class='ocrx_word' id='word_1_367' title='bbox 1589 2793 1707 2863; x_wconf 91' lang='lat' dir='ltr'>quando</span> <span class='ocrx_word' id='word_1_368' title='bbox 1727 2796 1847 2866; x_wconf 89' lang='lat' dir='ltr'>quidem</span> 
     </span>
     <span class='ocr_line' id='line_1_43' title="bbox 114 2873 1845 2953; baseline 0.001 -14"><span class='ocrx_word' id='word_1_369' title='bbox 114 2885 159 2940; x_wconf 90' lang='lat' dir='ltr'>tui</span> <span class='ocrx_word' id='word_1_370' title='bbox 185 2884 291 2938; x_wconf 87' lang='lat' dir='ltr'>clamat</span> <span class='ocrx_word' id='word_1_371' title='bbox 313 2880 350 2934; x_wconf 90' lang='lat' dir='ltr'>ad</span> <span class='ocrx_word' id='word_1_372' title='bbox 371 2894 418 2934; x_wconf 92' lang='lat' dir='ltr'>me</span> <span class='ocrx_word' id='word_1_373' title='bbox 439 2876 527 2949; x_wconf 88' lang='lat' dir='ltr'>(Gen.</span> <span class='ocrx_word' id='word_1_374' title='bbox 546 2891 585 2945; x_wconf 83' lang='lat' dir='ltr'>iv,</span> <span class='ocrx_word' id='word_1_375' title='bbox 603 2873 658 2947; x_wconf 88' lang='grc'>10).</span> <span class='ocrx_word' id='word_1_376' title='bbox 677 2893 688 2924; x_wconf 74' lang='lat' dir='ltr'>a</span> <span class='ocrx_word' id='word_1_377' title='bbox 716 2873 752 2928; x_wconf 82' lang='lat' dir='ltr'>Et</span> <span class='ocrx_word' id='word_1_378' title='bbox 767 2875 814 2928; x_wconf 89' lang='lat' dir='ltr'>hio</span> <span class='ocrx_word' id='word_1_379' title='bbox 831 2874 957 2946; x_wconf 78' lang='lat' dir='ltr'>sanguis</span> <span class='ocrx_word' id='word_1_380' title='bbox 1010 2880 1075 2950; x_wconf 87' lang='lat' dir='ltr'>ipse</span> <span class='ocrx_word' id='word_1_381' title='bbox 1091 2880 1235 2935; x_wconf 90' lang='lat' dir='ltr'>Dominus</span> <span class='ocrx_word' id='word_1_382' title='bbox 1252 2895 1319 2934; x_wconf 90' lang='lat' dir='ltr'>eum</span> <span class='ocrx_word' id='word_1_383' title='bbox 1334 2878 1424 2952; x_wconf 84' lang='lat' dir='ltr'>elegit</span> <span class='ocrx_word' id='word_1_384' title='bbox 1439 2878 1526 2950; x_wconf 92' lang='lat' dir='ltr'>diem,</span> <span class='ocrx_word' id='word_1_385' title='bbox 1543 2896 1602 2952; x_wconf 92' lang='lat' dir='ltr'>quo</span> <span class='ocrx_word' id='word_1_386' title='bbox 1615 2882 1740 2953; x_wconf 69' lang='lat' dir='ltr'>{Pascha</span> <span class='ocrx_word' id='word_1_387' title='bbox 1765 2884 1845 2941; x_wconf 90' lang='lat' dir='ltr'>eele-</span> 
     </span>
     <span class='ocr_line' id='line_1_44' title="bbox 116 2963 1845 3039; baseline -0.006 -10"><span class='ocrx_word' id='word_1_388' title='bbox 116 2974 227 3029; x_wconf 81' lang='grc'>616661</span> <span class='ocrx_word' id='word_1_389' title='bbox 243 2970 352 3026; x_wconf 87' lang='lat' dir='ltr'>coloris</span> <span class='ocrx_word' id='word_1_390' title='bbox 368 2967 477 3023; x_wconf 91' lang='lat' dir='ltr'>indicio</span> <span class='ocrx_word' id='word_1_391' title='bbox 494 2982 500 3021; x_wconf 91' lang='lat'>:</span> <span class='ocrx_word' id='word_1_392' title='bbox 517 2964 643 3037; x_wconf 82' lang='lat' dir='ltr'>sanguis</span> <span class='ocrx_word' id='word_1_393' title='bbox 659 2963 763 3018; x_wconf 87' lang='lat' dir='ltr'>clamat</span> <span class='ocrx_word' id='word_1_394' title='bbox 774 2963 956 3034; x_wconf 89' lang='lat' dir='ltr'>operationis</span> <span class='ocrx_word' id='word_1_395' title='bbox 1010 2968 1121 3037; x_wconf 73' lang='lat' dir='ltr'>braant,</span> <span class='ocrx_word' id='word_1_396' title='bbox 1140 2968 1189 3039; x_wconf 88' lang='lat' dir='ltr'>qui</span> <span class='ocrx_word' id='word_1_397' title='bbox 1206 2984 1272 3023; x_wconf 84' lang='lat' dir='ltr'>anm</span> <span class='ocrx_word' id='word_1_398' title='bbox 1287 2967 1485 3024; x_wconf 71' lang='lat' dir='ltr'>observantiae</span> <span class='ocrx_word' id='word_1_399' title='bbox 1500 2985 1579 3024; x_wconf 78' lang='lat' dir='ltr'>verae</span> <span class='ocrx_word' id='word_1_400' title='bbox 1595 2971 1709 3028; x_wconf 79' lang='lat' dir='ltr'>ratione</span> <span class='ocrx_word' id='word_1_401' title='bbox 1720 2988 1845 3029; x_wconf 65' lang='lat' dir='ltr'>concur.</span> 
     </span>
     <span class='ocr_line' id='line_1_45' title="bbox 114 3051 1848 3135; baseline -0.009 -17"><span class='ocrx_word' id='word_1_402' title='bbox 114 3060 271 3135; x_wconf 77' lang='lat' dir='ltr'>praeconio</span> <span class='ocrx_word' id='word_1_403' title='bbox 297 3075 303 3115; x_wconf 91' lang='lat'>:</span> <span class='ocrx_word' id='word_1_404' title='bbox 330 3056 457 3130; x_wconf 82' lang='lat' dir='ltr'>sanguis</span> <span class='ocrx_word' id='word_1_405' title='bbox 482 3055 588 3111; x_wconf 89' lang='lat' dir='ltr'>clamat</span> <span class='ocrx_word' id='word_1_406' title='bbox 613 3051 766 3124; x_wconf 87' lang='lat' dir='ltr'>passionis</span> <span class='ocrx_word' id='word_1_407' title='bbox 796 3052 954 3122; x_wconf 88' lang='lat' dir='ltr'>triumpho.</span> <span class='ocrx_word' id='word_1_408' title='bbox 1011 3058 1058 3113; x_wconf 86' lang='lat' dir='ltr'>rit.</span> <span class='ocrx_word' id='word_1_409' title='bbox 1075 3056 1224 3128; x_wconf 89' lang='lat' dir='ltr'>Scriptum</span> <span class='ocrx_word' id='word_1_410' title='bbox 1239 3059 1286 3111; x_wconf 89' lang='lat' dir='ltr'>est</span> <span class='ocrx_word' id='word_1_411' title='bbox 1300 3057 1401 3111; x_wconf 79' lang='lat' dir='ltr'>enim:</span> <span class='ocrx_word' id='word_1_412' title='bbox 1421 3079 1431 3103; x_wconf 73' lang='lat' dir='ltr'>a</span> <span class='ocrx_word' id='word_1_413' title='bbox 1447 3056 1534 3112; x_wconf 76' lang='lat' dir='ltr'>venit</span> <span class='ocrx_word' id='word_1_414' title='bbox 1549 3061 1647 3113; x_wconf 73' lang='lat' dir='ltr'>nutem</span> <span class='ocrx_word' id='word_1_415' title='bbox 1661 3060 1738 3131; x_wconf 51' lang='lat' dir='ltr'>dies,</span> <span class='ocrx_word' id='word_1_416' title='bbox 1749 3062 1779 3116; x_wconf 71' lang='lat' dir='ltr'>jn</span> <span class='ocrx_word' id='word_1_417' title='bbox 1790 3078 1848 3133; x_wconf 65' lang='lat' dir='ltr'>qua</span> 
     </span>
     <span class='ocr_line' id='line_1_46' title="bbox 116 3140 1848 3217; baseline -0.006 -11"><span class='ocrx_word' id='word_1_418' title='bbox 116 3148 311 3208; x_wconf 78' lang='lat' dir='ltr'>satisfactum</span> <span class='ocrx_word' id='word_1_419' title='bbox 327 3149 374 3202; x_wconf 94' lang='lat' dir='ltr'>est</span> <span class='ocrx_word' id='word_1_420' title='bbox 389 3144 522 3217; x_wconf 90' lang='lat' dir='ltr'>petitioni</span> <span class='ocrx_word' id='word_1_421' title='bbox 538 3146 648 3197; x_wconf 87' lang='lat' dir='ltr'>vestrae</span> <span class='ocrx_word' id='word_1_422' title='bbox 663 3141 731 3212; x_wconf 89' lang='grc'>(11),</span> <span class='ocrx_word' id='word_1_423' title='bbox 747 3144 779 3195; x_wconf 94' lang='lat' dir='ltr'>ut</span> <span class='ocrx_word' id='word_1_424' title='bbox 787 3140 956 3196; x_wconf 89' lang='lat' dir='ltr'>condendas</span> <span class='ocrx_word' id='word_1_425' title='bbox 1011 3161 1139 3202; x_wconf 81' lang='lat' dir='ltr'>neeesse</span> <span class='ocrx_word' id='word_1_426' title='bbox 1154 3151 1217 3202; x_wconf 80' lang='lat' dir='ltr'>arat</span> <span class='ocrx_word' id='word_1_427' title='bbox 1232 3145 1347 3201; x_wconf 84' lang='lat' dir='ltr'>Pascha</span> <span class='ocrx_word' id='word_1_428' title='bbox 1362 3145 1517 3216; x_wconf 79' lang='lat' dir='ltr'>immolari,</span> <span class='ocrx_word' id='word_1_429' title='bbox 1534 3149 1562 3201; x_wconf 90' lang='lat' dir='ltr'>et</span> <span class='ocrx_word' id='word_1_430' title='bbox 1577 3147 1658 3202; x_wconf 81' lang='lat' dir='ltr'>misit</span> <span class='ocrx_word' id='word_1_431' title='bbox 1676 3150 1794 3205; x_wconf 72' lang='lat' dir='ltr'>Petrum</span> <span class='ocrx_word' id='word_1_432' title='bbox 1819 3155 1848 3206; x_wconf 68' lang='lat' dir='ltr'>et</span> 
     </span>
     <span class='ocr_line' id='line_1_47' title="bbox 117 3229 1847 3323; baseline 0.001 -30"><span class='ocrx_word' id='word_1_433' title='bbox 117 3241 261 3297; x_wconf 86' lang='lat' dir='ltr'>hesterno</span> <span class='ocrx_word' id='word_1_434' title='bbox 290 3238 320 3292; x_wconf 92' lang='lat' dir='ltr'>ia</span> <span class='ocrx_word' id='word_1_435' title='bbox 349 3235 526 3291; x_wconf 83' lang='lat' dir='ltr'>hodiernum</span> <span class='ocrx_word' id='word_1_436' title='bbox 554 3232 632 3287; x_wconf 74' lang='lat' dir='ltr'>diem</span> <span class='ocrx_word' id='word_1_437' title='bbox 665 3229 853 3286; x_wconf 69' lang='lat' dir='ltr'>differremus</span> <span class='ocrx_word' id='word_1_438' title='bbox 884 3230 956 3284; x_wconf 70' lang='lat' dir='ltr'>Peli·</span> <span class='ocrx_word' id='word_1_439' title='bbox 975 3237 1166 3323; x_wconf 72' lang='lat' dir='ltr'>cdoannem,</span> <span class='ocrx_word' id='word_1_440' title='bbox 1184 3236 1288 3290; x_wconf 89' lang='lat' dir='ltr'>dicens</span> <span class='ocrx_word' id='word_1_441' title='bbox 1305 3251 1311 3290; x_wconf 93' lang='lat'>:</span> <span class='ocrx_word' id='word_1_442' title='bbox 1328 3233 1439 3289; x_wconf 80' lang='lat' dir='ltr'>Duatas</span> <span class='ocrx_word' id='word_1_443' title='bbox 1455 3238 1555 3305; x_wconf 89' lang='lat' dir='ltr'>parate</span> <span class='ocrx_word' id='word_1_444' title='bbox 1570 3235 1657 3292; x_wconf 91' lang='lat' dir='ltr'>nobis</span> <span class='ocrx_word' id='word_1_445' title='bbox 1674 3237 1793 3292; x_wconf 87' lang='lat' dir='ltr'>Pascha</span> <span class='ocrx_word' id='word_1_446' title='bbox 1814 3242 1847 3294; x_wconf 92' lang='lat' dir='ltr'>ut</span> 
     </span>
     <span class='ocr_line' id='line_1_48' title="bbox 119 3323 1846 3403; baseline 0.005 -27"><span class='ocrx_word' id='word_1_447' title='bbox 119 3330 220 3403; x_wconf 73' lang='lat' dir='ltr'>quies,</span> <span class='ocrx_word' id='word_1_448' title='bbox 1012 3325 1236 3380; x_wconf 88' lang='lat' dir='ltr'>manducemus.</span> <span class='ocrx_word' id='word_1_449' title='bbox 1252 3325 1289 3378; x_wconf 80' lang='lat' dir='ltr'>nt</span> <span class='ocrx_word' id='word_1_450' title='bbox 1303 3324 1345 3378; x_wconf 93' lang='lat' dir='ltr'>illi</span> <span class='ocrx_word' id='word_1_451' title='bbox 1360 3323 1520 3380; x_wconf 79' lang='lat' dir='ltr'>dixerunt:</span> <span class='ocrx_word' id='word_1_452' title='bbox 1540 3325 1598 3380; x_wconf 91' lang='lat' dir='ltr'>Ubi</span> <span class='ocrx_word' id='word_1_453' title='bbox 1618 3326 1665 3380; x_wconf 90' lang='lat' dir='ltr'>vis</span> <span class='ocrx_word' id='word_1_454' title='bbox 1682 3329 1846 3398; x_wconf 88' lang='lat' dir='ltr'>paremus‘l</span> 
     </span>
     <span class='ocr_line' id='line_1_49' title="bbox 1013 3412 1847 3472; baseline 0.004 -3"><span class='ocrx_word' id='word_1_455' title='bbox 1013 3415 1048 3470; x_wconf 87' lang='lat' dir='ltr'>Et</span> <span class='ocrx_word' id='word_1_456' title='bbox 1062 3415 1136 3469; x_wconf 83' lang='lat' dir='ltr'>dixit</span> <span class='ocrx_word' id='word_1_457' title='bbox 1146 3414 1182 3469; x_wconf 90' lang='lat' dir='ltr'>ad</span> <span class='ocrx_word' id='word_1_458' title='bbox 1199 3413 1266 3468; x_wconf 92' lang='lat' dir='ltr'>illos</span> <span class='ocrx_word' id='word_1_459' title='bbox 1285 3428 1291 3468; x_wconf 94' lang='lat'>:</span> <span class='ocrx_word' id='word_1_460' title='bbox 1308 3412 1385 3467; x_wconf 84' lang='lat' dir='ltr'>Ecce</span> <span class='ocrx_word' id='word_1_461' title='bbox 1402 3413 1621 3469; x_wconf 86' lang='lat' dir='ltr'>introeuntibus</span> <span class='ocrx_word' id='word_1_462' title='bbox 1635 3415 1723 3471; x_wconf 90' lang='lat' dir='ltr'>vobis</span> <span class='ocrx_word' id='word_1_463' title='bbox 1747 3417 1778 3472; x_wconf 92' lang='lat' dir='ltr'>ia</span> <span class='ocrx_word' id='word_1_464' title='bbox 1803 3417 1847 3472; x_wconf 91' lang='grc'>61-</span> 
     </span>
     <span class='ocr_line' id='line_1_50' title="bbox 1011 3500 1845 3574; baseline 0.005 -16"><span class='ocrx_word' id='word_1_465' title='bbox 1011 3505 1141 3572; x_wconf 90' lang='lat' dir='ltr'>vitatem,</span> <span class='ocrx_word' id='word_1_466' title='bbox 1159 3504 1276 3556; x_wconf 90' lang='lat' dir='ltr'>ocurrct</span> <span class='ocrx_word' id='word_1_467' title='bbox 1291 3501 1379 3556; x_wconf 90' lang='lat' dir='ltr'>homo</span> <span class='ocrx_word' id='word_1_468' title='bbox 1395 3500 1566 3572; x_wconf 86' lang='lat' dir='ltr'>amphoram</span> <span class='ocrx_word' id='word_1_469' title='bbox 1590 3519 1676 3574; x_wconf 81' lang='lat' dir='ltr'>aquae</span> <span class='ocrx_word' id='word_1_470' title='bbox 1700 3509 1845 3574; x_wconf 88' lang='lat' dir='ltr'>portans:</span> 
     </span>
     <span class='ocr_line' id='line_1_51' title="bbox 1011 3589 1847 3664; baseline 0.004 -17"><span class='ocrx_word' id='word_1_471' title='bbox 1011 3592 1176 3664; x_wconf 90' lang='lat' dir='ltr'>Sequimini</span> <span class='ocrx_word' id='word_1_472' title='bbox 1200 3606 1265 3645; x_wconf 90' lang='lat' dir='ltr'>eum</span> <span class='ocrx_word' id='word_1_473' title='bbox 1292 3591 1321 3644; x_wconf 93' lang='lat' dir='ltr'>in</span> <span class='ocrx_word' id='word_1_474' title='bbox 1345 3589 1475 3660; x_wconf 91' lang='lat' dir='ltr'>domum,</span> <span class='ocrx_word' id='word_1_475' title='bbox 1493 3590 1523 3644; x_wconf 92' lang='lat' dir='ltr'>ia</span> <span class='ocrx_word' id='word_1_476' title='bbox 1539 3607 1627 3663; x_wconf 91' lang='lat' dir='ltr'>quam</span> <span class='ocrx_word' id='word_1_477' title='bbox 1642 3593 1740 3664; x_wconf 90' lang='lat' dir='ltr'>intrat,</span> <span class='ocrx_word' id='word_1_478' title='bbox 1757 3597 1787 3649; x_wconf 91' lang='lat' dir='ltr'>et</span> <span class='ocrx_word' id='word_1_479' title='bbox 1801 3595 1847 3650; x_wconf 91' lang='lat' dir='ltr'>di-</span> 
     </span>
     <span class='ocr_line' id='line_1_52' title="bbox 1013 3677 1869 3752; baseline 0.002 -16"><span class='ocrx_word' id='word_1_480' title='bbox 1013 3681 1087 3736; x_wconf 90' lang='lat' dir='ltr'>cetis</span> <span class='ocrx_word' id='word_1_481' title='bbox 1101 3679 1176 3751; x_wconf 91' lang='lat' dir='ltr'>patri</span> <span class='ocrx_word' id='word_1_482' title='bbox 1201 3677 1329 3733; x_wconf 83' lang='lat' dir='ltr'>familias</span> <span class='ocrx_word' id='word_1_483' title='bbox 1347 3695 1353 3734; x_wconf 93' lang='lat'><strong>:</strong></span> <span class='ocrx_word' id='word_1_484' title='bbox 1371 3678 1448 3732; x_wconf 89' lang='lat' dir='ltr'>Dicit</span> <span class='ocrx_word' id='word_1_485' title='bbox 1471 3678 1524 3734; x_wconf 94' lang='lat' dir='ltr'>tibi</span> <span class='ocrx_word' id='word_1_486' title='bbox 1546 3680 1700 3752; x_wconf 81' lang='lat' dir='ltr'>magister,</span> <span class='ocrx_word' id='word_1_487' title='bbox 1724 3682 1782 3738; x_wconf 92' lang='lat' dir='ltr'>Ubi</span> <span class='ocrx_word' id='word_1_488' title='bbox 1802 3686 1869 3739; x_wconf 83' lang='lat' dir='ltr'>est&#39;</span> 
     </span>
     <span class='ocr_line' id='line_1_53' title="bbox 1013 3766 1849 3841; baseline 0.005 -17"><span class='ocrx_word' id='word_1_489' title='bbox 1013 3769 1223 3837; x_wconf 80' lang='lat' dir='ltr'>diversorium,</span> <span class='ocrx_word' id='word_1_490' title='bbox 1241 3767 1292 3823; x_wconf 92' lang='lat' dir='ltr'>ubi</span> <span class='ocrx_word' id='word_1_491' title='bbox 1314 3766 1431 3822; x_wconf 83' lang='lat' dir='ltr'>Pascha</span> <span class='ocrx_word' id='word_1_492' title='bbox 1457 3783 1524 3822; x_wconf 91' lang='lat' dir='ltr'>cum</span> <span class='ocrx_word' id='word_1_493' title='bbox 1548 3767 1704 3841; x_wconf 88' lang='lat' dir='ltr'>discipulis</span> <span class='ocrx_word' id='word_1_494' title='bbox 1727 3773 1849 3828; x_wconf 88' lang='lat' dir='ltr'>mandu-</span> 
     </span>
    </p>
   </div>
   <div class='ocr_carea' id='block_1_16' title="bbox 349 3408 732 3481">
    <p class='ocr_par' dir='ltr' id='par_1_16' title="bbox 349 3408 732 3481">
     <span class='ocr_line' id='line_1_54' title="bbox 349 3408 732 3481; baseline -0.016 -13"><span class='ocrx_word' id='word_1_495' title='bbox 349 3411 533 3469; x_wconf 72' lang='lat' dir='ltr'>arisaoin</span> <span class='ocrx_word' id='word_1_496' title='bbox 552 3408 732 3481; x_wconf 77' lang='grc'>666166).</span> 
     </span>
    </p>
   </div>
   <div class='ocr_carea' id='block_1_17' title="bbox 120 3496 960 3861">
    <p class='ocr_par' dir='ltr' id='par_1_17' title="bbox 120 3496 960 3861">
     <span class='ocr_line' id='line_1_55' title="bbox 120 3496 960 3575; baseline -0.015 -12"><span class='ocrx_word' id='word_1_497' title='bbox 120 3504 294 3563; x_wconf 79' lang='lat' dir='ltr'>Dedaieadi</span> <span class='ocrx_word' id='word_1_498' title='bbox 311 3501 482 3575; x_wconf 83' lang='lat' dir='ltr'>paschalem</span> <span class='ocrx_word' id='word_1_499' title='bbox 507 3500 585 3555; x_wconf 83' lang='lat' dir='ltr'>diem</span> <span class='ocrx_word' id='word_1_500' title='bbox 610 3496 789 3552; x_wconf 81' lang='lat' dir='ltr'>dildcultote</span> <span class='ocrx_word' id='word_1_501' title='bbox 811 3512 846 3551; x_wconf 82' lang='lat' dir='ltr'>ac</span> <span class='ocrx_word' id='word_1_502' title='bbox 869 3496 960 3551; x_wconf 89' lang='lat' dir='ltr'>simul</span> 
     </span>
     <span class='ocr_line' id='line_1_56' title="bbox 157 3569 958 3646; baseline -0.012 -14"><span class='ocrx_word' id='word_1_503' title='bbox 157 3579 341 3634; x_wconf 87' lang='lat' dir='ltr'>necessitate</span> <span class='ocrx_word' id='word_1_504' title='bbox 353 3573 527 3646; x_wconf 85' lang='lat' dir='ltr'>propositis,</span> <span class='ocrx_word' id='word_1_505' title='bbox 544 3570 657 3625; x_wconf 89' lang='lat' dir='ltr'>licitam</span> <span class='ocrx_word' id='word_1_506' title='bbox 674 3584 744 3624; x_wconf 89' lang='lat' dir='ltr'>esse</span> <span class='ocrx_word' id='word_1_507' title='bbox 770 3569 886 3623; x_wconf 85' lang='lat' dir='ltr'>dierum</span> <span class='ocrx_word' id='word_1_508' title='bbox 909 3569 958 3623; x_wconf 86' lang='lat' dir='ltr'>ob-</span> 
     </span>
     <span class='ocr_line' id='line_1_57' title="bbox 157 3639 955 3715; baseline -0.014 -11"><span class='ocrx_word' id='word_1_509' title='bbox 157 3648 377 3715; x_wconf 89' lang='lat' dir='ltr'>servationem,</span> <span class='ocrx_word' id='word_1_510' title='bbox 405 3644 472 3698; x_wconf 88' lang='lat' dir='ltr'>dam</span> <span class='ocrx_word' id='word_1_511' title='bbox 502 3642 678 3713; x_wconf 88' lang='lat' dir='ltr'>superstitio</span> <span class='ocrx_word' id='word_1_512' title='bbox 705 3640 801 3710; x_wconf 85' lang='lat' dir='ltr'>absit,</span> <span class='ocrx_word' id='word_1_513' title='bbox 832 3639 955 3711; x_wconf 84' lang='lat' dir='ltr'>probat.</span> 
     </span>
     <span class='ocr_line' id='line_1_58' title="bbox 159 3712 957 3791; baseline -0.016 -16"><span class='ocrx_word' id='word_1_514' title='bbox 159 3734 299 3791; x_wconf 88' lang='lat' dir='ltr'>suumque</span> <span class='ocrx_word' id='word_1_515' title='bbox 314 3715 470 3773; x_wconf 73' lang='lat' dir='ltr'>copadium</span> <span class='ocrx_word' id='word_1_516' title='bbox 485 3713 592 3786; x_wconf 88' lang='lat' dir='ltr'>aperit.</span> <span class='ocrx_word' id='word_1_517' title='bbox 608 3712 658 3767; x_wconf 83' lang='lat' dir='ltr'>Ad</span> <span class='ocrx_word' id='word_1_518' title='bbox 672 3713 727 3767; x_wconf 85' lang='lat' dir='ltr'>lroc</span> <span class='ocrx_word' id='word_1_519' title='bbox 762 3727 872 3766; x_wconf 85' lang='lat' dir='ltr'>uaeaaur</span> <span class='ocrx_word' id='word_1_520' title='bbox 888 3727 957 3766; x_wconf 87' lang='lat' dir='ltr'>coa-</span> 
     </span>
     <span class='ocr_line' id='line_1_59' title="bbox 160 3728 957 3861; baseline -0.011 -16"><span class='ocrx_word' id='word_1_521' title='bbox 160 3790 333 3860; x_wconf 87' lang='lat' dir='ltr'>sideraada,</span> <span class='ocrx_word' id='word_1_522' title='bbox 360 3803 454 3861; x_wconf 89' lang='lat' dir='ltr'>quove</span> <span class='ocrx_word' id='word_1_523' title='bbox 475 3791 562 3858; x_wconf 87' lang='lat' dir='ltr'>paeto</span> <span class='ocrx_word' id='word_1_524' title='bbox 587 3728 775 3842; x_wconf 56' lang='lat' dir='ltr'>ohservanla</span> <span class='ocrx_word' id='word_1_525' title='bbox 791 3782 861 3837; x_wconf 77' lang='lat' dir='ltr'>lex?</span> <span class='ocrx_word' id='word_1_526' title='bbox 885 3783 957 3837; x_wconf 80' lang='lat' dir='ltr'>l’ost</span> 
     </span>
    </p>
   </div>
   <div class='ocr_carea' id='block_1_18' title="bbox 1013 3908 1846 4321">
    <p class='ocr_par' dir='ltr' id='par_1_18' title="bbox 1013 3908 1846 4321">
     <span class='ocr_line' id='line_1_60' title="bbox 1013 3908 1846 3983; baseline 0.007 -19"><span class='ocrx_word' id='word_1_527' title='bbox 1013 3910 1147 3966; x_wconf 90' lang='lat' dir='ltr'>videatur</span> <span class='ocrx_word' id='word_1_528' title='bbox 1162 3908 1239 3965; x_wconf 91' lang='lat' dir='ltr'>hanc</span> <span class='ocrx_word' id='word_1_529' title='bbox 1253 3910 1348 3981; x_wconf 91' lang='lat' dir='ltr'>ipsam</span> <span class='ocrx_word' id='word_1_530' title='bbox 1365 3909 1469 3965; x_wconf 90' lang='lat' dir='ltr'>eodem</span> <span class='ocrx_word' id='word_1_531' title='bbox 1484 3910 1625 3967; x_wconf 88' lang='lat' dir='ltr'>laterculo</span> <span class='ocrx_word' id='word_1_532' title='bbox 1641 3913 1776 3983; x_wconf 88' lang='lat' dir='ltr'>paschali</span> <span class='ocrx_word' id='word_1_533' title='bbox 1796 3931 1846 3970; x_wconf 87' lang='lat' dir='ltr'>aa·</span> 
     </span>
     <span class='ocr_line' id='line_1_61' title="bbox 1014 3979 1844 4057; baseline 0.006 -21"><span class='ocrx_word' id='word_1_534' title='bbox 1014 3983 1171 4053; x_wconf 89' lang='lat' dir='ltr'>tiquiorem</span> <span class='ocrx_word' id='word_1_535' title='bbox 1186 3996 1266 4036; x_wconf 88' lang='lat' dir='ltr'>esse.</span> <span class='ocrx_word' id='word_1_536' title='bbox 1284 3979 1368 4045; x_wconf 86' lang='lat' dir='ltr'>Quod</span> <span class='ocrx_word' id='word_1_537' title='bbox 1387 3996 1458 4035; x_wconf 91' lang='lat' dir='ltr'>vero</span> <span class='ocrx_word' id='word_1_538' title='bbox 1481 3983 1518 4036; x_wconf 90' lang='lat' dir='ltr'>ad</span> <span class='ocrx_word' id='word_1_539' title='bbox 1542 3985 1844 4057; x_wconf 87' lang='lat' dir='ltr'>enneadecateridem,</span> 
     </span>
     <span class='ocr_line' id='line_1_62' title="bbox 1014 4053 1846 4126; baseline 0.005 -18"><span class='ocrx_word' id='word_1_540' title='bbox 1014 4054 1103 4124; x_wconf 81' lang='lat' dir='ltr'>ctry&#39;os</span> <span class='ocrx_word' id='word_1_541' title='bbox 1119 4054 1295 4107; x_wconf 90' lang='lat' dir='ltr'>mentionem</span> <span class='ocrx_word' id='word_1_542' title='bbox 1311 4053 1439 4123; x_wconf 89' lang='lat' dir='ltr'>aliquam</span> <span class='ocrx_word' id='word_1_543' title='bbox 1453 4053 1483 4106; x_wconf 92' lang='lat' dir='ltr'>iu</span> <span class='ocrx_word' id='word_1_544' title='bbox 1498 4053 1620 4109; x_wconf 86' lang='lat' dir='ltr'>Nicaeae</span> <span class='ocrx_word' id='word_1_545' title='bbox 1644 4055 1759 4126; x_wconf 90' lang='lat' dir='ltr'>synodo</span> <span class='ocrx_word' id='word_1_546' title='bbox 1780 4056 1846 4112; x_wconf 84' lang='lat' dir='ltr'>lac-</span> 
     </span>
     <span class='ocr_line' id='line_1_63' title="bbox 1013 4123 1845 4195; baseline 0.004 -16"><span class='ocrx_word' id='word_1_547' title='bbox 1013 4128 1088 4190; x_wconf 80' lang='lat' dir='ltr'>tura,</span> <span class='ocrx_word' id='word_1_548' title='bbox 1107 4138 1165 4178; x_wconf 92' lang='lat' dir='ltr'>noa</span> <span class='ocrx_word' id='word_1_549' title='bbox 1191 4126 1280 4194; x_wconf 81' lang='lat' dir='ltr'>negat</span> <span class='ocrx_word' id='word_1_550' title='bbox 1301 4124 1427 4193; x_wconf 89' lang='lat' dir='ltr'>ipsemet</span> <span class='ocrx_word' id='word_1_551' title='bbox 1450 4123 1625 4195; x_wconf 88' lang='lat' dir='ltr'>Bucherius,</span> <span class='ocrx_word' id='word_1_552' title='bbox 1651 4142 1715 4181; x_wconf 87' lang='lat' dir='ltr'>eam</span> <span class='ocrx_word' id='word_1_553' title='bbox 1730 4142 1790 4182; x_wconf 92' lang='lat' dir='ltr'>aon</span> <span class='ocrx_word' id='word_1_554' title='bbox 1806 4128 1845 4182; x_wconf 84' lang='lat' dir='ltr'>ita</span> 
     </span>
     <span class='ocr_line' id='line_1_64' title="bbox 1014 4194 1846 4268; baseline 0.002 -20"><span class='ocrx_word' id='word_1_555' title='bbox 1014 4196 1131 4250; x_wconf 84' lang='lat' dir='ltr'>desinite</span> <span class='ocrx_word' id='word_1_556' title='bbox 1148 4195 1297 4250; x_wconf 89' lang='lat' dir='ltr'>decretam</span> <span class='ocrx_word' id='word_1_557' title='bbox 1313 4211 1347 4248; x_wconf 91' lang='lat' dir='ltr'>ac</span> <span class='ocrx_word' id='word_1_558' title='bbox 1362 4194 1520 4248; x_wconf 87' lang='lat' dir='ltr'>stabilitam</span> <span class='ocrx_word' id='word_1_559' title='bbox 1537 4198 1688 4266; x_wconf 92' lang='lat' dir='ltr'>putamus,</span> <span class='ocrx_word' id='word_1_560' title='bbox 1715 4196 1846 4268; x_wconf 85' lang='lat' dir='ltr'>ut&#39;plana</span> 
     </span>
     <span class='ocr_line' id='line_1_65' title="bbox 1013 4265 1845 4321; baseline 0.001 -1"><span class='ocrx_word' id='word_1_561' title='bbox 1013 4265 1097 4321; x_wconf 84' lang='lat' dir='ltr'>tieret</span> <span class='ocrx_word' id='word_1_562' title='bbox 1121 4267 1157 4320; x_wconf 90' lang='lat' dir='ltr'>de</span> <span class='ocrx_word' id='word_1_563' title='bbox 1182 4266 1360 4320; x_wconf 89' lang='lat' dir='ltr'>celebrando</span> <span class='ocrx_word' id='word_1_564' title='bbox 1393 4266 1541 4320; x_wconf 90' lang='lat' dir='ltr'>Paschato</span> <span class='ocrx_word' id='word_1_565' title='bbox 1569 4267 1782 4321; x_wconf 89' lang='lat' dir='ltr'>controversia.</span> <span class='ocrx_word' id='word_1_566' title='bbox 1813 4268 1845 4321; x_wconf 93' lang='lat' dir='ltr'>ln</span> 
     </span>
    </p>
   </div>
   <div class='ocr_carea' id='block_1_19' title="bbox 65 3924 957 4289">
    <p class='ocr_par' dir='ltr' id='par_1_19' title="bbox 65 3924 957 4289">
     <span class='ocr_line' id='line_1_66' title="bbox 163 3924 957 4006; baseline -0.013 -18"><span class='ocrx_word' id='word_1_567' title='bbox 163 3932 197 4006; x_wconf 88' lang='grc'>(3)</span> <span class='ocrx_word' id='word_1_568' title='bbox 218 3933 384 4004; x_wconf 85' lang='lat' dir='ltr'>Extorquet</span> <span class='ocrx_word' id='word_1_569' title='bbox 398 3929 518 4003; x_wconf 78' lang='lat' dir='ltr'>injuria,</span> <span class='ocrx_word' id='word_1_570' title='bbox 538 3952 548 3975; x_wconf 76' lang='grc'>6</span> <span class='ocrx_word' id='word_1_571' title='bbox 566 3927 667 3996; x_wconf 91' lang='lat' dir='ltr'>idest,</span> <span class='ocrx_word' id='word_1_572' title='bbox 694 3924 844 3980; x_wconf 88' lang='lat' dir='ltr'>cruciatus</span> <span class='ocrx_word' id='word_1_573' title='bbox 861 3926 889 3980; x_wconf 95' lang='lat' dir='ltr'>ct</span> <span class='ocrx_word' id='word_1_574' title='bbox 903 3925 957 3979; x_wconf 91' lang='lat' dir='ltr'>do-</span> 
     </span>
     <span class='ocr_line' id='line_1_67' title="bbox 115 3996 957 4068; baseline -0.012 -7"><span class='ocrx_word' id='word_1_575' title='bbox 115 4006 180 4061; x_wconf 76' lang='lat' dir='ltr'>lor.</span> <span class='ocrx_word' id='word_1_576' title='bbox 196 4005 247 4061; x_wconf 88' lang='lat' dir='ltr'>Sic</span> <span class='ocrx_word' id='word_1_577' title='bbox 261 4004 314 4059; x_wconf 92' lang='lat' dir='ltr'>lib.</span> <span class='ocrx_word' id='word_1_578' title='bbox 330 4020 350 4058; x_wconf 87' lang='lat'>11</span> <span class='ocrx_word' id='word_1_579' title='bbox 366 4003 404 4059; x_wconf 89' lang='lat' dir='ltr'>de</span> <span class='ocrx_word' id='word_1_580' title='bbox 417 4002 582 4068; x_wconf 82' lang='lat' dir='ltr'>Abrabam,</span> <span class='ocrx_word' id='word_1_581' title='bbox 600 4014 662 4068; x_wconf 85' lang='lat' dir='ltr'>cap.</span> <span class='ocrx_word' id='word_1_582' title='bbox 681 3997 707 4066; x_wconf 88' lang='lat'>8,</span> <span class='ocrx_word' id='word_1_583' title='bbox 732 4012 813 4051; x_wconf 89' lang='lat' dir='ltr'>num.</span> <span class='ocrx_word' id='word_1_584' title='bbox 829 3997 856 4066; x_wconf 86' lang='lat'>5,</span> <span class='ocrx_word' id='word_1_585' title='bbox 875 4017 886 4046; x_wconf 78' lang='grc'>6</span> <span class='ocrx_word' id='word_1_586' title='bbox 904 3996 957 4051; x_wconf 90' lang='lat' dir='ltr'>do·</span> 
     </span>
     <span class='ocr_line' id='line_1_68' title="bbox 108 4067 902 4148; baseline -0.015 -17"><span class='ocrx_word' id='word_1_587' title='bbox 108 4077 220 4131; x_wconf 76' lang='lat' dir='ltr'>matur</span> <span class='ocrx_word' id='word_1_588' title='bbox 235 4075 355 4148; x_wconf 79' lang='lat' dir='ltr'>injuriis</span> <span class='ocrx_word' id='word_1_589' title='bbox 385 4097 397 4121; x_wconf 70' lang='lat' dir='ltr'>u</span> <span class='ocrx_word' id='word_1_590' title='bbox 413 4087 476 4144; x_wconf 90' lang='grc'>666,</span> <span class='ocrx_word' id='word_1_591' title='bbox 497 4071 622 4125; x_wconf 75' lang='lat' dir='ltr'>»labore</span> <span class='ocrx_word' id='word_1_592' title='bbox 637 4085 671 4122; x_wconf 91' lang='lat' dir='ltr'>ac</span> <span class='ocrx_word' id='word_1_593' title='bbox 681 4067 868 4135; x_wconf 84' lang='lat' dir='ltr'>verberibus.</span> <span class='ocrx_word' id='word_1_594' title='bbox 892 4088 902 4115; x_wconf 73' lang='lat' dir='ltr'>a</span> 
     </span>
     <span class='ocr_line' id='line_1_69' title="bbox 65 4116 957 4219; baseline -0.017 -14"><span class='ocrx_word' id='word_1_595' title='bbox 65 4151 68 4157; x_wconf 88' lang='grc'><strong>’</strong></span> <span class='ocrx_word' id='word_1_596' title='bbox 162 4144 217 4219; x_wconf 90' lang='grc'>(10)</span> <span class='ocrx_word' id='word_1_597' title='bbox 238 4147 304 4202; x_wconf 86' lang='lat' dir='ltr'>Vct.</span> <span class='ocrx_word' id='word_1_598' title='bbox 331 4116 412 4214; x_wconf 78' lang='lat' dir='ltr'>edit,</span> <span class='ocrx_word' id='word_1_599' title='bbox 436 4147 467 4198; x_wconf 89' lang='lat' dir='ltr'>ut</span> <span class='ocrx_word' id='word_1_600' title='bbox 490 4142 705 4197; x_wconf 77' lang='lat' dir='ltr'>daemoniacum</span> <span class='ocrx_word' id='word_1_601' title='bbox 723 4154 761 4194; x_wconf 73' lang='lat' dir='ltr'>:a</span> <span class='ocrx_word' id='word_1_602' title='bbox 787 4154 861 4193; x_wconf 87' lang='lat' dir='ltr'>mss.</span> <span class='ocrx_word' id='word_1_603' title='bbox 881 4154 957 4192; x_wconf 92' lang='lat' dir='ltr'>noa-</span> 
     </span>
     <span class='ocr_line' id='line_1_70' title="bbox 107 4209 957 4289; baseline -0.009 -19"><span class='ocrx_word' id='word_1_604' title='bbox 107 4215 207 4289; x_wconf 87' lang='lat' dir='ltr'>nulli,</span> <span class='ocrx_word' id='word_1_605' title='bbox 227 4242 238 4268; x_wconf 80' lang='grc' dir='ltr'>ι</span> <span class='ocrx_word' id='word_1_606' title='bbox 257 4223 288 4273; x_wconf 88' lang='grc'>61</span> <span class='ocrx_word' id='word_1_607' title='bbox 304 4216 492 4284; x_wconf 76' lang='lat' dir='ltr'>daemonium,</span> <span class='ocrx_word' id='word_1_608' title='bbox 512 4235 522 4262; x_wconf 80' lang='grc'>6</span> <span class='ocrx_word' id='word_1_609' title='bbox 540 4212 587 4266; x_wconf 87' lang='grc'>6111</span> <span class='ocrx_word' id='word_1_610' title='bbox 603 4212 715 4282; x_wconf 87' lang='lat' dir='ltr'>plures,</span> <span class='ocrx_word' id='word_1_611' title='bbox 731 4213 760 4263; x_wconf 89' lang='lat' dir='ltr'>ct</span> <span class='ocrx_word' id='word_1_612' title='bbox 775 4209 859 4263; x_wconf 80' lang='lat' dir='ltr'>Hom.</span> <span class='ocrx_word' id='word_1_613' title='bbox 877 4210 957 4278; x_wconf 77' lang='lat' dir='ltr'>edit,</span> 
     </span>
    </p>
   </div>
   <div class='ocr_carea' id='block_1_20' title="bbox 108 4290 1845 4432">
    <p class='ocr_par' dir='ltr' id='par_1_20' title="bbox 108 4290 1845 4432">
     <span class='ocr_line' id='line_1_71' title="bbox 108 4307 127 4330; baseline 0 0"><span class='ocrx_word' id='word_1_614' title='bbox 108 4307 127 4330; x_wconf 83' lang='lat'><em>.</em></span> 
     </span>
     <span class='ocr_line' id='line_1_72' title="bbox 155 4290 1845 4432; baseline -0.009 -16"><span class='ocrx_word' id='word_1_615' title='bbox 155 4290 494 4432; x_wconf 44' lang='lat' dir='ltr'>tuttthialinhocnetnlan&#39;slatio</span> <span class='ocrx_word' id='word_1_616' title='bbox 524 4368 676 4410; x_wconf 88' lang='lat' dir='ltr'>sacrarum</span> <span class='ocrx_word' id='word_1_617' title='bbox 706 4350 897 4423; x_wconf 87' lang='lat' dir='ltr'>reliquiarum</span> <span class='ocrx_word' id='word_1_618' title='bbox 929 4351 959 4404; x_wconf 92' lang='lat' dir='ltr'>ia</span> <span class='ocrx_word' id='word_1_619' title='bbox 1013 4337 1417 4419; x_wconf 60' lang='lat' dir='ltr'>‘luamssufflfflpisstfflteffl</span> <span class='ocrx_word' id='word_1_620' title='bbox 1434 4337 1750 4407; x_wconf 67' lang='lat' dir='ltr'>fl⁰ss⁸01111npt0pter</span> <span class='ocrx_word' id='word_1_621' title='bbox 1772 4338 1845 4392; x_wconf 66' lang='lat' dir='ltr'>Am·</span> 
     </span>
    </p>
   </div>
   <div class='ocr_carea' id='block_1_21' title="bbox 100 4405 1846 4533">
    <p class='ocr_par' dir='ltr' id='par_1_21' title="bbox 100 4405 1846 4533">
     <span class='ocr_line' id='line_1_73' title="bbox 100 4405 1846 4533; baseline -0.009 -53"><span class='ocrx_word' id='word_1_622' title='bbox 100 4420 285 4506; x_wconf 63' lang='lat' dir='ltr'>Mertyrnt,</span> <span class='ocrx_word' id='word_1_623' title='bbox 303 4431 385 4485; x_wconf 67' lang='lat' dir='ltr'>Rern,</span> <span class='ocrx_word' id='word_1_624' title='bbox 402 4428 529 4483; x_wconf 64' lang='lat' dir='ltr'>petenen</span> <span class='ocrx_word' id='word_1_625' title='bbox 543 4443 595 4481; x_wconf 77' lang='lat' dir='ltr'>xm</span> <span class='ocrx_word' id='word_1_626' title='bbox 611 4425 675 4481; x_wconf 73' lang='lat' dir='ltr'>Kal,</span> <span class='ocrx_word' id='word_1_627' title='bbox 692 4425 763 4495; x_wconf 55' lang='lat' dir='ltr'>tul„</span> <span class='ocrx_word' id='word_1_628' title='bbox 779 4423 815 4478; x_wconf 71' lang='lat' dir='ltr'>de</span> <span class='ocrx_word' id='word_1_629' title='bbox 829 4439 885 4495; x_wconf 74' lang='lat' dir='ltr'>qun</span> <span class='ocrx_word' id='word_1_630' title='bbox 902 4437 959 4478; x_wconf 89' lang='lat' dir='ltr'>nos</span> <span class='ocrx_word' id='word_1_631' title='bbox 1014 4409 1109 4464; x_wconf 76' lang='lat' dir='ltr'>brosii</span> <span class='ocrx_word' id='word_1_632' title='bbox 1124 4408 1216 4463; x_wconf 90' lang='lat' dir='ltr'>verba</span> <span class='ocrx_word' id='word_1_633' title='bbox 1226 4425 1316 4533; x_wconf 57' lang='lat' dir='ltr'>supra</span> <span class='ocrx_word' id='word_1_634' title='bbox 1327 4407 1442 4461; x_wconf 88' lang='lat' dir='ltr'>laudata</span> <span class='ocrx_word' id='word_1_635' title='bbox 1451 4405 1633 4476; x_wconf 89' lang='lat' dir='ltr'>adducimur,</span> <span class='ocrx_word' id='word_1_636' title='bbox 1645 4421 1748 4462; x_wconf 90' lang='lat' dir='ltr'>verum</span> <span class='ocrx_word' id='word_1_637' title='bbox 1759 4409 1846 4464; x_wconf 90' lang='lat' dir='ltr'>ctiam</span> 
     </span>
    </p>
   </div>
   <div class='ocr_carea' id='block_1_22' title="bbox 101 4478 1846 4787">
    <p class='ocr_par' dir='ltr' id='par_1_22' title="bbox 101 4478 1846 4787">
     <span class='ocr_line' id='line_1_74' title="bbox 101 4478 1846 4558; baseline -0.006 -13"><span class='ocrx_word' id='word_1_638' title='bbox 101 4506 144 4545; x_wconf 84' lang='lat' dir='ltr'>an</span> <span class='ocrx_word' id='word_1_639' title='bbox 160 4502 380 4558; x_wconf 64' lang='lat' dir='ltr'>admonitione,</span> <span class='ocrx_word' id='word_1_640' title='bbox 1013 4484 1135 4551; x_wconf 88' lang='lat' dir='ltr'>propter</span> <span class='ocrx_word' id='word_1_641' title='bbox 1158 4495 1210 4534; x_wconf 90' lang='lat' dir='ltr'>eas</span> <span class='ocrx_word' id='word_1_642' title='bbox 1232 4479 1259 4533; x_wconf 89' lang='lat' dir='ltr'>di</span> <span class='ocrx_word' id='word_1_643' title='bbox 1276 4479 1432 4547; x_wconf 82' lang='lat' dir='ltr'>ticultates,</span> <span class='ocrx_word' id='word_1_644' title='bbox 1459 4493 1533 4548; x_wconf 88' lang='lat' dir='ltr'>quas</span> <span class='ocrx_word' id='word_1_645' title='bbox 1558 4493 1625 4531; x_wconf 92' lang='lat' dir='ltr'>cum</span> <span class='ocrx_word' id='word_1_646' title='bbox 1649 4493 1687 4533; x_wconf 87' lang='lat' dir='ltr'>ex</span> <span class='ocrx_word' id='word_1_647' title='bbox 1710 4478 1788 4533; x_wconf 89' lang='lat' dir='ltr'>haci</span> <span class='ocrx_word' id='word_1_648' title='bbox 1812 4496 1846 4535; x_wconf 91' lang='lat' dir='ltr'>sa</span> 
     </span>
     <span class='ocr_line' id='line_1_75' title="bbox 146 4495 1846 4644; baseline -0.006 -27"><span class='ocrx_word' id='word_1_649' title='bbox 146 4567 216 4642; x_wconf 70' lang='lat'>(12)</span> <span class='ocrx_word' id='word_1_650' title='bbox 237 4574 352 4644; x_wconf 64' lang='lat' dir='ltr'>Scripta</span> <span class='ocrx_word' id='word_1_651' title='bbox 367 4587 444 4626; x_wconf 66' lang='lat' dir='ltr'>anno</span> <span class='ocrx_word' id='word_1_652' title='bbox 459 4569 521 4626; x_wconf 74' lang='lat'>386,</span> <span class='ocrx_word' id='word_1_653' title='bbox 1015 4551 1149 4633; x_wconf 82' lang='lat' dir='ltr'>epistola,</span> <span class='ocrx_word' id='word_1_654' title='bbox 1166 4555 1227 4604; x_wconf 90' lang='lat' dir='ltr'>tum</span> <span class='ocrx_word' id='word_1_655' title='bbox 1242 4566 1279 4604; x_wconf 87' lang='lat' dir='ltr'>ex</span> <span class='ocrx_word' id='word_1_656' title='bbox 1293 4549 1412 4630; x_wconf 76' lang='lat' dir='ltr'>Cyrillo,</span> <span class='ocrx_word' id='word_1_657' title='bbox 1430 4548 1529 4603; x_wconf 86' lang='lat' dir='ltr'>Leone</span> <span class='ocrx_word' id='word_1_658' title='bbox 1546 4547 1653 4620; x_wconf 82' lang='lat' dir='ltr'>Magno</span> <span class='ocrx_word' id='word_1_659' title='bbox 1670 4552 1757 4621; x_wconf 89' lang='lat' dir='ltr'>atque</span> <span class='ocrx_word' id='word_1_660' title='bbox 1779 4495 1846 4606; x_wconf 69' lang='lat' dir='ltr'>ahia</span> 
     </span>
     <span class='ocr_line' id='line_1_76' title="bbox 141 4616 1844 4716; baseline -0.012 -21"><span class='ocrx_word' id='word_1_661' title='bbox 141 4639 219 4716; x_wconf 40' lang='grc'>,(13)</span> <span class='ocrx_word' id='word_1_662' title='bbox 239 4645 350 4700; x_wconf 86' lang='lat' dir='ltr'>Bedam</span> <span class='ocrx_word' id='word_1_663' title='bbox 364 4643 499 4713; x_wconf 89' lang='lat' dir='ltr'>aliosque</span> <span class='ocrx_word' id='word_1_664' title='bbox 515 4638 683 4708; x_wconf 91' lang='lat' dir='ltr'>nonnullos,</span> <span class='ocrx_word' id='word_1_665' title='bbox 700 4637 751 4709; x_wconf 89' lang='lat' dir='ltr'>qui</span> <span class='ocrx_word' id='word_1_666' title='bbox 763 4653 823 4692; x_wconf 91' lang='lat' dir='ltr'>non</span> <span class='ocrx_word' id='word_1_667' title='bbox 834 4636 958 4691; x_wconf 78' lang='lat' dir='ltr'>coneilio</span> <span class='ocrx_word' id='word_1_668' title='bbox 975 4616 1102 4682; x_wconf 84' lang='lat' dir='ltr'>Dctiam</span> <span class='ocrx_word' id='word_1_669' title='bbox 1116 4626 1218 4702; x_wconf 79' lang='lat' dir='ltr'>postca</span> <span class='ocrx_word' id='word_1_670' title='bbox 1234 4635 1397 4700; x_wconf 76' lang='lat' dir='ltr'>emersisse</span> <span class='ocrx_word' id='word_1_671' title='bbox 1412 4623 1522 4673; x_wconf 87' lang='lat' dir='ltr'>certum</span> <span class='ocrx_word' id='word_1_672' title='bbox 1538 4623 1594 4673; x_wconf 87' lang='lat' dir='ltr'>est.</span> <span class='ocrx_word' id='word_1_673' title='bbox 1617 4620 1773 4676; x_wconf 89' lang='lat' dir='ltr'>Credimus</span> <span class='ocrx_word' id='word_1_674' title='bbox 1788 4623 1844 4694; x_wconf 78' lang='lat' dir='ltr'>igi-</span> 
     </span>
     <span class='ocr_line' id='line_1_77' title="bbox 106 4689 1846 4787; baseline -0.005 -30"><span class='ocrx_word' id='word_1_675' title='bbox 106 4695 261 4787; x_wconf 68' lang='lat' dir='ltr'>Nteaeno,</span> <span class='ocrx_word' id='word_1_676' title='bbox 284 4715 339 4771; x_wconf 68' lang='lat' dir='ltr'>sed</span> <span class='ocrx_word' id='word_1_677' title='bbox 361 4713 492 4768; x_wconf 67' lang='lat' dir='ltr'>Eusebio</span> <span class='ocrx_word' id='word_1_678' title='bbox 516 4710 695 4766; x_wconf 67' lang='lat' dir='ltr'>caesariensi</span> <span class='ocrx_word' id='word_1_679' title='bbox 719 4708 959 4763; x_wconf 62' lang='lat' dir='ltr'>decemnovalem</span> <span class='ocrx_word' id='word_1_680' title='bbox 1016 4699 1063 4748; x_wconf 91' lang='lat' dir='ltr'>tur</span> <span class='ocrx_word' id='word_1_681' title='bbox 1077 4694 1227 4747; x_wconf 84' lang='lat' dir='ltr'>delinitum</span> <span class='ocrx_word' id='word_1_682' title='bbox 1242 4708 1258 4744; x_wconf 88' lang='lat' dir='ltr'>a</span> <span class='ocrx_word' id='word_1_683' title='bbox 1274 4691 1409 4760; x_wconf 82' lang='lat' dir='ltr'>concilio,</span> <span class='ocrx_word' id='word_1_684' title='bbox 1427 4695 1457 4744; x_wconf 91' lang='lat' dir='ltr'>ut</span> <span class='ocrx_word' id='word_1_685' title='bbox 1479 4689 1594 4744; x_wconf 86' lang='lat' dir='ltr'>Pascha</span> <span class='ocrx_word' id='word_1_686' title='bbox 1617 4693 1846 4748; x_wconf 87' lang='lat' dir='ltr'>resurrectionis</span> 
     </span>
    </p>
   </div>
   <div class='ocr_carea' id='block_1_23' title="bbox 114 4760 1848 4890">
    <p class='ocr_par' dir='ltr' id='par_1_23' title="bbox 114 4760 1848 4890">
     <span class='ocr_line' id='line_1_78' title="bbox 114 4760 1848 4853; baseline -0.009 -19"><span class='ocrx_word' id='word_1_687' title='bbox 114 4783 244 4844; x_wconf 67' lang='lat' dir='ltr'>cyclum</span> <span class='ocrx_word' id='word_1_688' title='bbox 257 4786 429 4853; x_wconf 89' lang='lat' dir='ltr'>attribuunt,</span> <span class='ocrx_word' id='word_1_689' title='bbox 447 4783 592 4838; x_wconf 83' lang='lat' dir='ltr'>Duronius</span> <span class='ocrx_word' id='word_1_690' title='bbox 608 4779 834 4835; x_wconf 73' lang='grc'>6166666315</span> <span class='ocrx_word' id='word_1_691' title='bbox 856 4793 959 4848; x_wconf 82' lang='lat' dir='ltr'>repra·</span> <span class='ocrx_word' id='word_1_692' title='bbox 1015 4765 1161 4820; x_wconf 77' lang='lat' dir='ltr'>Graeciae</span> <span class='ocrx_word' id='word_1_693' title='bbox 1177 4761 1452 4842; x_wconf 21' lang='lat' dir='ltr'>Latinieodcuatdic</span> <span class='ocrx_word' id='word_1_694' title='bbox 1469 4760 1670 4843; x_wconf 82' lang='lat' dir='ltr'>celebrareat3</span> <span class='ocrx_word' id='word_1_695' title='bbox 1696 4762 1801 4819; x_wconf 91' lang='lat' dir='ltr'>deinde</span> <span class='ocrx_word' id='word_1_696' title='bbox 1817 4768 1848 4819; x_wconf 90' lang='lat' dir='ltr'>ut</span> 
     </span>
     <span class='ocr_line' id='line_1_79' title="bbox 1016 4831 1847 4890; baseline 0.001 -2"><span class='ocrx_word' id='word_1_697' title='bbox 1016 4836 1051 4889; x_wconf 87' lang='lat' dir='ltr'>nd</span> <span class='ocrx_word' id='word_1_698' title='bbox 1068 4834 1241 4889; x_wconf 71' lang='lat' dir='ltr'>dardanorum</span> <span class='ocrx_word' id='word_1_699' title='bbox 1257 4831 1451 4886; x_wconf 80' lang='lat' dir='ltr'>drtlereatrata</span> <span class='ocrx_word' id='word_1_700' title='bbox 1467 4848 1501 4886; x_wconf 88' lang='lat' dir='ltr'>ea</span> <span class='ocrx_word' id='word_1_701' title='bbox 1517 4832 1581 4886; x_wconf 81' lang='lat' dir='ltr'>dics</span> <span class='ocrx_word' id='word_1_702' title='bbox 1597 4837 1679 4888; x_wconf 90' lang='lat' dir='ltr'>esset</span> <span class='ocrx_word' id='word_1_703' title='bbox 1693 4833 1847 4890; x_wconf 84' lang='lat' dir='ltr'>Dominica</span> 
     </span>
    </p>
   </div>
   <div class='ocr_carea' id='block_1_24' title="bbox 1017 4903 1850 5546">
    <p class='ocr_par' dir='ltr' id='par_1_24' title="bbox 1017 4903 1849 5332">
     <span class='ocr_line' id='line_1_80' title="bbox 1017 4903 1847 4976; baseline 0.004 -18"><span class='ocrx_word' id='word_1_704' title='bbox 1017 4922 1066 4959; x_wconf 85' lang='lat' dir='ltr'>xiv</span> <span class='ocrx_word' id='word_1_705' title='bbox 1089 4904 1166 4958; x_wconf 82' lang='lat' dir='ltr'>luam</span> <span class='ocrx_word' id='word_1_706' title='bbox 1191 4904 1286 4957; x_wconf 85' lang='lat' dir='ltr'>Martii</span> <span class='ocrx_word' id='word_1_707' title='bbox 1311 4903 1424 4957; x_wconf 91' lang='lat' dir='ltr'>mensis</span> <span class='ocrx_word' id='word_1_708' title='bbox 1448 4903 1581 4973; x_wconf 85' lang='lat' dir='ltr'>proxime</span> <span class='ocrx_word' id='word_1_709' title='bbox 1595 4919 1744 4976; x_wconf 79' lang='lat' dir='ltr'>sequens3</span> <span class='ocrx_word' id='word_1_710' title='bbox 1761 4908 1847 4962; x_wconf 91' lang='lat' dir='ltr'>tertio</span> 
     </span>
     <span class='ocr_line' id='line_1_81' title="bbox 1018 4974 1848 5032; baseline 0.002 -2"><span class='ocrx_word' id='word_1_711' title='bbox 1018 4980 1049 5031; x_wconf 94' lang='lat' dir='ltr'>ut</span> <span class='ocrx_word' id='word_1_712' title='bbox 1072 4975 1173 5029; x_wconf 91' lang='lat' dir='ltr'>circuli</span> <span class='ocrx_word' id='word_1_713' title='bbox 1197 4974 1415 5029; x_wconf 86' lang='lat' dir='ltr'>decemnovalis</span> <span class='ocrx_word' id='word_1_714' title='bbox 1440 4990 1514 5028; x_wconf 89' lang='lat' dir='ltr'>usus</span> <span class='ocrx_word' id='word_1_715' title='bbox 1536 4974 1738 5031; x_wconf 88' lang='lat' dir='ltr'>admitteretur</span> <span class='ocrx_word' id='word_1_716' title='bbox 1764 4994 1769 5032; x_wconf 94' lang='lat'>:</span> <span class='ocrx_word' id='word_1_717' title='bbox 1794 4977 1848 5032; x_wconf 90' lang='lat' dir='ltr'>sed</span> 
     </span>
     <span class='ocr_line' id='line_1_82' title="bbox 1018 5046 1849 5119; baseline 0 -18"><span class='ocrx_word' id='word_1_718' title='bbox 1018 5048 1153 5119; x_wconf 76' lang='lat' dir='ltr'>quandam</span> <span class='ocrx_word' id='word_1_719' title='bbox 1169 5050 1264 5100; x_wconf 87' lang='lat' dir='ltr'>tamea</span> <span class='ocrx_word' id='word_1_720' title='bbox 1279 5046 1315 5100; x_wconf 89' lang='lat' dir='ltr'>ad</span> <span class='ocrx_word' id='word_1_721' title='bbox 1331 5046 1466 5101; x_wconf 91' lang='lat' dir='ltr'>eumdem</span> <span class='ocrx_word' id='word_1_722' title='bbox 1486 5061 1574 5100; x_wconf 91' lang='lat' dir='ltr'>usum</span> <span class='ocrx_word' id='word_1_723' title='bbox 1596 5048 1849 5105; x_wconf 86' lang='lat' dir='ltr'>necessaria.noa</span> 
     </span>
     <span class='ocr_line' id='line_1_83' title="bbox 1019 5117 1849 5188; baseline -0.004 -14"><span class='ocrx_word' id='word_1_724' title='bbox 1019 5119 1092 5174; x_wconf 89' lang='lat' dir='ltr'>satis</span> <span class='ocrx_word' id='word_1_725' title='bbox 1108 5118 1252 5188; x_wconf 85' lang='lat' dir='ltr'>explicata</span> <span class='ocrx_word' id='word_1_726' title='bbox 1268 5118 1373 5186; x_wconf 88' lang='lat' dir='ltr'>luisse,</span> <span class='ocrx_word' id='word_1_727' title='bbox 1391 5117 1468 5172; x_wconf 92' lang='lat' dir='ltr'>unde</span> <span class='ocrx_word' id='word_1_728' title='bbox 1484 5121 1587 5187; x_wconf 89' lang='lat' dir='ltr'>postea</span> <span class='ocrx_word' id='word_1_729' title='bbox 1602 5122 1678 5174; x_wconf 83' lang='lat' dir='ltr'>natm</span> <span class='ocrx_word' id='word_1_730' title='bbox 1693 5118 1849 5173; x_wconf 85' lang='lat' dir='ltr'>difficulta-</span> 
     </span>
     <span class='ocr_line' id='line_1_84' title="bbox 1018 5187 1848 5245; baseline -0.004 0"><span class='ocrx_word' id='word_1_731' title='bbox 1018 5194 1074 5245; x_wconf 86' lang='lat' dir='ltr'>tes.</span> <span class='ocrx_word' id='word_1_732' title='bbox 1101 5190 1155 5242; x_wconf 80' lang='lat' dir='ltr'>adi</span> <span class='ocrx_word' id='word_1_733' title='bbox 1178 5189 1233 5243; x_wconf 89' lang='lat' dir='ltr'>hac</span> <span class='ocrx_word' id='word_1_734' title='bbox 1256 5189 1292 5243; x_wconf 94' lang='lat' dir='ltr'>de</span> <span class='ocrx_word' id='word_1_735' title='bbox 1318 5204 1349 5243; x_wconf 91' lang='grc'>66</span> <span class='ocrx_word' id='word_1_736' title='bbox 1374 5187 1479 5242; x_wconf 81' lang='lat' dir='ltr'>Prauc.</span> <span class='ocrx_word' id='word_1_737' title='bbox 1504 5188 1587 5243; x_wconf 90' lang='lat' dir='ltr'>Datbi</span> <span class='ocrx_word' id='word_1_738' title='bbox 1612 5194 1697 5245; x_wconf 89' lang='lat' dir='ltr'>notas</span> <span class='ocrx_word' id='word_1_739' title='bbox 1721 5190 1751 5243; x_wconf 92' lang='lat' dir='ltr'>iu</span> <span class='ocrx_word' id='word_1_740' title='bbox 1773 5189 1848 5243; x_wconf 90' lang='lat' dir='ltr'>hene</span> 
     </span>
     <span class='ocr_line' id='line_1_85' title="bbox 1018 5257 1723 5332; baseline -0.007 -14"><span class='ocrx_word' id='word_1_741' title='bbox 1018 5261 1173 5332; x_wconf 87' lang='lat' dir='ltr'>epistolam</span> <span class='ocrx_word' id='word_1_742' title='bbox 1189 5261 1265 5314; x_wconf 90' lang='lat' dir='ltr'>inter</span> <span class='ocrx_word' id='word_1_743' title='bbox 1279 5260 1421 5330; x_wconf 89' lang='lat' dir='ltr'>opuscula</span> <span class='ocrx_word' id='word_1_744' title='bbox 1434 5259 1499 5313; x_wconf 90' lang='lat' dir='ltr'>Nic.</span> <span class='ocrx_word' id='word_1_745' title='bbox 1516 5257 1603 5314; x_wconf 84' lang='lat' dir='ltr'>Pabri</span> <span class='ocrx_word' id='word_1_746' title='bbox 1619 5262 1723 5315; x_wconf 84' lang='lat' dir='ltr'>editas.</span> 
     </span>
    </p>

    <p class='ocr_par' dir='ltr' id='par_1_25' title="bbox 1019 5328 1850 5546">
     <span class='ocr_line' id='line_1_86' title="bbox 1054 5328 1847 5404; baseline -0.006 -19"><span class='ocrx_word' id='word_1_747' title='bbox 1054 5333 1111 5402; x_wconf 81' lang='grc'>(11)</span> <span class='ocrx_word' id='word_1_748' title='bbox 1130 5330 1263 5386; x_wconf 85' lang='lat' dir='ltr'>Observa</span> <span class='ocrx_word' id='word_1_749' title='bbox 1287 5331 1404 5404; x_wconf 56' lang='lat' dir='ltr'>veteris⁴</span> <span class='ocrx_word' id='word_1_750' title='bbox 1422 5329 1566 5385; x_wconf 80' lang='lat' dir='ltr'>Ecclesiae</span> <span class='ocrx_word' id='word_1_751' title='bbox 1592 5328 1847 5397; x_wconf 88' lang='lat' dir='ltr'>consuetudinem,</span> 
     </span>
     <span class='ocr_line' id='line_1_87' title="bbox 1019 5398 1848 5476; baseline -0.005 -18"><span class='ocrx_word' id='word_1_752' title='bbox 1019 5419 1077 5476; x_wconf 88' lang='lat' dir='ltr'>qua</span> <span class='ocrx_word' id='word_1_753' title='bbox 1102 5403 1282 5458; x_wconf 82' lang='lat' dir='ltr'>sacrificium</span> <span class='ocrx_word' id='word_1_754' title='bbox 1305 5405 1335 5457; x_wconf 96' lang='grc'>16</span> <span class='ocrx_word' id='word_1_755' title='bbox 1360 5402 1524 5474; x_wconf 78' lang='lat' dir='ltr'>pervilegio</span> <span class='ocrx_word' id='word_1_756' title='bbox 1548 5401 1703 5456; x_wconf 88' lang='lat' dir='ltr'>Paschatis</span> <span class='ocrx_word' id='word_1_757' title='bbox 1726 5413 1761 5454; x_wconf 91' lang='lat' dir='ltr'>eo</span> <span class='ocrx_word' id='word_1_758' title='bbox 1782 5398 1848 5468; x_wconf 86' lang='lat' dir='ltr'>ipso</span> 
     </span>
     <span class='ocr_line' id='line_1_88' title="bbox 1019 5470 1850 5546; baseline -0.005 -16"><span class='ocrx_word' id='word_1_759' title='bbox 1019 5480 1150 5545; x_wconf 90' lang='lat' dir='ltr'>tempore</span> <span class='ocrx_word' id='word_1_760' title='bbox 1170 5473 1357 5545; x_wconf 79' lang='lat' dir='ltr'>efferebatur,</span> <span class='ocrx_word' id='word_1_761' title='bbox 1387 5473 1466 5546; x_wconf 90' lang='lat' dir='ltr'>quod</span> <span class='ocrx_word' id='word_1_762' title='bbox 1492 5472 1603 5527; x_wconf 86' lang='lat' dir='ltr'>Christi</span> <span class='ocrx_word' id='word_1_763' title='bbox 1631 5470 1850 5526; x_wconf 83' lang='lat' dir='ltr'>resurreetione</span> 
     </span>
    </p>
   </div>
   <div class='ocr_carea' id='block_1_25' title="bbox 65 4836 1852 5784">
    <p class='ocr_par' dir='ltr' id='par_1_26' title="bbox 115 4836 959 5143">
     <span class='ocr_line' id='line_1_89' title="bbox 115 4836 959 4927; baseline -0.015 -14"><span class='ocrx_word' id='word_1_764' title='bbox 115 4836 229 4925; x_wconf 61' lang='lat' dir='ltr'>h⁹,11dit</span> <span class='ocrx_word' id='word_1_765' title='bbox 252 4857 442 4914; x_wconf 81' lang='lat' dir='ltr'>Ambrosiam</span> <span class='ocrx_word' id='word_1_766' title='bbox 466 4855 593 4927; x_wconf 70' lang='lat' dir='ltr'>huiusce</span> <span class='ocrx_word' id='word_1_767' title='bbox 617 4851 674 4906; x_wconf 90' lang='lat' dir='ltr'>loci</span> <span class='ocrx_word' id='word_1_768' title='bbox 699 4850 885 4918; x_wconf 85' lang='lat' dir='ltr'>auctoritate,</span> <span class='ocrx_word' id='word_1_769' title='bbox 912 4848 959 4901; x_wconf 91' lang='lat' dir='ltr'>cui</span> 
     </span>
     <span class='ocr_line' id='line_1_90' title="bbox 119 4917 959 5001; baseline -0.017 -14"><span class='ocrx_word' id='word_1_770' title='bbox 119 4917 215 5000; x_wconf 68' lang='lat' dir='ltr'>eh{lm</span> <span class='ocrx_word' id='word_1_771' title='bbox 230 4930 365 5001; x_wconf 90' lang='lat' dir='ltr'>Dionysii</span> <span class='ocrx_word' id='word_1_772' title='bbox 381 4927 487 4999; x_wconf 81' lang='lat' dir='ltr'>Exigui</span> <span class='ocrx_word' id='word_1_773' title='bbox 503 4924 704 4980; x_wconf 90' lang='lat' dir='ltr'>testimonium</span> <span class='ocrx_word' id='word_1_774' title='bbox 720 4937 756 4976; x_wconf 90' lang='lat' dir='ltr'>ex</span> <span class='ocrx_word' id='word_1_775' title='bbox 776 4920 869 4991; x_wconf 89' lang='lat' dir='ltr'>prima</span> <span class='ocrx_word' id='word_1_776' title='bbox 891 4919 959 4989; x_wconf 76' lang='lat' dir='ltr'>ejus</span> 
     </span>
     <span class='ocr_line' id='line_1_91' title="bbox 125 4990 959 5143; baseline -0.005 -25"><span class='ocrx_word' id='word_1_777' title='bbox 125 4990 959 5143; x_wconf 50' lang='lat' dir='ltr'>tortitia-tirtrinitatinstiteritis</span> 
     </span>
     <span class='ocr_line' id='line_1_92' title="bbox 132 5093 871 5137; baseline -0.018 0"><span class='ocrx_word' id='word_1_778' title='bbox 132 5126 136 5137; x_wconf 89' lang='lat'>.</span> <span class='ocrx_word' id='word_1_779' title='bbox 625 5108 632 5135; x_wconf 78' lang='lat' dir='ltr'>t</span> <span class='ocrx_word' id='word_1_780' title='bbox 862 5093 871 5114; x_wconf 55' lang='lat' dir='ltr'>t</span> 
     </span>
    </p>

    <p class='ocr_par' dir='ltr' id='par_1_27' title="bbox 65 5133 1763 5640">
     <span class='ocr_line' id='line_1_93' title="bbox 132 5133 958 5214; baseline -0.015 -17"><span class='ocrx_word' id='word_1_781' title='bbox 132 5143 154 5183; x_wconf 68' lang='lat' dir='ltr'>¹ss</span> <span class='ocrx_word' id='word_1_782' title='bbox 170 5133 229 5199; x_wconf 82' lang='lat' dir='ltr'>hac</span> <span class='ocrx_word' id='word_1_783' title='bbox 244 5143 368 5214; x_wconf 91' lang='lat' dir='ltr'>epistola</span> <span class='ocrx_word' id='word_1_784' title='bbox 384 5141 482 5195; x_wconf 91' lang='lat' dir='ltr'>minus</span> <span class='ocrx_word' id='word_1_785' title='bbox 498 5138 575 5192; x_wconf 88' lang='lat' dir='ltr'>clare</span> <span class='ocrx_word' id='word_1_786' title='bbox 591 5138 720 5191; x_wconf 89' lang='lat' dir='ltr'>locutum</span> <span class='ocrx_word' id='word_1_787' title='bbox 736 5151 772 5190; x_wconf 87' lang='lat' dir='ltr'>ex</span> <span class='ocrx_word' id='word_1_788' title='bbox 788 5150 823 5188; x_wconf 93' lang='lat' dir='ltr'>eo</span> <span class='ocrx_word' id='word_1_789' title='bbox 844 5133 958 5204; x_wconf 88' lang='lat' dir='ltr'>probat,</span> 
     </span>
     <span class='ocr_line' id='line_1_94' title="bbox 136 5204 961 5270; baseline -0.018 0"><span class='ocrx_word' id='word_1_790' title='bbox 136 5213 210 5270; x_wconf 75' lang='lat' dir='ltr'>P¹0d</span> <span class='ocrx_word' id='word_1_791' title='bbox 231 5216 307 5269; x_wconf 84' lang='lat' dir='ltr'>intra</span> <span class='ocrx_word' id='word_1_792' title='bbox 329 5211 473 5268; x_wconf 88' lang='lat' dir='ltr'>circulum</span> <span class='ocrx_word' id='word_1_793' title='bbox 502 5206 781 5263; x_wconf 89' lang='lat' dir='ltr'>enneadecateridos</span> <span class='ocrx_word' id='word_1_794' title='bbox 807 5220 865 5258; x_wconf 90' lang='lat' dir='ltr'>nou</span> <span class='ocrx_word' id='word_1_795' title='bbox 890 5204 961 5257; x_wconf 89' lang='lat' dir='ltr'>dicit</span> 
     </span>
     <span class='ocr_line' id='line_1_95' title="bbox 140 5273 961 5351; baseline -0.018 -8"><span class='ocrx_word' id='word_1_796' title='bbox 140 5286 230 5342; x_wconf 64' lang='lat' dir='ltr'>noenta</span> <span class='ocrx_word' id='word_1_797' title='bbox 253 5287 458 5351; x_wconf 88' lang='lat' dir='ltr'>constitutum,</span> <span class='ocrx_word' id='word_1_798' title='bbox 483 5280 537 5335; x_wconf 88' lang='lat' dir='ltr'>sed</span> <span class='ocrx_word' id='word_1_799' title='bbox 560 5279 607 5333; x_wconf 92' lang='lat' dir='ltr'>his</span> <span class='ocrx_word' id='word_1_800' title='bbox 630 5277 731 5332; x_wconf 90' lang='lat' dir='ltr'>verbis</span> <span class='ocrx_word' id='word_1_801' title='bbox 753 5278 865 5331; x_wconf 90' lang='lat' dir='ltr'>utitur:</span> <span class='ocrx_word' id='word_1_802' title='bbox 891 5299 901 5321; x_wconf 68' lang='lat' dir='ltr'>a</span> <span class='ocrx_word' id='word_1_803' title='bbox 929 5273 961 5329; x_wconf 88' lang='lat' dir='ltr'>Si</span> 
     </span>
     <span class='ocr_line' id='line_1_96' title="bbox 143 5348 958 5439; baseline -0.022 -22"><span class='ocrx_word' id='word_1_804' title='bbox 143 5349 201 5439; x_wconf 62' lang='lat' dir='ltr'>‘Pit</span> <span class='ocrx_word' id='word_1_805' title='bbox 220 5358 378 5429; x_wconf 81' lang='lat' dir='ltr'>diligenter</span> <span class='ocrx_word' id='word_1_806' title='bbox 399 5352 545 5421; x_wconf 80' lang='lat' dir='ltr'>intendat,</span> <span class='ocrx_word' id='word_1_807' title='bbox 566 5349 753 5405; x_wconf 86' lang='lat' dir='ltr'>statuendum</span> <span class='ocrx_word' id='word_1_808' title='bbox 774 5348 920 5429; x_wconf 88' lang='lat' dir='ltr'>putarent.</span> <span class='ocrx_word' id='word_1_809' title='bbox 947 5368 958 5393; x_wconf 80' lang='lat' dir='ltr'>a</span> 
     </span>
     <span class='ocr_line' id='line_1_97' title="bbox 65 5416 962 5499; baseline -0.011 -18"><span class='ocrx_word' id='word_1_810' title='bbox 65 5470 68 5481; x_wconf 89' lang='lat'>.</span> <span class='ocrx_word' id='word_1_811' title='bbox 147 5417 198 5479; x_wconf 83' lang='lat' dir='ltr'>hoa</span> <span class='ocrx_word' id='word_1_812' title='bbox 211 5429 328 5499; x_wconf 89' lang='lat' dir='ltr'>quidem</span> <span class='ocrx_word' id='word_1_813' title='bbox 343 5425 490 5481; x_wconf 85' lang='lat' dir='ltr'>Bucherio</span> <span class='ocrx_word' id='word_1_814' title='bbox 506 5439 565 5478; x_wconf 89' lang='lat' dir='ltr'>noa</span> <span class='ocrx_word' id='word_1_815' title='bbox 579 5421 760 5476; x_wconf 88' lang='lat' dir='ltr'>assentimur</span> <span class='ocrx_word' id='word_1_816' title='bbox 773 5436 801 5474; x_wconf 83' lang='lat' dir='ltr'>ru</span> <span class='ocrx_word' id='word_1_817' title='bbox 820 5433 866 5487; x_wconf 90' lang='lat' dir='ltr'>eo,</span> <span class='ocrx_word' id='word_1_818' title='bbox 883 5416 962 5499; x_wconf 89' lang='lat' dir='ltr'>quod</span> 
     </span>
     <span class='ocr_line' id='line_1_98' title="bbox 149 5489 962 5568; baseline -0.012 -15"><span class='ocrx_word' id='word_1_819' title='bbox 149 5491 173 5545; x_wconf 72' lang='lat' dir='ltr'>til</span> <span class='ocrx_word' id='word_1_820' title='bbox 186 5497 369 5556; x_wconf 74' lang='lat' dir='ltr'>Ambrosium</span> <span class='ocrx_word' id='word_1_821' title='bbox 384 5512 451 5568; x_wconf 83' lang='lat' dir='ltr'>quae</span> <span class='ocrx_word' id='word_1_822' title='bbox 468 5496 515 5550; x_wconf 91' lang='lat' dir='ltr'>hic</span> <span class='ocrx_word' id='word_1_823' title='bbox 526 5509 617 5564; x_wconf 88' lang='lat' dir='ltr'>super</span> <span class='ocrx_word' id='word_1_824' title='bbox 628 5491 752 5546; x_wconf 86' lang='lat' dir='ltr'>Paschae</span> <span class='ocrx_word' id='word_1_825' title='bbox 764 5489 962 5545; x_wconf 84' lang='lat' dir='ltr'>celebratione</span> 
     </span>
     <span class='ocr_line' id='line_1_99' title="bbox 151 5548 1763 5640; baseline -0.015 -16"><span class='ocrx_word' id='word_1_826' title='bbox 151 5565 559 5640; x_wconf 75' lang='lat' dir='ltr'>tautaThaophtloprobet</span> <span class='ocrx_word' id='word_1_827' title='bbox 574 5564 734 5618; x_wconf 89' lang='lat' dir='ltr'>mutuatum</span> <span class='ocrx_word' id='word_1_828' title='bbox 756 5559 862 5629; x_wconf 85' lang='lat' dir='ltr'>luisse,</span> <span class='ocrx_word' id='word_1_829' title='bbox 886 5560 962 5615; x_wconf 88' lang='lat' dir='ltr'>banc</span> <span class='ocrx_word' id='word_1_830' title='bbox 1020 5548 1226 5602; x_wconf 67' lang='lat' dir='ltr'>0008001&#39;8tum</span> <span class='ocrx_word' id='word_1_831' title='bbox 1245 5549 1301 5602; x_wconf 71' lang='grc'>681.</span> <span class='ocrx_word' id='word_1_832' title='bbox 1573 5612 1578 5624; x_wconf 45' lang='grc'>,</span> <span class='ocrx_word' id='word_1_833' title='bbox 1726 5610 1763 5623; x_wconf 43' lang='grc' dir='ltr'>Η</span> 
     </span>
    </p>

    <p class='ocr_par' dir='ltr' id='par_1_28' title="bbox 149 5609 1852 5784">
     <span class='ocr_line' id='line_1_100' title="bbox 149 5609 1852 5710; baseline -0.014 -13"><span class='ocrx_word' id='word_1_834' title='bbox 149 5651 165 5702; x_wconf 77' lang='lat' dir='ltr'>‚e</span> <span class='ocrx_word' id='word_1_835' title='bbox 180 5635 286 5698; x_wconf 77' lang='grc'>16161666</span> <span class='ocrx_word' id='word_1_836' title='bbox 307 5656 355 5698; x_wconf 84' lang='grc'>66.</span> <span class='ocrx_word' id='word_1_837' title='bbox 379 5638 431 5695; x_wconf 88' lang='grc'>381</span> <span class='ocrx_word' id='word_1_838' title='bbox 458 5639 526 5710; x_wconf 89' lang='lat' dir='ltr'>post</span> <span class='ocrx_word' id='word_1_839' title='bbox 552 5634 677 5701; x_wconf 87' lang='lat' dir='ltr'>Pascha,</span> <span class='ocrx_word' id='word_1_840' title='bbox 705 5654 716 5679; x_wconf 76' lang='grc' dir='ltr'>ι</span> <span class='ocrx_word' id='word_1_841' title='bbox 740 5632 872 5688; x_wconf 88' lang='lat' dir='ltr'>secundo</span> <span class='ocrx_word' id='word_1_842' title='bbox 896 5633 964 5701; x_wconf 85' lang='lat' dir='ltr'>post</span> <span class='ocrx_word' id='word_1_843' title='bbox 1055 5616 1293 5692; x_wconf 67' lang='grc'>(1513166166,</span> <span class='ocrx_word' id='word_1_844' title='bbox 1316 5637 1328 5669; x_wconf 72' lang='lat' dir='ltr'>a</span> <span class='ocrx_word' id='word_1_845' title='bbox 1348 5632 1403 5690; x_wconf 84' lang='lat' dir='ltr'>pro</span> <span class='ocrx_word' id='word_1_846' title='bbox 1419 5609 1852 5675; x_wconf 71' lang='lat' dir='ltr'>resurrectionemamroffe-</span> 
     </span>
     <span class='ocr_line' id='line_1_101' title="bbox 181 5692 1146 5784; baseline -0.028 -12"><span class='ocrx_word' id='word_1_847' title='bbox 181 5708 453 5784; x_wconf 78' lang='lat' dir='ltr'>&#39;tama&#39;lheophilo</span> <span class='ocrx_word' id='word_1_848' title='bbox 472 5708 557 5765; x_wconf 74' lang='lat' dir='ltr'>etex.</span> <span class='ocrx_word' id='word_1_849' title='bbox 582 5702 770 5762; x_wconf 82' lang='lat' dir='ltr'>Leterculum</span> <span class='ocrx_word' id='word_1_850' title='bbox 793 5702 965 5776; x_wconf 79' lang='lat' dir='ltr'>paschalem</span> <span class='ocrx_word' id='word_1_851' title='bbox 1020 5692 1112 5750; x_wconf 82' lang='lat' dir='ltr'>ratur.</span> <span class='ocrx_word' id='word_1_852' title='bbox 1135 5713 1146 5740; x_wconf 68' lang='lat' dir='ltr'>a</span> 
     </span>
    </p>
   </div>
   <div class='ocr_carea' id='block_1_26' title="bbox 148 5773 961 5879">
    <p class='ocr_par' dir='ltr' id='par_1_29' title="bbox 148 5773 961 5879">
     <span class='ocr_line' id='line_1_102' title="bbox 148 5773 961 5879; baseline -0.017 -34"><span class='ocrx_word' id='word_1_853' title='bbox 148 5797 210 5857; x_wconf 82' lang='lat' dir='ltr'>tono</span> <span class='ocrx_word' id='word_1_854' title='bbox 226 5804 238 5842; x_wconf 78' lang='grc'>6</span> <span class='ocrx_word' id='word_1_855' title='bbox 254 5783 397 5879; x_wconf 75' lang='grc'>66616166</span> <span class='ocrx_word' id='word_1_856' title='bbox 416 5780 553 5858; x_wconf 78' lang='lat' dir='ltr'>atomo,</span> <span class='ocrx_word' id='word_1_857' title='bbox 578 5792 645 5839; x_wconf 87' lang='lat' dir='ltr'>eum</span> <span class='ocrx_word' id='word_1_858' title='bbox 667 5774 755 5843; x_wconf 80' lang='lat' dir='ltr'>notia</span> <span class='ocrx_word' id='word_1_859' title='bbox 775 5773 961 5852; x_wconf 70' lang='lat' dir='ltr'>probabilius</span> 
     </span>
    </p>
   </div>
   <div class='ocr_carea' id='block_1_27' title="bbox 0 0 1972 6128">
    <p class='ocr_par' dir='ltr' id='par_1_30' title="bbox 0 0 1972 6128">
     <span class='ocr_line' id='line_1_103' title="bbox 0 0 1972 6128; baseline 0 0"><span class='ocrx_word' id='word_1_860' title='bbox 0 0 1972 6128; x_wconf 95' lang='lat' dir='ltr'> </span> 
     </span>
    </p>
   </div>
  </div>
 </body>
</html>
