3900 6128
113 247 173 330 863
834 258 866 319 S.
899 255 1124 322 AMBROSII·

115 464 173 529 tur,
190 463 219 515 et
234 476 292 514 non
308 458 472 530 patiebatur
488 474 494 514 :
511 459 701 525 moriebatur,
718 460 746 512 et
763 473 820 512 non
838 454 945 510 morie·
963 447 988 515 Α
1045 454 1089 511 ll.
1103 455 1162 511 Cur
1173 455 1316 512 divinitati
1331 459 1479 514 attributis
1489 474 1639 516 aerumnas
1651 474 1694 517 car

115 549 202 604 batur
213 549 282 618 (15):
295 548 503 618 sepeliebatur,
516 551 544 601 et
553 563 610 601 non
623 546 837 616 sepeliebatur:
850 562 947 599 resur·
1008 544 1156 599 infirmum
1172 546 1283 599 doloris
1299 547 1419 601 humani
1435 553 1463 602 et
1473 550 1580 604 divinae
1592 563 1694 605 conam

117 637 214 710 gebat,
241 640 269 690 et
294 652 352 690 non
376 636 572 707 resurgebat3
588 636 655 706 quia
672 650 780 704 eorpus
795 636 947 703 proprium
1009 635 1075 687 rre‘l
1095 656 1105 679 ιι
1124 634 1209 687 Nune
1225 635 1330 702 anima,
1347 637 1450 706 inquit,
1468 652 1531 690 mea
1552 637 1694 693 turbatae

116 724 298 778 suscitabat:
315 724 382 794 quia
398 725 477 794 quod
493 724 609 788 eccidit,
626 723 682 777 hoc
698 723 828 793 resurgit
844 737 850 776 :
868 722 946 791 quod
1008 721 1127 789 x11,⁶27).
1143 743 1153 768 ιι
1168 723 1272 775 Anima
1283 724 1398 776 turbata
1415 729 1470 793 est,
1488 741 1547 779 non
1563 724 1694 795 sapienti

117 827 176 866 nen
192 812 307 882 cecidit,
320 827 378 866 non
389 812 530 882 resurgit.
545 812 733 882 Resurgebat
743 810 834 882 igitur
844 824 948 863 secun-
1007 808 1108 863 tabilis
1122 810 1199 863 enim
1212 811 1347 865 manebat
1364 812 1517 881 sapientia,
1535 814 1590 868 elsi
1609 814 1694 871 circu

117 899 185 954 dum
201 915 330 968 carnem,
342 917 408 971 quie
420 904 533 954 mortua
542 901 706 954 resurrexit
716 915 722 953 :
734 914 792 952 non
804 913 946 968 resurge·
1008 897 1116 951 amictu
1126 899 1235 952 earnis.
1255 899 1327 952 Nam
1339 900 1369 952 in
1383 901 1432 954 ille
1446 902 1526 956 servi
1538 901 1632 955 torma
1646 916 1694 958 era

115 988 165 1043 bat
176 990 340 1043 secundum
351 988 489 1058 Verbum,
506 989 584 1060 quod
601 1004 658 1042 non
676 987 838 1041 resolutum
854 987 947 1040 luerat
1009 986 1096 1038 minis
1108 987 1276 1055 plenitudo:
1294 990 1322 1041 ot
1338 1003 1405 1042 cum
1421 1004 1453 1042 se
1470 989 1641 1059 exinanivit,
1658 989 1694 1045 lar

115 1077 275 1146 interram,
295 1077 348 1131 sed
359 1078 433 1147 apud
447 1077 537 1131 Deum
549 1092 667 1146 semper
677 1076 821 1130 manebat.
1009 1073 1140 1144 Denique
1157 1075 1272 1128 dicebat
1290 1091 1296 1130 :
1318 1098 1328 1124 ι
1348 1076 1503 1131 ambulate
1518 1078 1586 1131 dum
1606 1077 1694 1135 lumel

151 1165 195 1220 37.
208 1165 287 1237 Ergo
298 1170 327 1219 et
338 1165 516 1219 moriebatur
527 1165 690 1220 secuudum
702 1168 812 1218 nostrae
824 1179 946 1233 suscep·
1010 1161 1103 1230 (duan.
1120 1180 1171 1231 xu,
1188 1164 1243 1232 85).
1262 1185 1271 1210 ι
1292 1164 1327 1217 Et
1342 1165 1459 1234 quando
1470 1166 1500 1218 iu
1514 1170 1608 1220 morte
1622 1166 1688 1237 suit,

116 1254 225 1308 tionem
242 1245 316 1309 712
332 1257 454 1324 naturae,
472 1258 499 1309 et
512 1270 571 1309 non
586 1255 766 1308 moriebatur
783 1253 947 1308 secundum
1008 1267 1066 1303 non
1080 1254 1152 1304 orat.
1168 1251 1300 1321 Denique
1316 1255 1403 1306 etiam
1419 1252 1447 1307 in
1463 1253 1579 1309 inferno
1595 1254 1694 1324 positia

60 1407 64 1415 .
117 1347 235 1397 aeteruee
249 1342 445 1397 substantiam
458 1343 525 1397 vitae
543 1358 549 1397 :
566 1347 594 1397 et
609 1341 946 1412 patiebatur-secundum
1008 1355 1074 1392 men
1087 1338 1225 1393 suadebat
1237 1344 1366 1395 aeternae.
1380 1343 1522 1396 Radiabat
1533 1344 1619 1397 etiam
1632 1343 1694 1399 illic

118 1431 496 1501 corporissusceptionem3
508 1432 678 1499 utsuscepti
691 1430 945 1497 corporisveritns
1009 1427 1172 1496 sapientire,
1190 1428 1371 1482 illuminabat
1391 1430 1553 1497 internum,
1572 1432 1627 1486 sed
1647 1430 1694 1487 ind

117 1520 306 1574 crederetur:
323 1522 352 1575 et
367 1535 424 1574 non
441 1519 604 1589 patiebatur
615 1518 879 1573 secundum'Verbi
890 1520 946 1572 im·
1009 1515 1208 1570 claudebatur.
1226 1516 1297 1588 Quis
1313 1518 1390 1571 enim
1406 1518 1489 1573 locus
1505 1523 1550 1573 est
1565 1520 1694 1590 sapienti.

116 1608 290 1677 passibilem
304 1608 495 1677 divinitatem,
509 1609 587 1679 quod
607 1609 696 1662 totius
710 1622 817 1661 exsors
834 1607 945 1661 doloris
1008 1619 1064 1672 que
1083 1604 1153 1656 dicit
1168 1603 1269 1674 justus
1287 1620 1293 1657 :
1317 1628 1327 1651 ιι
1346 1606 1493 1675 Sapientia
1514 1612 1610 1662 autem
1626 1608 1694 1665 uude

117 1701 173 1750 est.
184 1696 315 1767 Denique
327 1697 404 1751 idem
413 1697 544 1751 dicebat:
559 1718 570 1743 ιι
584 1696 673 1761 Deus,
684 1696 764 1749 Deus
776 1710 870 1763 mene,
883 1711 946 1748 res·
1008 1694 1053 1744 est
1064 1693 1077 1744 ἓ)
1087 1691 1159 1755 Quis
1170 1695 1267 1745 aulem
1279 1693 1362 1747 loeus
1378 1699 1423 1747 est
1435 1695 1602 1764 disciplinae
1612 1699 1627 1750 ⁴?
1637 1695 1694 1752 Nes

115 1784 221 1854 piceio
232 1800 278 1838 me
291 1800 297 1838 :
310 1800 400 1856 quare
414 1800 460 1838 me
477 1784 512 1838 de
526 1784 670 1853 reliquisti
684 1782 778 1850 (Psal.
794 1798 854 1850 xxi,
872 1784 920 1851 tt?
933 1804 943 1830 ι
1008 1779 1085 1832 viani
1102 1779 1179 1849 ojuS,
1202 1796 1256 1833 noo
1275 1782 1391 1835 inventa
1413 1787 1459 1836 est
1476 1783 1554 1837 inter
1569 1785 1694 1841 homines

114 1873 182 1944 quia
194 1872 357 1926 secundum
373 1887 492 1926 carnem
508 1873 629 1926 relictus
643 1874 698 1932 est,
716 1871 766 1942 qui
779 1871 945 1926 secundum
1008 1884 1109 1932 xxvm,
1124 1865 1166 1934 ld,
1180 1868 1223 1935 ld)

115 1960 295 2015 divinitatem
306 1976 360 2015 nec
372 1960 469 2015 deseri
481 1959 582 2031 potuit,
595 1975 649 2013 nec
660 1959 796 2031 relinqui.
1048 1948 1121 2011 713
1141 1955 1184 2009 42.
1207 1957 1285 2028 Ergo
1301 1974 1356 2012 nec
1372 1959 1401 2012 in
1417 1961 1562 2030 tempore,
1581 1977 1636 2015 nec
1654 1961 1686 2017 ia

150 2047 195 2103 38.
211 2049 290 2103 Idem
307 2049 393 2103 etiam
406 2049 491 2103 dicit:
507 2070 518 2095 ιι
533 2049 635 2118 Longe
646 2064 663 2101 a
674 2048 768 2102 salute
779 2063 842 2102 mea
853 2047 945 2101 verba
1007 2044 1115 2114 pientia
1128 2048 1182 2113 est,
1195 2046 1272 2099 unde
1286 2050 1314 2100 et
1325 2050 1440 2117 tempus
1454 2065 1523 2103 esse
1537 2050 1686 2120 significat

115 2136 289 2191 delictorum
302 2151 434 2191 meorum
448 2136 559 2205 (leid),
577 2157 587 2184 ιι
606 2136 661 2190 hoe
673 2138 718 2189 est
732 2150 791 2189 nen
802 2135 943 2205 capiatur,
1007 2134 1155 2203 quomodo
1164 2134 1192 2186 in
1204 2138 1344 2203 tempere,
1355 2152 1421 2204 qure
1433 2136 1461 2189 in
1472 2139 1617 2207 principio
1628 2142 1689 2193 erat

114 2225 165 2296 qui
178 2224 259 2278 audit
273 2240 279 2279 :
298 2246 309 2272 ι
323 2222 418 2288 Quare
433 2239 479 2278 me
493 2215 677 2293 dereliquisti
688 2224 723 2277 ‘lu
739 2222 946 2293 sedintelligat
1007 2222 1044 2275 do
1057 2221 1086 2274 iu
1097 2221 1171 2289 loro,
1188 2238 1253 2292 qoae
1264 2223 1340 2292 apud
1353 2223 1443 2276 Deum
1456 2227 1539 2278 orat?
1557 2225 1694 2297 Unigeuil

114 2313 192 2383 quod
209 2312 373 2366 secundum
384 2327 501 2366 carnem
517 2313 572 2365 ista
588 2313 732 2380 dicantur,
745 2326 812 2382 quae
823 2310 911 2382 longe
928 2327 945 2363 a
1008 2309 1033 2361 si
1046 2309 1197 2378 quaeritur,
1210 2311 1239 2362 in
1251 2310 1318 2362 sinu
1334 2310 1429 2364 Patris
1445 2313 1619 2383 evangelice
1633 2314 1694 2384 spir

113 2400 293 2470 plenitudine
305 2401 465 2454 divinitatis
477 2400 571 2454 aliene
583 2404 660 2454 sunt.
674 2399 776 2453 Aliena
787 2403 856 2453 sunt
867 2400 945 2453 enim
1007 2397 1090 2450 ritur.
1104 2397 1241 2467 Nunquid
1254 2398 1350 2451 sinum
1362 2399 1458 2453 Patris
1469 2400 1566 2454 locum
1578 2402 1694 2471 putatis

112 2503 129 2541 a
145 2488 206 2543 Deo
222 2488 311 2542 verbe
326 2489 511 2555 dilectorum,
527 2489 596 2558 quia
610 2488 704 2541 aliena
721 2487 945 2542 suntetdelirta
1006 2485 1072 2538 ritis
1088 2485 1233 2555 quomodo
1250 2490 1315 2538 nata
1331 2487 1378 2555 sit,
1392 2502 1457 2540 eum
1474 2489 1551 2542 dieat
1567 2490 1694 2559 propheti

112 2576 272 2630 verborum
293 2591 300 2630 :
325 2576 379 2630 scd
402 2576 540 2646 quoniam
564 2576 668 2630 delicto
693 2576 787 2630 aliena
809 2576 941 2645 suscepi,
1009 2573 1234 2627 «Neseitliomo
1247 2574 1324 2626 riam
1341 2574 1458 2646 ejusr»
1478 2576 1512 2629 Et
1528 2578 1691 2633 secundum

113 2664 200 2717 etiam
215 2664 389 2718 delictorum
404 2663 567 2718 alienorum
584 2665 674 2718 verbu
689 2664 808 2735 suscepi
821 2679 828 2733 ;
844 2667 874 2718 ut
890 2664 943 2718 de·
1007 2663 1103 2714 ortum
1113 2660 1180 2732 ejus
1195 2663 1358 2732 aestimatis,
1372 2680 1438 2717 curn
1454 2664 1509 2718 lob
1521 2665 1599 2719 dicat
1610 2651 1691 2736 quod

114 2751 248 2805 relietum
271 2766 317 2805 me
340 2767 357 2804 a
379 2751 466 2805 Patre
491 2752 551 2807 Deo
577 2767 646 2807 esse
670 2752 775 2822 dicam,
799 2753 850 2822 qui
865 2752 942 2822 apud
1006 2749 1102 2803 mines
1114 2765 1172 2804 non
1183 2750 1220 2804 sit
1230 2751 1347 2805 inventa
1363 2753 1377 2804 ‘l
1392 2751 1427 2805 Et
1443 2753 1694 2809 mor-temtribuitir

113 2836 206 2891 Deum
221 2854 339 2908 semper
354 2855 430 2894 sum.
1005 2837 1064 2906 tiae,
1076 2839 1112 2892 de
1121 2853 1178 2909 qua
1192 2861 1202 2884 ιι
1215 2839 1345 2909 abyssus
1356 2841 1427 2894 dicit
1439 2856 1444 2894 :
1458 2841 1524 2895 Non
1536 2846 1582 2896 est
1593 2843 1622 2896 in
1636 2857 1681 2898 me

148 2926 192 2980 39.
210 2926 278 2981 Erat
293 2928 383 2999 igitur
397 2928 570 2983 immortalis
586 2929 615 2982 in
632 2930 734 2997 morte,
747 2928 942 3000 impassibilis
1006 2926 1092 2979 dicit:
1104 2926 1348 2982 Nenestmeeum
1361 2928 1448 2994 (Ibid.
1463 2929 1528 2996 llll
1542 2951 1552 2979 ιι
1565 2931 1630 2985 Νοιι
1640 2931 1694 2986 dici

112 3016 141 3070 in
157 3016 307 3086 passione.
328 3017 441 3072 Etenim
457 3020 543 3088 quasi
558 3019 651 3072 Deum
672 3033 731 3072 non
747 3016 823 3087 cepit
839 3017 942 3071 mortis
1005 3013 1072 3068 Non
1084 3014 1169 3069 estin
1181 3031 1237 3081 me,
1252 3016 1305 3069 sed
1322 3040 1332 3062 ιι
1345 3017 1475 3086 abyssus
1486 3019 1567 3084 dicit,
1579 3019 1694 3075 Nenest

112 3121 253 3171 oerumna,
274 3109 303 3160 et
321 3106 456 3160 eumdem
472 3107 557 3177 quasi
574 3107 722 3161 hominem
733 3104 941 3160 infernaridc-
1007 3102 1074 3157 Noa
1090 3104 1168 3158 enim
1183 3104 1304 3174 abysso,
1323 3107 1375 3158 sed
1387 3107 1466 3160 Patri
1484 3107 1576 3162 dixit:
1591 3131 1602 3155 ι
1616 3109 1647 3162 In
1658 3122 1694 3163 rnt

108 3199 186 3248 runt.
200 3195 331 3266 Denique
344 3217 355 3241 ιι
366 3195 463 3250 emisit
474 3195 738 3265 spiritnmtllattlr.
751 3211 843 3260 xxvu,
855 3194 910 3264 50),
926 3218 936 3241 ι
957 3175 982 3241 C
1006 3192 1179 3246 commendo
1197 3194 1333 3262 spiritum
1353 3210 1450 3248 meum
1468 3196 1549 3263 (Luc.
1565 3213 1648 3264 xxm,
1668 3196 1694 3252 lt

109 3287 246 3338 ettamen
261 3283 348 3354 quusi
362 3284 472 3338 arbiter
482 3283 607 3337 exuendi
619 3283 861 3353 suscipiendique
873 3298 940 3337 eor·
1004 3280 1099 3333 anima
1115 3281 1170 3334 etsi
1185 3280 1239 3336 luit
1252 3282 1282 3334 in
1300 3282 1420 3352 abysso,
1435 3282 1495 3353 jam
1509 3300 1568 3338 non
1584 3290 1630 3339 est
1641 3301 1649 3354 3
1661 3300 1694 3357 qu

108 3373 201 3442 poris,
212 3373 309 3426 emisit
318 3372 464 3441 spiritum,
480 3387 539 3425 non
553 3371 661 3425 amisit.
672 3370 823 3426 Pendebat
834 3371 863 3424 ia
874 3386 940 3424 eru·
1003 3373 1065 3422 tum
1076 3371 1137 3423 est:
1153 3391 1163 3416 ιι
1177 3368 1320 3432 Quoniam
1332 3387 1391 3424 non
1403 3371 1554 3442 relinques
1564 3374 1690 3428 animam

108 3474 152 3529 ce,
171 3463 199 3514 et
213 3461 311 3514 omnia
328 3460 541 3526 commovebat.
554 3460 710 3514 Tremebat
721 3459 840 3531 inligno
852 3474 939 3530 quom
1003 3456 1130 3525 inferno,
1143 3472 1198 3512 nec
1209 3457 1294 3512 dabis
1310 3465 1445 3514 sanctum
1461 3464 1542 3515 tuum
1559 3461 1660 3517 videre
1675 3476 1694 3518 ei

106 3549 186 3602 totus
195 3547 337 3602 tremebat
346 3547 394 3601 hie
405 3547 543 3602 mundus.
555 3547 623 3601 Erat
633 3548 852 3618 itersupplioia,
863 3548 941 3602 exci·
1003 3544 1174 3614 nethsel.
1188 3563 1237 3600 xv.
1252 3545 1305 3617 ta).
1320 3573 1331 3596 ι

106 3637 205 3706 piehat
222 3637 344 3690 vulnera
363 3635 416 3706 (bd
427 3637 454 3708 ),.
467 3639 496 3691 et
516 3651 641 3708 regnum
658 3636 780 3691 eoeleste
800 3635 936 3691 donabat.
1039 3632 1083 3687 43.
1098 3633 1178 3689 Mare
1194 3650 1266 3706 ergo
1280 3636 1367 3690 dicit:
1387 3659 1398 3683 ιι
1410 3636 1476 3691 Νοιι
1489 3640 1671 3709 estmecum,
1685 3660 1694 3688 ι

108 3722 264 3778 Peccatum
275 3723 405 3778 emnium
418 3723 523 3794 laetuS,
535 3728 655 3794 peecata
666 3724 786 3796 generis
801 3724 939 3778 abluebat
1002 3720 1061 3775 vita
1077 3725 1177 3776 nostra
1191 3722 1262 3778 dicit
1275 3725 1414 3779 fluetibus
1430 3726 1534 3780 saeouli
1550 3726 1691 3797 inquieta.

108 3809 238 3865 humaui.
252 3812 405 3866 Postremo
420 3816 553 3866 mortuus
564 3817 620 3882 est,
635 3817 663 3867 et
673 3813 805 3868 secunde
815 3816 843 3867 et
853 3813 937 3866 lertio
1003 3811 1081 3863 enim
1099 3810 1175 3864 inter
1189 3811 1324 3866 homines
1341 3829 1409 3867 caro
1421 3814 1498 3883 ejuS,
1511 3815 1579 3884 quia
1591 3814 1694 3870 secani

108 3898 262 3952 exsultans
277 3901 364 3969 atque
380 3914 473 3954 ovans
486 3900 563 3968 dieo,
582 3904 716 3954 mortuus
732 3904 796 3969 cst;
813 3904 844 3955 ut
859 3900 938 3954 illius
1003 3913 1070 3952 nem
1086 3899 1148 3969 jam
1167 3916 1226 3954 non
1245 3901 1381 3955 novimus
1400 3900 1550 3956 Christum
1569 3903 1622 3971 (II
1635 3903 1694 3959 Cor

108 4001 188 4039 mors
200 3986 258 4039 vita
269 3987 352 4040 fieret
363 3991 554 4042 mortuarum.
1003 3986 1094 4040 Terra
1111 3987 1202 4043 dicit:
1228 4012 1238 4034 ιι
1255 3989 1319 4042 Νοιι
1335 3993 1381 4044 est
1400 4006 1529 4060 niseum,
1549 4014 1560 4037 ι
1577 3991 1646 4062 quia
1661 4004 1694 4046 ιιι

143 4073 187 4127 40.
200 4073 256 4128 Sed
270 4087 325 4128 uec
338 4074 509 4144 sepulcrum
522 4076 641 4145 quidem
657 4075 723 4145 ejus
735 4076 875 4130 miraculo
888 4092 937 4129 ca·
1003 4075 1134 4145 Denique
1146 4076 1270 4146 angelus
1281 4079 1338 4132 ait:
1353 4100 1363 4124 ι
1377 4077 1451 4141 Quid
1463 4080 1598 4148 queritis
1610 4080 1694 4135 vireo

108 4164 161 4217 ret.
174 4161 249 4216 Nam
260 4178 327 4216 cum
338 4167 420 4217 esset
431 4163 693 4233 unctusaloseph,
711 4168 738 4217 et
753 4164 783 4217 in
795 4162 862 4235 ejus
875 4180 938 4218 mo·
1002 4163 1126 4217 mortuis
1138 4165 1218 4231 (Luc.
1231 4181 1312 4233 xxiv,
1322 4165 1350 4234 5)
1361 4167 1375 4220 ‘l
1393 4185 1404 4214 ι
1418 4165 1452 4220 Et
1462 4166 1537 4221 bene
1548 4181 1629 4221 mare
1642 4166 1694 4222 dix

108 4250 485 4329 numentesepultustbue.
497 4251 646 4320 xx111,53),
661 4267 737 4306 noro
756 4267 844 4322 opere
863 4268 938 4324 quo·
1003 4255 1048 4305 est
1057 4267 1189 4320 meeum3
1204 4275 1214 4300 ιι
1225 4255 1292 4323 quia
1303 4269 1394 4324 super
1403 4269 1482 4308 mare
1491 4258 1562 4308 erat.
1577 4256 1694 4327 Deniqu

107 4338 173 4394 dam
190 4339 256 4409 ipse
270 4338 427 4393 defunctus
443 4338 649 4393 detunctorum
665 4340 802 4410 sepulcra
819 4356 937 4395 resera·
1002 4344 1030 4393 el
1041 4342 1338 4412 corporeisvestigiis
1348 4342 1524 4410 ambulabat,
1535 4345 1687 4415 quandoct

106 4427 171 4483 bat:
185 4431 214 4483 et
224 4442 333 4497 eorpus
346 4427 464 4498 quidem
478 4426 545 4498 ojus
559 4426 677 4497 jacebat
689 4428 717 4481 in
732 4428 843 4482 tumulo
855 4445 862 4497 3
874 4429 938 4498 ipse
1002 4429 1074 4481 mari
1083 4445 1175 4499 super
1185 4445 1264 4484 mare
1275 4431 1394 4484 Petrum
1407 4431 1558 4485 ambulare
1573 4430 1693 4505 prescipi

107 4521 204 4571 autem
215 4516 291 4570 inter
304 4520 437 4570 mortuos
452 4516 537 4583 liber,
553 4516 761 4570 remissionem
778 4517 808 4570 in
824 4518 937 4571 interno
951 4535 974 4595 1)
1001 4533 1061 4586 xiv,
1084 4518 1145 4587 dvm
1165 4521 1213 4588 qui
1231 4518 1299 4572 lirot
1315 4519 1493 4585 titubaverit,
1511 4518 1647 4573 titubavit
1662 4522 1694 4574 tar

106 4606 223 4675 positis,
236 4605 332 4659 soluta
343 4604 447 4658 mortis
458 4605 535 4676 lege,
548 4604 683 4658 donabat.
697 4605 766 4659 Erat
780 4621 853 4676 ergo
870 4622 938 4659 curo
1001 4621 1054 4674 per
1073 4606 1301 4660 imbecillitatem
1320 4605 1468 4676 jubentis,
1488 4607 1543 4661 sed
1566 4623 1619 4678 per
1637 4606 1694 4663 indi

108 4692 175 4762 ejus
191 4693 220 4746 in
239 4695 437 4763 monumento,
455 4693 508 4747 sed
526 4694 621 4747 virtus
641 4695 708 4763 ejus
731 4693 938 4764 operabature
1002 4693 1177 4748 obedientis.

108 4780 413 4835 eccloOsteudebnlur
422 4782 559 4836 omnibus
568 4797 621 4852 per
632 4782 766 4851 eorporis
775 4783 937 4851 veritatem,
1036 4782 1080 4834 d-l.
1095 4782 1173 4852 Ergo
1185 4782 1336 4851 splendori
1347 4782 1516 4854 glorimnon
1527 4784 1694 4853 permisces

108 4866 177 4936 quia
196 4883 254 4921 non
272 4884 340 4923 caro
359 4873 421 4923 erat
440 4869 579 4937 Verbum,
599 4869 653 4924 sed
672 4886 739 4924 earo
758 4872 820 4923 erat
837 4869 937 4924 Verbi.
1000 4874 1192 4924 atmmontum
1214 4874 1337 4939 natur-m,
1364 4886 1422 4925 non
1445 4871 1504 4925 laci
1535 4872 1675 4928 nebulam

108 4952 182 5008 Caro
193 4955 310 5026 quidem
323 4958 453 5028 gustavit
464 4963 596 5024 mortem,
612 4959 664 5012 sed
677 4958 871 5028 impassibilis
887 4959 938 5011 [lei
1001 4959 1098 5011 caruis
1114 4957 1260 5012 offundas.
1281 4960 1398 5013 llursus
1415 4961 1585 5029 passionem
1604 4960 1694 5031 praedi

108 5043 202 5095 virtus
216 5058 221 5096 :
235 5046 262 5096 et
272 5044 299 5097 si
310 5047 390 5099 exuit
401 5061 520 5116 cerpus,
533 5046 645 5101 nullum
655 5050 752 5102 tamen
763 5046 799 5101 de
813 5062 937 5116 corpore
1000 5061 1185 5116 nequaquam
1201 5047 1227 5099 id
1245 5047 1322 5117 qnod
1332 5052 1378 5101 est
1388 5048 1530 5116 passibile
1545 5064 1694 5120 recogaos

108 5129 169 5185 Deo
182 5130 327 5187 damnum.
999 5136 1086 5188 tatem
1098 5136 1214 5189 Domini
1226 5135 1370 5203 refellisti,
1384 5135 1507 5189 salutem
1519 5141 1598 5190 tuam
1611 5152 1694 5210 negm

144 5326 200 5396 (ἓῦ)
210 5326 389 5381 Athanasius
399 5327 521 5397 epistola
534 5330 567 5383 ad
581 5329 819 5402 Epictetumquae
828 5331 938 5401 reperi·
1034 5330 1089 5395 (etl)
1106 5330 1179 5383 ltlss.
1196 5346 1253 5383 non
1271 5329 1365 5399 patiri,
1383 5329 1521 5400 expiabat
1543 5328 1678 5385 vulnera.

107 5397 315 5464 lurinterejus
326 5398 430 5469 Opera,
442 5401 555 5465 etapud
572 5401 936 5477 Epiplianiumheeresfti,
1035 5401 1091 5468 (nl)
1115 5402 1155 5454 lta
1179 5405 1236 5455 ret.
1262 5402 1330 5454 edit.
1351 5416 1384 5453 ae
1405 5401 1505 5470 plures
1520 5415 1596 5455 mss.
1617 5403 1694 5458 Rom

106 5480 150 5529 καὶ
160 5470 348 5560 ἧνπαράδοξον,
358 5470 398 5530 ὅτι
408 5476 484 5537 ebrie
495 5472 523 5536 ἦν
534 5479 546 5530 ὀ
556 5480 660 5548 πάσχον
671 5482 714 5531 καὶ
725 5481 759 5551 μὴ
768 5481 865 5553 πάχον,
880 5486 935 5537 oto,
998 5472 1047 5526 alii
1071 5487 1124 5542 per
1146 5472 1417 5552 interrogationem,
1436 5494 1447 5520 ι
1475 5471 1553 5527 unde
1575 5475 1694 5545 tempus

106 5549 203 5609 locum
227 5565 325 5619 ipsum
347 5550 394 5603 adi
419 5552 446 5602 et
470 5565 536 5603 eum
558 5550 614 5603 hoc
640 5551 827 5609 Ambrisiauo
857 5569 935 5607 eom·
999 5544 1068 5596 essl‘?
1086 5564 1096 5593 ι)
1115 5544 1233 5598 Mlssime
1250 5543 1335 5596 male.

108 5634 196 5707 pene.
