3900 6128
533 314 837 385 EPISTOLARUM
854 318 1025 383 GLASSIS
1040 320 1065 385 1.
1576 318 1658 392 1150

85 513 230 588 erisjusto
240 516 282 587 (ll
286 517 309 586 l,
322 518 354 572 ut
368 532 426 572 non
443 517 517 581 947
532 521 644 587 peccet,
655 520 684 573 et
694 518 758 589 ipse
773 505 888 576 Khera
903 520 972 593 quid
987 521 1149 594 loquamini
1164 538 1171 579 ι
1188 539 1247 579 non
1269 523 1347 579 euim
1368 540 1424 580 vos
1443 524 1518 580 estis
1542 523 1593 597 qui
1612 524 1655 580 le·

85 605 197 674 averit,
225 605 327 677 justus
360 606 419 660 vita
453 606 532 660 vivet
560 608 629 677 quia
658 608 760 663 dixisti
817 610 950 682 quimini,
966 611 1020 666 sed
1034 610 1162 683 Spiritus
1179 612 1274 668 Patris
1290 614 1392 684 vestri,
1410 614 1462 686 qui
1477 614 1610 687 loquitur
1624 614 1655 670 iu

88 693 217 748 animam
236 696 317 749 tuam
339 695 484 750 liberabis
503 695 626 766 (Ezeclr.
651 713 691 766 ur,
713 697 760 752 ιι·
816 699 903 754 vohis
918 700 1038 770 (Manli.
1052 717 1082 772 v,
1098 700 1142 773 19,
1159 703 1214 772 ιθ).
1232 703 1268 758 Et
1282 705 1379 758 tamen
1393 703 1420 758 si
1435 703 1466 757 in
1481 702 1583 758 causis
1597 701 1655 758 rei·

816 789 944 859 publicae
958 789 1080 862 loquar,
1105 792 1241 862 quamvis
1260 792 1347 847 etiam
1370 793 1431 846 illic
1450 791 1566 864 justitia
1586 806 1654 846 ser·

103 873 205 945 tgitur,
229 875 397 945 imperator,
424 876 571 932 benorum
593 876 664 931 mibi
689 891 759 931 essa
816 878 911 932 venda
927 878 975 949 sit,
992 883 1139 936 nentauto
1155 881 1304 954 astringar
1315 885 1403 950 metu,
1415 881 1441 935 si
1456 896 1515 936 aon
1530 879 1652 936 audiar:

85 976 126 1017 ιιιι
140 962 285 1017 malarum
301 965 495 1034 consortium,
508 969 536 1021 et
550 965 617 1020 ideo
632 965 760 1020 clemen·
816 968 847 1022 ιιι
862 983 953 1022 causa
968 983 1040 1025 vero
1056 969 1108 1024 Dei
1124 985 1212 1042 quera
1226 970 1340 1040 audies,
1357 971 1384 1024 si
1396 970 1580 1025 sacerdotem
1594 984 1654 1024 non

85 1049 223 1121 isplicere
242 1051 330 1106 debet
360 1054 525 1109 sacerdotis
550 1052 709 1123 silentium,
726 1053 760 1107 li·
816 1055 931 1127 audias,
948 1055 1037 1130 cuius
1055 1058 1324 1130 majore-peccatur
1338 1058 1494 1130 periculo?
1515 1057 1588 1124 Quis
1602 1057 1655 1113 tibi

85 1151 158 1193 cere.
169 1139 244 1194 Nam
256 1141 432 1196 sileatiimei
442 1143 574 1213 pericula
584 1143 757 1213 involveris,
817 1160 920 1200 verum
934 1146 1053 1202 audebit
1064 1146 1174 1219 dicere,
1187 1147 1213 1203 si
1228 1149 1371 1204 sacerdos
1382 1163 1440 1204 non
1456 1148 1584 1203 audeat?

85 1226 159 1283 bano
173 1227 300 1300 juvaris.
317 1231 383 1287 Nea
393 1247 466 1304 erge
476 1232 662 1303 importunus
679 1232 759 1287 inde·
851 1235 878 1290 5.
895 1235 1014 1291 Navita
1030 1235 1121 1308 pium,
1139 1237 1324 1308 clementem,
1341 1237 1450 1308 mitem,
1466 1240 1553 1309 atque
1570 1239 1652 1290 tran-

85 1318 345 1388 ntersern,alienis
366 1320 567 1393 ingere:sed
590 1321 759 1376 debitisob-
817 1323 960 1395 quillum,
990 1323 1078 1380 tidem
1102 1341 1136 1381 ac
1165 1325 1300 1382 timerem
1324 1326 1441 1382 Domini
1469 1325 1551 1381 cordi
1581 1323 1655 1390 948

85 1405 225 1461 mandatis
252 1407 302 1462 Dei
328 1410 422 1464 nestri
444 1410 561 1464 obedio.
583 1409 668 1475 Quod
683 1410 758 1465 tucio
817 1413 975 1469 habentem
990 1428 997 1470 :
1014 1415 1066 1470 sed
1083 1414 1257 1488 plerumque
1274 1416 1370 1488 aliqua
1390 1431 1446 1472 nos
1461 1415 1575 1471 lallunt.
1593 1414 1656 1469 Ha·

85 1493 105 1548 ιι
118 1509 229 1565 amare,
249 1496 291 1550 tui
313 1499 417 1568 gnatia,
435 1501 492 1553 tua
512 1498 610 1554 studio
635 1515 758 1554 censer·
815 1502 885 1557 bant
903 1502 993 1575 aliqui
1017 1503 1112 1559 aelam
1136 1504 1200 1574 Dei,
1218 1505 1271 1560 sed
1292 1521 1351 1560 nen
1374 1504 1539 1560 secundum
1553 1503 1654 1559 scien·

85 1583 153 1638 atis.
170 1583 201 1639 Si
213 1585 242 1639 id
258 1586 329 1640 mibi
340 1587 387 1642 vel
403 1603 463 1641 uon
479 1588 620 1657 creditur,
646 1588 693 1642 vel
709 1588 757 1642 in·
815 1591 885 1647 tiam
907 1590 1002 1660 (Ram.
1027 1610 1057 1661 x,
1080 1593 1118 1663 ι).
1145 1594 1189 1648 Ne
1211 1594 1302 1666 igitur
1322 1594 1380 1649 boc
1401 1594 1489 1649 eliam
1512 1593 1652 1649 tldelibus

87 1671 178 1728 :dico
194 1690 265 1729 sane
286 1675 394 1731 dirime
418 1676 540 1732 adenem
566 1679 655 1732 metu.
682 1677 758 1733 Nam
816 1679 922 1735 animis
939 1679 1072 1752 obrepat,
1089 1681 1252 1737 carendum
1267 1683 1405 1739 arbitror.
1423 1683 1500 1737 Novi
1516 1683 1653 1753 pietatem

85 1760 238 1817 seniculum
257 1766 284 1819 le
308 1768 430 1820 exueret
452 1764 524 1837 (ill,
552 1766 696 1837 patienter
711 1783 758 1822 me
815 1772 895 1825 tuam
910 1784 982 1841 erga
998 1769 1101 1836 Deum,
1117 1769 1266 1825 lenitatem
1280 1770 1310 1826 in
1326 1771 1462 1827 homines
1479 1786 1486 1826 :
1504 1769 1654 1843 obligatus

86 1864 175 1919 crem,
201 1853 255 1906 sed
275 1869 334 1908 nau
357 1854 503 1925 libeutar3
534 1856 610 1910 male
633 1856 711 1911 euim
728 1859 757 1912 ιο
776 1875 883 1944 Βιιιιιι
898 1858 1053 1915 benefieiis
1064 1862 1179 1914 tuarum
1191 1858 1451 1931 indulgentiarum.
1465 1858 1576 1914 Etideo
1585 1858 1654 1929 plus

85 1942 232 2010 acceptum
248 1942 756 2015 Decesseatgloriosuu.periculo.
814 1952 930 2018 metuo,
954 1947 1081 2019 amplius
1105 1948 1248 2003 sollicitor
1269 1964 1307 2004 ιιο
1331 1949 1418 2004 etiam
1438 1949 1504 2019 ipse
1525 1951 1575 2003 tue
1599 1962 1646 2003 ma

96 2027 208 2083 silentii
224 2031 281 2085 mei
304 2030 613 2105 dissimulationisque
629 2034 714 2104 culpa
731 2038 759 2089 οι
814 2040 918 2108 postea
930 2036 1254 2109 judicio,cendemues,
1271 2037 1350 2108 qued
1365 2052 1429 2092 mea
1447 2038 1497 2091 aut
1511 2035 1654 2090 dissimu-

85 2119 131 2188 ιιι,
147 2133 203 2172 nec
223 2122 250 2174 te
265 2119 388 2189 liberat3
416 2120 491 2176 male
515 2121 758 2191 importuniorem
814 2125 923 2181 latione
946 2128 996 2180 aut
1018 2124 1187 2180 adulatione
1210 2112 1431 2195 prolapsionem
1447 2140 1507 2180 non
1522 2124 1654 2179 ονιιιιιο·

103 2203 283 2263 inutilierem
306 2211 356 2262 aut
379 2211 541 2280 turpiorem
558 2209 690 2282 judiees.
713 2211 757 2266 Si·
815 2214 868 2269 ris.
886 2214 915 2268 Si
931 2212 962 2268 in
975 2228 1022 2269 ma
1040 2213 1159 2284 peccari
1172 2212 1315 2283 viderem,
1327 2229 1386 2268 non
1397 2213 1536 2269 deberem
1544 2215 1653 2283 tacere,

85 2292 196 2367 :riptum
205 2300 258 2363 est,
268 2297 383 2353 dicente
393 2301 496 2354 sancto
513 2299 757 2370 apostolePaulu,
815 2304 959 2374 seriptum
975 2304 1021 2357 est
1036 2303 1114 2356 enim
1131 2316 1137 2357 :
1154 2300 1186 2358 Si
1202 2301 1295 2357 trater
1316 2305 1386 2357 tuus
1409 2302 1440 2357 in
1461 2303 1489 2356 te
1507 2315 1654 2372 peccave·

85 2388 186 2455 ,potes
211 2385 376 2441 doctrinam
400 2386 558 2443 refellere:
579 2411 590 2435 a
608 2388 689 2444 Iusta
703 2406 758 2461 op·
815 2394 863 2462 rit,
885 2391 1001 2462 corripe
1017 2389 1098 2446 illum
1123 2390 1229 2461 primo,
1255 2389 1361 2446 deinde
1382 2389 1513 2460 increpa,
1535 2388 1654 2445 duabus

85 2470 252 2543 importune
277 2492 389 2547 argue,
415 2476 559 2545 obsecra,
585 2478 705 2549 increpa
728 2480 758 2534 in
814 2479 974 2536 nuttribus
994 2479 1121 2535 testibus
1145 2479 1264 2549 (iturea.
1285 2495 1374 2549 xvur,
1403 2479 1452 2549 15,
1478 2478 1545 2549 le).
1566 2477 1598 2533 Si
1625 2479 1654 2534 te

85 2563 150 2616 tutia
167 2567 195 2617 οι
210 2564 342 2620 doctrina
359 2564 400 2635 (Il
418 2565 490 2620 Tim.
504 2582 545 2635 nv,
562 2567 599 2636 ι).
621 2590 631 2614 ι
815 2585 875 2625 non
890 2568 1025 2636 audierit,
1050 2568 1098 2623 die
1122 2567 1279 2623 Ecclesia.
1302 2566 1430 2623 Causam
1445 2582 1518 2640 erge
1533 2566 1586 2623 llei
1612 2567 1652 2622 ta·

85 2664 150 2707 mus
164 2667 237 2725 ergo
252 2657 281 2707 et
291 2668 346 2708 nos
363 2654 409 2708 cui
425 2654 586 2724 displicere
600 2655 668 2725 plus
683 2657 759 2727 peri·
816 2659 915 2714 cehe?
930 2656 1006 2724 Ouid
1020 2656 1111 2731 igitur
1125 2657 1174 2729 sit,
1191 2657 1270 2729 quod
1285 2658 1413 2712 metuam
1429 2656 1654 2713 consideremus

85 2742 236 2796 ›raesertim
252 2759 320 2798 cum
343 2744 431 2798 etiem
447 2744 676 2813 imperatoribus
693 2761 753 2802 uon
814 2747 884 2819 (lt).

85 2843 142 2885 suo
156 2846 303 2903 quemque
315 2832 400 2905 iungi
414 2848 547 2902 munere,
561 2835 589 2887 et
609 2834 758 2904 patienter
851 2836 878 2893 6.
900 2836 1034 2892 Relatum
1051 2839 1097 2892 est
1110 2851 1128 2891 a
1143 2835 1248 2893 comite
1264 2835 1386 2893 orientis
1401 2835 1571 2891 militarium
1583 2849 1654 2904 par·

85 2933 300 2994 uumquemque
314 2937 368 2992 pro
384 2937 439 2977 sue
455 2926 671 2994 suggerentem
684 2924 753 2980 elil-
816 2926 887 2981 tium
903 2926 961 2997 (ιι)
976 2924 1130 2981 incensam
1145 2941 1215 2982 esse
1230 2940 1425 2998 synagogam,
1436 2925 1525 2997 idque
1536 2926 1656 2979 auctore

87 3010 246 3080 arripiatis,
264 3012 291 3066 si
305 3027 365 3065 uon
390 3013 489 3065 utatur
509 3011 622 3066 militiae
638 3028 702 3068 suae
716 3029 761 3069 or·
818 3016 928 3070 laetum
946 3015 1099 3087 episcopo.
1115 3014 1239 3070 lussisti
1255 3014 1439 3069 vindicariin
1451 3017 1586 3083 caeteros,
1603 3028 1656 3085 sy-

85 3094 168 3162 Quod
185 3116 257 3173 ergo
277 3101 308 3154 in
332 3101 369 3154 iis
392 3099 519 3155 libenter
543 3101 692 3172 accipitis,
709 3104 760 3174 qui
818 3120 977 3176 nagogam,
993 3102 1082 3175 idque
1097 3107 1217 3159 auctore
1237 3102 1346 3158 iactum
1362 3102 1515 3173 episcopo.
1530 3101 1657 3156 iussisti

85 3186 170 3258 itant,
200 3207 269 3245 num
299 3190 355 3244 boc
378 3189 410 3243 in
429 3189 637 3245 sacerdotibus
661 3195 761 3261 petest
818 3192 963 3247 vindicari
978 3193 1007 3247 ιιι
1018 3196 1154 3262 caeteros,
1171 3207 1356 3264 synagogam
1375 3190 1412 3245 ab
1433 3190 1500 3261 ipso
1520 3188 1654 3245 exaedifi-

89 3276 185 3334 rideri
200 3296 267 3334 euru
292 3279 321 3333 id
344 3279 509 3350 loquamur,
526 3293 586 3334 non
605 3279 684 3352 quod
707 3298 761 3338 vo·
818 3282 879 3336 cari
894 3281 1045 3353 episcopo.
1057 3280 1125 3337 Nen
1137 3284 1239 3336 astruo
1251 3279 1310 3350 (ιιι)
1321 3276 1654 3351 exspectandemluisse

85 3367 111 3424 ιιι
135 3369 214 3440 quod
236 3368 402 3440 jubemur?
424 3367 492 3422 Scis
514 3368 593 3422 enim
619 3367 729 3424 lectum
753 3360 759 3400 ²
818 3369 1014 3427 assertionem
1030 3369 1184 3442 episcopi,
1205 3368 1379 3424 sacerdotes
1402 3368 1481 3424 enim
1503 3367 1656 3423 turbarum

85 3456 154 3514 bitis
170 3462 237 3513 ante
252 3474 341 3531 reges
357 3456 553 3528 ctpraesidas,
574 3457 664 3514 nolite
683 3460 763 3532 cogi·
818 3458 1023 3514 moderatores
1044 3461 1123 3528 eunt,
1140 3457 1269 3512 studiosi
1285 3457 1378 3529 pacis,
1395 3455 1454 3511 uisi
1474 3471 1540 3510 eum
1557 3459 1586 3511 el
1598 3454 1656 3526 ipsi

101 3547 281 3619 loquamini,
304 3547 421 3602 dabitur
447 3546 525 3599 enim
557 3546 644 3601 vobis
663 3547 694 3602 iu
713 3548 762 3603 illa
818 3552 973 3604 moventur
987 3547 1096 3621 injuria
1112 3547 1174 3617 llei,
1191 3549 1240 3602 aut
1256 3546 1400 3602 Ecclesiae
1415 3544 1603 3601 contumelia.
1613 3543 1657 3600 Sit

85 3706 91 3744 ι
106 3706 193 3762 mss,
213 3713 224 3743 ι
241 3692 267 3746 si
283 3691 396 3746 dixeris
406 3689 500 3760 iusto.
519 3711 529 3737 a
817 3690 945 3746 Orientis
963 3690 1128 3745 militarium
1139 3689 1276 3760 partium,
1289 3711 1299 3738 ι
1313 3687 1460 3761 quemlex
1470 3687 1556 3743 citata
1571 3686 1656 3742 titula

85 3778 103 3831 r.
119 3763 186 3818 cod.
208 3763 307 3832 solus,
333 3785 343 3810 a
361 3762 468 3817 diviuae
491 3758 615 3815 otlensae
635 3776 758 3818 mernor.
818 3762 935 3817 cernitis
949 3765 978 3817 et
993 3760 1127 3832 magistri
1149 3761 1302 3832 utriusque
1318 3761 1428 3816 militiae
1442 3775 1496 3830 per
1510 3759 1654 3814 orientem

85 3835 113 3889 tu
127 3833 308 3889 hauseris.»
817 3834 925 3905 signat,
943 3836 974 3887 ut
997 3831 1197 3904 distinguatur
1219 3832 1256 3886 ab
1279 3832 1371 3887 altero
1393 3832 1500 3887 cernite
1527 3828 1656 3885 Orientis

85 3920 151 3960 rsus
168 3909 196 3960 et
210 3907 240 3960 in
255 3904 400 3975 principio
416 3901 758 3975 bujusepistalae(nem-
817 3904 948 3959 civilium
964 3903 1105 3974 partium,
1125 3918 1213 3974 quern
1236 3903 1381 3958 describit
1404 3901 1541 3958 Zozimus
1556 3899 1607 3955 lib.
1625 3917 1655 3968 x,

85 3974 147 4046 bis,
164 3978 213 4049 qui
228 3977 368 4048 obsequie
383 3974 759 4030 rnilrtiaevideturmilitiam
817 3975 1014 4099 llullengerus
1030 3974 1070 4028 lib
1085 3991 1114 4027 ιιι
1129 3974 1165 4029 dc
1181 3973 1251 4046 Imp.
1273 3974 1356 4029 Ῑιοιιι.
1376 3990 1439 4044 cap.
1456 3973 1502 4042 ⁶25,
1519 3972 1656 4043 quamvis

85 4062 104 4102 ιι
119 4050 230 4102 tantum
246 4064 298 4118 pra
311 4047 456 4102 castrensi
468 4045 626 4117 stipendio,
641 4047 695 4101 sed
705 4063 758 4118 pre
816 4047 891 4101 duas
905 4047 925 4100 il
938 4062 973 4101 as
986 4045 1146 4118 dignitates
1161 4044 1362 4100 nonvtdeatur
1372 4046 1446 4099 satis
1457 4044 1654 4115 distinguere,

85 4120 203 4188 tellone,
222 4119 399 4188 ministerio,
419 4122 448 4173 et
462 4117 573 4173 et'tlcio.
590 4117 663 4172 Haec
680 4119 760 4173 Nan·
815 4120 942 4173 attamen
957 4117 993 4172 nd
1013 4116 1150 4172 comitem
1163 4116 1293 4172 Orientis
1307 4116 1439 4171 militiam
1454 4130 1572 4186 qnoque
1587 4128 1653 4184 per·

815 4189 952 4257 tinuisse,
970 4187 1048 4244 clare
1064 4188 1172 4242 indicat
1186 4187 1271 4242 hisee
1287 4188 1387 4243 ventris
1404 4203 1411 4242 ε
1429 4210 1442 4234 a
1463 4186 1536 4250 Quia
1550 4185 1654 4239 Persae

85 4277 101 4330 r.
119 4263 184 4318 eod.
202 4262 305 4316 selus:
333 4260 446 4326 «Quod
463 4260 489 4314 si
506 4259 674 4329 peccaverit
690 4260 757 4315 inte
816 4261 985 4315 Armeniam
1015 4263 1044 4314 οι
1067 4259 1150 4314 bleso
1174 4259 1310 4314 otauniam
1336 4258 1511 4325 vastabant,
1551 4269 1652 4309 comes

85 4348 104 4402 ι,
121 4334 196 4388 vade
212 4335 241 4389 et
255 4333 371 4402 corripe
387 4348 453 4386 eum
471 4331 547 4385 inter
563 4333 589 4384 te
606 4333 634 4384 et
650 4331 758 4401 ipsum.
815 4331 939 4386 orientis
953 4331 1002 4386 vir
1015 4276 1188 4401 spectabilis
1202 4330 1229 4385 ei
1254 4345 1321 4384 eum
1338 4329 1470 4384 exercitu
1485 4325 1654 4396 impositus,

85 4403 144 4474 crit,
162 4405 293 4460 lucratus
311 4420 343 4457 es
361 4402 479 4457 tratrem
503 4405 604 4455 tuum:
623 4403 649 4455 si
662 4406 759 4458 autem
815 4402 945 4456 vicarius
961 4401 1093 4473 praelecti
1106 4401 1256 4472 praeterio.
1275 4420 1287 4450 ι
1303 4399 1339 4454 Et
1358 4398 1552 4470 paulopost:
1571 4415 1583 4446 a
1599 4393 1655 4450 Ge·

85 4475 195 4543 idierit,
221 4475 329 4529 adhibe
355 4477 452 4527 tecum
478 4473 574 4527 adbuc
599 4487 688 4527 unum
712 4473 759 4528 vel
814 4477 983 4528 masalma
1007 4473 1080 4528 ister
1098 4472 1222 4526 militum
1241 4486 1295 4540 per
1317 4470 1466 4525 Orientem
1482 4464 1651 4521 illustris.»

87 4562 105 4600 u
122 4563 174 4602 ore
190 4548 315 4601 duorum
331 4546 376 4599 vel
392 4546 481 4599 trium
495 4544 615 4598 testium
626 4547 686 4599 stet
700 4560 759 4600 em·
815 4544 848 4598 L.
865 4562 918 4599 ιιιιι
933 4489 1114 4600 ιιοὶίοιιιιε.
1134 4542 1214 4597 ldem
1236 4556 1308 4596 vero
1332 4539 1468 4611 sequenti
1491 4553 1555 4618 cap.
1577 4536 1653 4591 dues

85 4633 104 4671 ι.
119 4617 203 4682 Quod
220 4618 245 4671 si
261 4634 318 4672 non
330 4616 454 4672 audierit
466 4631 529 4684 eos,
542 4615 589 4669 die
601 4614 756 4671 Ecclesiae.
776 4610 801 4672 D
815 4616 939 4670 comites
953 4617 997 4671 rei
1011 4614 1146 4670 militaris
1161 4613 1256 4668 tuisse
1270 4612 1300 4666 in
1315 4610 1433 4665 Oriente
1448 4609 1545 4677 tradit,

85 4703 166 4760 erge,
188 4690 356 4759 imperator,
382 4688 460 4759 qued
481 4701 601 4741 causam
625 4686 678 4741 llei
694 4688 758 4742 dis·
815 4687 948 4742 ceusule.
965 4687 1037 4743 Haec
1052 4682 1268 4755 porreabunde
1285 4679 1520 4736 Valesiidiluunt
1533 4623 1652 4733 ιιιιιιιιι-

85 4759 487 4832 re1rqueaur.Quidigitur‘l
511 4757 639 4812 Causam
661 4757 755 4827 Dei,»
814 4762 934 4813 tionem.
955 4757 1039 4822 Quod
1053 4759 1150 4810 autam
1169 4752 1357 4809 Godetredus
1373 4754 1475 4806 contra
1491 4749 1652 4804 Baronium

816 4829 892 4883 lianc
919 4828 1074 4898 epistolam
1095 4840 1173 4880 anno
1188 4824 1240 4879 393
1263 4824 1404 4894 scriptam
1419 4820 1577 4887 contendit,
1591 4818 1654 4892 jam

88 4918 178 4958 renus
195 4903 224 4957 ιιι
241 4903 317 4956 llist.
341 4900 419 4956 bunc
434 4900 639 4972 magistratum
653 4899 756 4969 appel·
816 4903 882 4954 ante
896 4897 1129 4954 examinavimus
1145 4911 1201 4951 suo
1216 4895 1293 4950 loce.

85 4980 152 5029 ιιιιιιι
161 4974 345 5046 preelectum,
364 4973 501 5027 nimirum
510 4971 757 5040 Constantinope·
851 4970 906 5040 (ιιι)
922 4968 1042 5041 Aliquot
1056 4983 1143 5034 mss,
1166 4988 1177 5017 ι
1195 4980 1380 5022 nonassere.
1399 4985 1410 5014 ι
1428 4964 1591 5019 Dictieuem
1602 4978 1654 5018 ve-

85 5061 128 5100 rne
143 5047 287 5101 actionem
304 5044 468 5114 contigisse
484 5045 635 5097 memorat.
652 5040 711 5096 Sed
726 5040 757 5097 ιιι
815 5056 848 5096 ιο
865 5040 1072 5106 assertionem,
1088 5054 1154 5109 quae
1165 5053 1242 5107 pone
1258 5037 1402 5109 sequitur,
1419 5035 1653 5105 Nunniusexpe·

85 5131 129 5171 em
147 5121 203 5170 tam
221 5117 309 5169 multa
326 5118 437 5183 peceat,
450 5113 558 5185 atejus
569 5112 670 5167 baberi
686 5128 756 5182 pos·
815 5112 857 5166 nit
875 5112 904 5165 iu
920 5112 999 5167 liene
1013 5110 1130 5165 medem
1144 5110 1362 5176 desertionem,
1380 5107 1409 5161 id
1424 5110 1479 5171 est,
1497 5105 1650 5162 detensio-

85 5187 152 5242 etio.
178 5187 316 5241 Valesius
332 5188 361 5239 ιιι
377 5186 522 5240 Αιιιιιιιιιι.
541 5183 754 5253 Marcellinum,
811 5199 889 5238 nem.
907 5180 1076 5253 bletaphora
1096 5180 1164 5235 iude
1179 5182 1306 5250 sumpta,
1327 5178 1405 5251 quad
1420 5179 1450 5234 in
1465 5194 1557 5234 causa
1572 5176 1648 5231 libe-

107 5259 213 5313 eomitc
228 5258 355 5312 (trientis
371 5272 465 5328 agens
483 5271 489 5310 ε
509 5255 691 5323 «flateram,
708 5257 755 5310 in·
809 5255 864 5310 rati
885 5257 1066 5309 assertorem
1091 5251 1155 5307 sive
1174 5251 1322 5306 vindicem
1342 5251 1450 5306 adesse
1477 5247 1645 5320 opertebat,

85 5330 146 5386 taec
156 5331 253 5384 civilis
265 5332 396 5398 potestas
408 5328 505 5394 tuerit,
518 5327 609 5381 miror
618 5329 754 5382 sanctum
809 5342 868 5398 que
883 5324 1006 5380 alterius
1016 5323 1249 5449 libertatemqui
1260 5323 1471 5377 inservitutem
1481 5319 1643 5391 petebatur,

85 5402 149 5456 urin
158 5401 326 5471 epistolaad
338 5399 538 5454 Theodosium
548 5399 612 5452 base
621 5398 754 5453 scribere
810 5398 970 5452 assereret.
988 5395 1028 5450 lta
1043 5394 1101 5449 ille.
1119 5394 1177 5450 Sed
1213 5398 1276 5450 erte
1297 5395 1398 5450 verius
1421 5408 1456 5445 ac
1477 5387 1643 5470 simplicius

85 5474 133 5527 tta
149 5475 254 5526 cernite
265 5472 393 5526 Orientis
409 5470 577 5525 militarium
592 5469 751 5538 partium...
810 5467 922 5522 dixeris
943 5466 1151 5535 assertionem,
1175 5465 1239 5521 sire
1263 5465 1487 5519 aillrmationern
1499 5471 1643 5541 'episcopi

99 5543 208 5599 nodum
224 5543 342 5597 solvent
365 5543 532 5613 peritiores.
561 5560 572 5589 ι
595 5540 661 5594 Fuit
681 5555 753 5594 saue
809 5539 1010 5594 testimouium
1032 5552 1114 5607 esse,
1138 5553 1197 5608 qua
1221 5552 1323 5592 remae
1346 5535 1430 5614 illam·
1449 5532 1582 5595 lecisset,
1605 5541 1643 5579 aa

85 5614 163 5670 endo
189 5614 304 5669 ielieior
325 5613 531 5679 Godalredus3
557 5611 605 5666 hic
629 5611 752 5666 enimin
809 5626 909 5679 secus,
926 5608 1099 5665 declararet.
1117 5608 1170 5663 Est
1184 5611 1281 5663 autem
1297 5607 1327 5661 iu
1348 5604 1450 5659 verbis
1474 5621 1485 5647 ι
1510 5599 1577 5653 Non
1591 5612 1644 5650 as·

85 5682 150 5741 lod.
165 5684 278 5741 Tlreod.
294 5688 322 5740 et
341 5686 370 5740 in
384 5686 546 5740 Commeat.
563 5683 593 5737 iu
609 5683 668 5754 leg.
683 5679 700 5737 9
715 5682 751 5737 de
809 5686 874 5736 truo
893 5704 904 5729 a
921 5680 1056 5753 quaedam
1072 5679 1209 5750 praeteria
1227 5677 1383 5744 rhetorica,
1400 5686 1468 5744 qua,
1484 5667 1565 5742 qaod
1580 5681 1645 5727 ma-

86 5758 134 5813 oet
147 5771 214 5813 eum
226 5757 275 5829 qui
290 5757 326 5811 ab
339 5756 497 5812 Ambrosio
512 5754 620 5811 dicitur
631 5776 641 5801 a
651 5768 752 5810 comes
808 5753 887 5810 xime
901 5752 1019 5823 dicitnr,
1035 5751 1095 5809 dici
1109 5754 1246 5825 negatur.

1583 4621 1651 4663 uem
1723 4672 1728 4679 Ι
