3900 6128
106 251 187 318 1103
826 250 859 313 S.
874 248 1097 316 auehosn.
1757 250 1841 316 1104

116 449 184 506 fiori
197 449 307 520 potest)
332 463 469 520 semper3
491 451 523 504 ut
546 452 575 505 et
598 452 733 505 nostrum
756 450 854 522 possit
875 438 982 522 quial
1004 448 1171 522 pulchrius,
1187 464 1275 522 quam
1298 451 1327 507 ei
1348 450 1593 523 appropinquare,
1610 450 1642 506 ei
1655 440 1840 507 adhaerere?

107 538 227 595 dicere:
258 560 269 585 v
301 538 407 593 Anima
437 553 503 593 mea
525 539 555 593 in
579 540 717 596 manibus
746 541 805 594 tuis
825 555 945 610 semper
1003 556 1070 613 quar
1085 538 1181 611 major
1196 539 1332 610 voluptas
1346 541 1415 595 cst?
1438 539 1520 606 Quod
1537 540 1586 596 his
1607 539 1661 611 qni
1676 540 1799 612 viderit,
1815 543 1843 596 et

108 625 204 698 (Psaf.
226 642 326 697 οιιιιιιι,
348 627 444 697 1011).»
465 627 528 682 Erit
546 631 655 698 autern,
674 629 700 684 si
716 644 775 684 non
791 644 879 683 carue
894 630 942 698 sit,
1002 629 1039 684 de
1063 630 1143 684 fonte
1168 644 1252 700 aquae
1278 630 1353 684 vivae
1374 629 1467 701 gratis
1490 629 1669 701 gustaverit,
1693 629 1770 700 quid
1791 644 1843 701 po·

109 715 164 772 sed
180 715 211 770 in
225 713 355 788 Spiritu:
385 716 451 786 erit,
476 716 503 771 si
528 733 561 772 se
578 719 703 772 terrenis
728 734 786 774 non
809 718 942 772 misceat.
1002 721 1062 774 test
1080 718 1137 789 (31)
1155 717 1235 773 aliud
1253 717 1448 773 desiderare?
1465 734 1532 789 quoe
1551 719 1675 790 regna?
1696 733 1778 789 quas
1795 735 1843 790 po·

108 801 182 861 Cum
193 804 273 860 enim
290 805 327 858 ad
345 805 475 860 carnalia
495 806 665 877 reflectitur,
683 809 753 862 tunc
764 807 792 862 ei
806 805 945 861 illecebra
1006 809 1153 863 testatos?
1181 823 1268 877 quam
1286 807 1464 877 pecuniam?
1492 822 1560 861 cum
1586 806 1729 862 advertat
1756 822 1841 878 quam

109 893 227 965 obrepit
238 896 384 965 eorporis,
396 898 467 951 tunc
476 894 521 949 ira
530 898 558 949 et
568 895 771 968 indignatione
789 897 945 964 exaestuat,
1004 896 1122 951 miserae
1147 896 1233 951 etiam
1249 894 1297 950 hic
1320 911 1423 967 regum
1451 896 1638 951 conditiones
1664 895 1739 967 sint,
1757 911 1843 968 quam

110 986 181 1039 tunc
197 984 337 1039 nroestitia
357 983 496 1055 afficitur,
522 988 592 1040 tunc
616 986 773 1055 supinatur
795 1001 849 1057 per
862 999 947 1039 arro-
1004 984 1162 1039 mutabiles
1177 984 1292 1054 imperii
1306 986 1411 1056 status,
1427 1000 1515 1057 quam
1535 985 1649 1057 exigua
1662 985 1738 1039 vitae
1753 984 1841 1056 hujus

109 1073 241 1147 gantiam
257 1072 325 1143 (28),
342 1075 413 1128 tuuc
427 1074 529 1129 dolore
545 1074 697 1146 affligitur.
1005 1073 1112 1144 spatia,
1137 1077 1245 1145 quanta
1267 1074 1380 1144 inipso
1404 1074 1526 1145 imperio
1550 1073 1697 1145 servitia;
1722 1074 1842 1130 eumad

147 1161 191 1216 16.
202 1162 257 1216 1166
275 1165 344 1218 sunt
365 1162 560 1235 aegritudines
577 1163 685 1217 animm
701 1174 821 1234 gravae,
839 1158 948 1230 quibus
1003 1162 1141 1231 aliorum,
1157 1177 1216 1217 non
1231 1160 1267 1216 ad
1283 1177 1371 1218 sunm
1384 1163 1484 1218 vivant
1497 1162 1664 1218 arbitrium.

109 1247 286 1323 plerumque
316 1250 352 1305 ad
382 1254 507 1307 mortem
529 1252 666 1324 cogitur3
688 1250 758 1304 dum
780 1247 860 1303 oculi
880 1245 949 1318 ejus
1046 1241 1119 1305 909
1135 1250 1179 1305 19.
1203 1250 1276 1316 Quis
1298 1255 1396 1308 autem
1413 1253 1578 1324 peculiatus
1594 1252 1743 1308 advitam
1759 1255 1842 1310 aeter-

113 1343 274 1411 caeeantur,
290 1343 322 1395 ut
346 1355 405 1395 non
427 1339 546 1395 videant
566 1356 647 1396 verae
669 1338 768 1394 lumea
790 1335 905 1410 gloriae,
921 1337 950 1389 et
1007 1354 1075 1394 nam
1097 1339 1211 1405 transit,
1236 1340 1295 1396 nisi
1319 1341 1461 1397 virtutum
1489 1341 1583 1398 fultus
1612 1341 1749 1413 peculio,
1769 1344 1844 1415 qnod

112 1427 233 1484 divitias
245 1431 365 1484 aeternoe
380 1428 575 1484 hereditatis.
585 1428 670 1494 Quod
687 1427 715 1481 si
728 1441 782 1482 eos
802 1425 839 1480 ad
856 1424 951 1479 Deum
1007 1429 1157 1499 receptum
1166 1428 1316 1500 omnibus,
1328 1429 1402 1485 solis
1413 1430 1554 1485 divitibus
1563 1430 1764 1501 impossibile
1778 1446 1842 1503 pre-

112 1532 234 1589 semper
247 1518 391 1588 intendat,
412 1517 538 1589 accipiet
560 1533 576 1571 a
591 1515 711 1571 Christo
737 1513 885 1586 fulgorem
900 1527 950 1566 sa-
1007 1517 1159 1572 nuntiatnr
1172 1517 1292 1586 (Matth.
1312 1535 1375 1588 ιιι,
1395 1518 1465 1589 itii?
1479 1518 1546 1574 Non
1560 1533 1635 1591 ergo
1651 1518 1705 1574 his
1721 1520 1844 1576 11111166-

111 1607 253 1679 pientiae3
278 1609 311 1662 ut
334 1606 529 1662 illuminatum
553 1606 584 1660 in
605 1605 755 1678 agnitione
775 1602 827 1657 Dei
844 1601 952 1657 habeat
1007 1609 1069 1661 lum
1083 1608 1139 1677 est,
1164 1607 1222 1662 sed
1244 1606 1316 1662 illud
1339 1607 1452 1678 videre,
1477 1623 1536 1678 quo
1551 1607 1610 1662 ista
1635 1608 1804 1679 despicias,
1818 1614 1845 1666 et

114 1695 259 1767 obtutum,
286 1695 386 1750 videat
413 1695 494 1749 illam
520 1709 607 1765 spem
635 1694 747 1748 nostrae
774 1689 951 1759 vocationis,
1006 1711 1081 1750 vana
1095 1696 1160 1750 veri
1181 1693 1301 1750 refellas
1325 1695 1393 1766 (31),
1419 1699 1507 1768 atque
1527 1696 1627 1751 inania
1641 1700 1674 1752 et
1696 1712 1788 1752 cam
1798 1698 1843 1770 ju.

113 1783 321 1857 aspiciatillnd
336 1783 414 1856 quod
429 1785 476 1838 est
489 1782 611 1853 bonum,
627 1784 657 1836 et
677 1781 827 1852 placitum,
843 1781 872 1833 et
886 1793 952 1850 per·
1007 1784 1101 1855 dices,
1113 1784 1192 1839 illam
1209 1784 1296 1840 nuda
1310 1783 1443 1841 veritatis
1454 1784 1710 1855 pulchritudinem
1724 1785 1840 1860 diligas,

115 1874 236 1930 fectum.
252 1872 336 1939 Quod
352 1872 431 1927 enim
444 1871 566 1941 bonum,
578 1874 607 1926 61
623 1869 840 1940 complacitum,
851 1867 951 1922 Patri:
1008 1890 1074 1946 quae
1085 1874 1149 1929 haee
1159 1873 1264 1929 saeeuli
1282 1872 1493 1929 fucosissimas
1505 1873 1654 1929 vanitates
1671 1874 1839 1948 redargunt,

116 1964 198 2036 quod
225 1962 447 2035 complacitum,
476 1960 641 2031 perfectum
651 1955 666 2030 13
696 1959 773 2013 sicut
801 1957 894 2012 habes
923 1957 954 2010 in
1042 1963 1087 2017 10.
1098 1961 1186 2033 Erige
1197 1962 1410 2034 igituroculos,
1422 1961 1528 2033 anima,
1539 1966 1622 2033 tuos;
1644 1962 1718 2018 illos
1729 1963 1839 2034 oeulos,

117 2050 294 2124 Evangelio,
311 2050 361 2106 ubi
379 2050 449 2105 dicit
464 2050 625 2104 Dominus:
645 2071 657 2095 α
677 2047 797 2120 Diligite
812 2046 952 2101 inimicos
1007 2049 1044 2106 de
1063 2050 1172 2122 quibus
1190 2051 1245 2106 tibi
1270 2050 1402 2106 Verbum
1429 2050 1482 2106 Dei
1510 2051 1600 2106 dicit:
1624 2073 1636 2102 ι
1668 2050 1772 2108 Corde
1790 2068 1839 2109 nos

117 2143 249 2210 vestros,
262 2143 290 2195 et
299 2140 454 2195 imitemini
469 2139 596 2209 Patrem,
620 2138 671 2209 qui
690 2135 764 2207 pluit
780 2150 872 2206 super
884 2134 955 2206 jus·
1009 2140 1116 2210 cepisti
1130 2138 1198 2211 (33),
1212 2154 1299 2195 soror
1312 2155 1378 2194 mea
1400 2154 1522 2210 sponsa,
1546 2140 1637 2195 corde
1657 2156 1717 2196 nos
1743 2142 1840 2212 cepisti

119 2234 167 2287 166
191 2234 220 2285 61
244 2229 374 2300 injustos
399 2228 518 2299 (1161111.
535 2244 565 2295 v,
581 2227 693 2296 11-15);
712 2245 724 2276 ι
742 2224 821 2297 quod
836 2227 883 2279 est
897 2223 955 2277 uti·
1009 2244 1067 2284 uno
1082 2228 1118 2284 ab
1135 2228 1230 2284 oculis
1246 2227 1469 2299 tuistCaut.1v,
1489 2228 1553 2298 9).»
1576 2230 1722 2285 Ascende
1737 2230 1767 2285 in
1786 2229 1841 2301 pet.

120 2335 178 2392 que
189 2320 340 2375 bonitatis¹
354 2318 389 2372 Et
398 2320 500 2389 postea
513 2316 672 2386 concludit,
685 2315 803 2369 dicens:
828 2336 839 2361 α
853 2312 955 2369 Estote
1009 2333 1097 2387 mam,
1110 2317 1196 2373 vince
1210 2318 1364 2387 saeculum,
1381 2320 1413 2372 ut
1422 2319 1524 2372 teneas
1541 2317 1633 2372 Verbi
1649 2319 1839 2375 altitudinem.

120 2409 245 2482 perfecti
262 2409 339 2464 sicut
355 2409 442 2462 Pater
458 2411 568 2477 vester,
593 2405 688 2477 quiin
713 2402 797 2459 coelis
819 2406 874 2473 est,
890 2417 957 2472 per·
1010 2405 1171 2478 Imaginem
1189 2406 1276 2462 istam
1296 2405 1399 2461 mundi
1415 2405 1488 2460 foris
1503 2405 1651 2479 relinque,
1668 2407 1747 2464 foris
1762 2408 1840 2463 mali·

122 2498 220 2554 fectus
231 2501 277 2553 est
288 2497 377 2567 (Ibid.
389 2496 445 2567 18).
459 2518 470 2544 ι
484 2496 619 2551 Charitas
635 2495 714 2550 enim
736 2492 868 2564 perfectu
891 2495 954 2548 est:
1009 2497 1097 2549 tiam:
1115 2495 1250 2550 introduc
1261 2497 1358 2550 autem
1369 2495 1529 2550 bonitatem
1539 2497 1660 2563 mentis,
1674 2514 1744 2569 quae
1762 2496 1843 2553 habet

123 2588 250 2660 denique
271 2586 424 2658 plenitudo
443 2584 521 2657 legis
544 2588 591 2640 est
605 2585 699 2640 (Rom.
720 2599 780 2654 ιιι,
799 2582 855 2653 10).
880 2581 957 2646 Quid
1010 2585 1135 2657 gratiam
1148 2584 1180 2638 in
1200 2585 1281 2657 ligno
1305 2585 1393 2655 vitae3
1410 2585 1437 2639 si
1462 2585 1568 2640 laverit
1582 2587 1693 2641 stolam
1707 2602 1804 2657 suam,
1817 2588 1843 2642 et

123 2679 291 2732 antemium
307 2674 515 2746 bonumquam
530 2674 669 2744 charitas,
687 2688 754 2746 quac
774 2672 883 2727 malum
897 2686 957 2726 non
1010 2674 1194 2746 ingrediatur
1209 2674 1239 2728 in
1255 2673 1412 2743 civitatem,
1429 2689 1496 2745 qum
1510 2690 1582 2730 vera
1604 2680 1653 2731 est
1667 2677 1768 2748 gratia
1781 2692 1843 2731 san·

124 2766 257 2838 cogitati
1011 2765 1135 2833 ctorum,
1151 2762 1182 2818 in
1197 2778 1254 2835 qua
1270 2766 1316 2818 est
1331 2763 1385 2817 Dei
1404 2763 1638 2834 tubernaculum,
1666 2765 1749 2820 circa
1771 2764 1842 2837 quod

160 2855 205 2910 17.
218 2853 254 2909 Et
268 2853 335 2909 ideo
350 2856 445 2909 terras
461 2851 555 2926 fugito
580 2851 647 2923 (19),
663 2852 694 2907 16
715 2851 825 2924 quibus
846 2848 958 2905 invidia
1011 2851 1120 2906 scribae
1136 2851 1254 2908 Domini
1267 2853 1455 2924 praeteadunt
1469 2852 1538 2926 (31),
1554 2853 1606 2909 ubi
1619 2868 1683 2909 non
1698 2855 1777 2923 dies,
1800 2855 1843 2910 ant

131 2947 188 3016 est,
204 2943 256 3000 ubi
281 2944 412 3015 ambitio,
429 2942 480 2998 ubi
502 2943 661 2998 contentio.
687 2941 761 2997 Boni
785 2955 858 3012 ergo
879 2938 960 2993 illius
1011 2940 1068 3012 sot,
1085 2944 1134 2996 aut
1147 2940 1217 2997 luna
1231 2944 1330 2998 tamen
1353 2941 1532 3011 ministrant,
1549 2941 1604 2996 sed
1619 2941 1688 3012 ipse
1704 2942 1843 2999 Dominm

126 3049 265 3106 capacem
280 3050 314 3089 se
336 3033 432 3088 anima
453 3036 502 3088 tua
526 3032 673 3104 prmbeat3
697 3034 729 3086 ut
752 3045 842 3100 supra
861 3028 957 3083 nubes
1011 3029 1110 3086 lumen
1118 3034 1174 3102 est,
1187 3033 1277 3086 totam
1287 3031 1368 3086 illam
1387 3030 1535 3085 civitatem
1554 3029 1731 3087 illuminans
1746 3032 1841 3104 (Aper.

125 3124 215 3194 volet,
233 3125 311 3178 sicut
323 3121 421 3194 aquila
445 3125 614 3191 renovetur,
631 3122 708 3175 sicut
731 3118 829 3191 aquila
844 3132 958 3190 pennas
1011 3136 1072 3189 ιιι,
1083 3119 1147 3190 33),
1162 3122 1210 3175 661
1226 3120 1305 3174 enim
1323 3119 1375 3174 lux
1392 3119 1494 3175 mundi
1508 3120 1605 3189 (loen.
1626 3137 1691 3191 viu,
1707 3119 1754 3192 la)
1768 3137 1775 3177 :
1790 3136 1842 3177 non

126 3215 257 3284 emittat3
281 3215 313 3268 ut
333 3213 485 3268 renovatis
507 3212 622 3266 alarum
649 3209 785 3281 remigiis
813 3209 881 3279 (30),
902 3206 960 3261 6116
975 3177 1112 3278 ontique
1131 3207 1183 3263 lux
1201 3207 1343 3277 visibilis,
1372 3209 1427 3263 sed
1457 3208 1633 3279 animarum,
1658 3226 1728 3282 quae
1743 3211 1773 3265 in
1791 3210 1843 3266 boe

125 3307 226 3376 petere
246 3318 306 3358 nou
325 3300 505 3371 reformidet,
536 3299 611 3355 hanc
639 3299 849 3354 habitationem
868 3295 960 3351 reliu·
1011 3296 1120 3352 mundo
1147 3299 1226 3366 sunt,
1252 3296 1449 3368 intelligibilis
1478 3296 1634 3367 claritudo,
1669 3299 1783 3370 quibua
1812 3313 1842 3355 oe

126 3395 216 3466 quat:
232 3397 383 3448 terrenum
397 3390 475 3445 enim
490 3389 691 3445 habitaculum
708 3389 814 3460 gravat
830 3386 960 3441 animam
1011 3385 1178 3458 splendenti
1192 3385 1303 3441 lumine
1317 3385 1503 3441 rationabilis
1526 3386 1658 3442 infundit
1671 3388 1841 3458 prudentia.

126 3483 209 3555 (Sap.
225 3499 266 3553 rx,
282 3482 337 3551 15).
355 3480 451 3535 Exuet
476 3484 587 3550 vetera,
611 3477 733 3549 abjiciat
753 3475 865 3532 erroris
881 3475 961 3530 desi·
1010 3474 1189 3546 praedioatur
1208 3474 1237 3529 in
1258 3474 1420 3546 Evangelio
1445 3475 1502 3545 (35)
1521 3474 1711 3546 incorporeas
1730 3477 1839 3532 virtutis

126 3571 218 3643 deria,
234 3571 333 3627 abluat
348 3569 453 3625 oculos
468 3584 561 3624 suos:
587 3570 619 3622 ut
634 3567 732 3621 videat
752 3564 833 3620 illum
848 3564 959 3620 fontem
1011 3565 1196 3619 inflammans
1215 3579 1326 3634 vapore
1345 3566 1461 3619 secreta
1488 3564 1633 3619 mentium
1652 3566 1833 3635 animamar-

125 3662 194 3716 vitm
211 3664 339 3730 aeternae,
365 3659 415 3730 qui
430 3657 524 3712 affluit
542 3660 630 3729 atque
653 3656 782 3711 exundat
805 3655 955 3726 omnibus,
1011 3668 1068 3724 que
1084 3652 1244 3724 penetralia
1259 3653 1342 3723 (Luc.
1359 3668 1441 3723 ιιιι,
1457 3652 1513 3722 aa).

127 3748 238 3805 nullius
253 3750 404 3820 indigens.
429 3745 512 3811 Quos
537 3748 616 3801 euim
634 3745 716 3800 dedit
739 3744 793 3816 illi,
810 3759 878 3799 cum
893 3766 904 3791 v
922 3758 961 3798 ex
1048 3742 1092 3797 11.
1103 3740 1135 3797 Si
1150 3742 1218 3814 quis
1233 3741 1325 3815 igitur
1340 3741 1436 3797 incola
1451 3756 1522 3797 esse
1537 3742 1662 3813 coeperit
1676 3743 1759 3801 illius
1774 3743 1837 3800 civi-

126 3837 204 3908 ipso,
221 3840 250 3892 et
263 3851 318 3908 per
331 3837 440 3908 ipsum,
457 3839 486 3890 et
498 3837 529 3891 in
544 3836 611 3906 ipso
639 3855 650 3885 r
668 3835 765 3890 omnia
790 3834 849 3889 sint
864 3833 958 3905 (Rom.
1012 3832 1080 3887 16116
1100 3846 1249 3902 supernae,
1271 3830 1372 3886 incola
1400 3830 1540 3887 videlicet
1566 3834 1834 3889 conversationem
1866 3820 1880 3907 ’Δ

126 3943 168 3999 ιι,
180 3925 225 3998 35,
241 3927 309 3997 asp
1013 3920 1158 3992 moribus,
1178 3936 1237 3976 non
1256 3919 1390 3975 discedat
1408 3920 1445 3976 ab
1464 3935 1510 3990 ea,
1530 3936 1591 3976 non
1610 3926 1710 3992 exeat,
1730 3936 1835 3979 661116

163 4015 207 4070 18.
228 4015 292 4070 Viae
310 4013 402 4087 igitur
417 4013 486 4069 fons
504 4016 550 4069 est
573 4029 722 4069 summum
743 4013 816 4068 illud
834 4013 956 4085 bonum,
1012 4010 1111 4066 flectat
1128 4010 1299 4083 vestigium,
1319 4025 1379 4065 non
1397 4009 1534 4080 corporis
1553 4010 1632 4082 dico,
1657 4013 1713 4067 sed
1741 4010 1830 4067 mentis
1878 4036 1880 4081 l

128 4120 233 4178 exque
243 4103 365 4159 vivendi
380 4102 546 4158 substantia
562 4102 785 4157 ministrabatur
800 4102 958 4158 omnibus:
1012 4099 1184 4173 vestigium,
1205 4115 1264 4154 non
1292 4101 1457 4154 revertatur
1481 4101 1572 4154 retro.
1603 4101 1696 4157 Retro
1722 4098 1830 4167 luxum,

126 4197 226 4269 ipsum
237 4196 336 4250 autem
353 4192 383 4247 in
397 4207 430 4246 se
441 4190 529 4246 habet
545 4191 635 4246 vitam
649 4194 863 4247 manentemh
879 4192 959 4248 nullo
1013 4192 1093 4244 retro
1104 4189 1257 4259 impuritas
1272 4190 1328 4243 est.
1341 4187 1474 4260 Denique
1489 4188 1661 4246 ascendens
1673 4191 1710 4246 ad
1720 4192 1826 4246 monton
1864 4226 1868 4237 .

126 4287 214 4361 quasi
228 4285 316 4356 inops
331 4282 457 4353 accipit:
473 4280 599 4352 largitur
613 4281 779 4353 bonaaliis,
796 4298 855 4337 non
869 4282 960 4338 aliun·
1014 4279 1101 4350 Loth,
1118 4281 1197 4334 retro
1211 4278 1332 4349 reliquit
1355 4277 1541 4333 sodomitana
1565 4278 1697 4351 flagitia:
1715 4295 1776 4353 que
1790 4291 1827 4330 aa·

126 4380 163 4436 de
178 4376 305 4434 assumit
321 4373 397 4444 sibi;
414 4386 510 4443 neque
529 4370 607 4425 enim
627 4371 721 4426 nostri
736 4371 858 4443 indiget.
876 4371 961 4427 Unde
1014 4372 1073 4423 lem
1088 4368 1220 4440 respexit
1240 4370 1329 4438 retro,
1356 4382 1415 4422 non
1434 4367 1529 4437 potuit
1547 4367 1584 4422 ad
1604 4368 1759 4439 superiora
1775 4379 1826 4422 era·

56 4500 63 4511 ·
127 4473 156 4526 et
171 4468 211 4524 ait
225 4482 264 4523 ex
284 4479 414 4538 persona
437 4461 587 4517 hominis:
614 4481 625 4511 ι
648 4460 793 4526 Quoniam
813 4460 960 4516 bonorum
1014 4459 1084 4514 dere
1099 4456 1186 4528 (Gen.
1198 4473 1260 4522 ιιι,
1278 4456 1333 4527 16).
1351 4455 1418 4511 Non
1433 4448 1824 4533 613666166161161ιο,661

126 4573 261 4614 meorum
284 4571 343 4612 noa
367 4554 485 4626 indiges
511 4552 605 4622 (Psal.
631 4569 681 4622 xv,
708 4552 746 4623 1).
766 4573 776 4600 ι
794 4549 870 4616 Quid
887 4566 959 4623 ergo
973 4535 1112 4603 Dmores
1127 4562 1187 4602 non
1208 4549 1405 4601 revertantur.
1428 4544 1497 4601 Non
1511 4545 1583 4600 liant
1604 4561 1712 4602 manus
1726 4550 1778 4601 tna
1789 4554 1823 4596 rc·

164 4698 222 4770 (18)
245 4698 396 4754 Describit
415 4697 528 4753 vultum
551 4695 684 4765 superbi,
709 4696 760 4766 qui
783 4710 818 4750 os
833 4694 960 4750 sublime
1014 4690 1144 4762 quidam,
1159 4691 1213 4770 {⁰³
1235 4688 1432 4769 6666666161Ι
1450 4688 1541 4757 (unus
1560 4711 1571 4739 ι
1588 4704 1661 4746 vere
1676 4685 1826 4760 rirefcllas3

128 4769 159 4823 in
174 4770 283 4823 cmlum
299 4770 404 4840 erigit:
423 4768 592 4823 contrarius
606 4767 823 4838 estdemissus‚
841 4768 892 4839 qui
902 4767 963 4821 vul·
1014 4764 1126 4817 rectius
1140 4760 1200 4831 alii,
1217 4764 1245 4842 61
1260 4775 1364 4841 omncs
1388 4759 1469 4842 edit,
1488 4781 1499 4810 ι
1525 4764 1554 4816 61
1571 4777 1646 4816 vana
1661 4761 1735 4833 veri,
1751 4759 1823 4821 ieta,

127 4841 189 4894 tum
204 4840 235 4891 in
248 4843 357 4893 terram
373 4840 483 4908 dejicit.
501 4841 542 4892 116
558 4840 703 4894 Nunnius.
1015 4834 1051 4888 de
1069 4849 1126 4903 qna
1141 4833 1289 4887 locutione
1301 4847 1363 4903 pam
1380 4831 1520 4885 diximus.

164 4908 221 4978 (19)
238 4907 310 4961 Cod.
328 4911 414 4979 tieg,
434 4933 444 4957 ιι
463 4911 498 4964 Ε1
512 4911 578 4965 ideo
596 4915 711 4966 terrena
728 4909 832 4982 fugito.
852 4933 863 4957 n
1051 4913 1106 4982 (33)
1121 4914 1257 4968 Graecum
1282 4912 1405 4966 verbum
1425 4903 1608 4984 ἑκκαρδίωσας,
1622 4911 1702 4984 quod
1721 4910 1822 4984 1116111·

164 4982 222 5050 (aa)
234 4978 306 5033 Cum
321 4979 351 5032 id
365 4982 471 5035 avibus
485 4980 540 5035 atae
557 4983 625 5049 6161,
642 4983 721 5054 quod
736 4982 891 5054 remigium
908 4996 962 5035 na·
1014 4987 1085 5042 titur
1099 4986 1136 5039 ab
1157 4983 1327 5049 Ambrosio,
1355 4982 1499 5053 majorem
1514 4983 1673 5054 quamdam
1696 4981 1821 5052 emphasin

128 5052 238 5119 vibu83
255 5049 324 5103 hinc
336 5050 420 5103 dueta
431 5057 477 5105 est
497 5067 513 5105 a
531 5055 637 5122 poetis,
653 5060 682 5109 et
696 5054 822 5107 maxime
836 5053 960 5124 avagi-
1015 5058 1126 5112 habere
1142 5057 1282 5110 observat
1296 5054 1452 5121 Nunnius3
1478 5070 1545 5108 cum
1562 5054 1640 5109 idem
1656 5056 1740 5109 sonet
1760 5053 1821 5116 atqut
1878 5102 1880 5109 .

128 5123 253 5193 lio,ista
275 5119 456 5191 metaphora,
472 5123 549 5177 unde
573 5125 652 5179 illam
671 5125 821 5179 transtulit
834 5123 961 5178 Ambro—
1015 5128 1137 5183 excordi
1148 5130 1222 5181 asti:
1240 5126 1319 5197 qnod
1334 5129 1420 5179 vetus
1433 5125 1581 5195 interpres
1599 5114 1820 5193 reddidit,‹t'ul·
1878 5128 1880 5137 ·

130 5196 206 5252 Silis·
1015 5201 1126 5254 herasti
1142 5216 1193 5253 cor
1208 5213 1316 5263 meum,
1336 5219 1347 5243 n
1365 5200 1420 5251 etc.
1803 5253 1807 5265 ¹

164 5264 221 5340 (31)
231 5263 307 5318 Edit.
326 5264 397 5332 vet,
420 5261 515 5327 «Quae
532 5265 629 5335 major
646 5267 783 5337 voluptas
799 5270 855 5337 661,
872 5282 960 5337 quam
1051 5270 1108 5339 (3l)
1125 5293 1136 5320 ι
1154 5268 1355 5337 Praeteudunt,
1383 5289 1394 5315 a
1411 5266 1441 5321 id
1464 5270 1519 5334 est,
1537 5267 1604 5320 ante
1627 5266 1703 5321 alios
1726 5263 1819 5337 lentant

130 5338 209 5413 quod
218 5338 245 5391 is
253 5334 304 5406 qui
313 5334 456 5409 viderit...
465 5338 650 5404 gustaverit?
661 5333 735 5402 Quid
743 5341 850 5408 potest,
861 5341 937 5393 1111.
951 5353 957 5392 :
1015 5359 1069 5398 sua
1085 5346 1190 5413 figunt,
1208 5345 1235 5394 et
1252 5354 1305 5393 eos
1322 5339 1468 5394 custodiis
1490 5338 1556 5392 suis
1572 5338 1707 5410 cingunt,
1730 5327 1820 5391 616611

131 5414 180 5469 his
194 5410 281 5466 etiam
296 5405 420 5461 aceedit.
443 5405 528 5460 ltom.
552 5408 610 5461 uisi
625 5410 704 5480 quod
720 5410 817 5478 habet,
842 5430 853 5459 ι
871 5425 960 5481 quam
1014 5415 1164 5470 adnotavit
1180 5411 1328 5479 Narniae,
1344 5413 1372 5464 et
1393 5410 1457 5482 jam
1471 5409 1583 5465 alicubi
1608 5409 1730 5466 anobis
1742 5405 1820 5463 obaer-

130 5501 198 5540 cum
221 5480 290 5553 quis
309 5478 340 5533 id
355 5476 478 5533 viderit:
505 5479 640 5534 »melius
665 5494 737 5536 vero
762 5482 870 5535 exarati
892 5481 959 5538 cod.
1013 5492 1113 5542 vatum
1129 5501 1199 5541 esse
1215 5483 1413 5537 meminimus.

129 5571 207 5633 quos
217 5558 247 5612 el
261 5552 425 5626 sequimur·
1049 5559 1107 5636 (35)
1122 5558 1198 5616 Edit.
1203 5576 1234 5640 ,ι
1252 5556 1280 5612 et
1294 5558 1327 5610 nt
1341 5553 1523 5630 predicatur
1537 5553 1569 5611 iu
1584 5550 1756 5637 Evangelio.
1772 5570 1781 5602 1

165 5627 223 5709 (31)
247 5626 321 5686 1166.
346 5623 467 5701 aliquot,
495 5644 508 5679 a
534 5626 562 5684 et
587 5625 667 5682 velut
686 5638 760 5683 vana
783 5624 918 5704 refellas;
945 5649 956 5679 ι
1039 5654 1044 5665 ·
