<?xml version="1.0" encoding="UTF-8"?>
<!DOCTYPE html PUBLIC "-//W3C//DTD XHTML 1.0 Transitional//EN"
    "http://www.w3.org/TR/xhtml1/DTD/xhtml1-transitional.dtd">
<html xmlns="http://www.w3.org/1999/xhtml" xml:lang="en" lang="en">
 <head>
  <title>
</title>
<meta http-equiv="Content-Type" content="text/html;charset=utf-8" />
  <meta name='ocr-system' content='tesseract 3.04.00' />
  <meta name='ocr-capabilities' content='ocr_page ocr_carea ocr_par ocr_line ocrx_word'/>
</head>
<body>
  <div class='ocr_page' id='page_1' title='image "./patrologiaecurs70unkngoog_0050.png"; bbox 0 0 3900 6128; ppageno 0'>
   <div class='ocr_carea' id='block_1_1' title="bbox 130 313 1853 392">
    <p class='ocr_par' dir='ltr' id='par_1_1' title="bbox 130 313 1853 392">
     <span class='ocr_line' id='line_1_1' title="bbox 130 313 1853 392; baseline -0.005 -1"><span class='ocrx_word' id='word_1_1' title='bbox 130 316 169 392; x_wconf 77' lang='lat'><strong>91</strong></span> <span class='ocrx_word' id='word_1_2' title='bbox 864 316 895 386; x_wconf 82' lang='lat' dir='ltr'><strong>S.</strong></span> <span class='ocrx_word' id='word_1_3' title='bbox 915 317 1137 384; x_wconf 82' lang='lat' dir='ltr'><strong>AMBROSII.</strong></span> <span class='ocrx_word' id='word_1_4' title='bbox 1812 313 1853 384; x_wconf 70' lang='lat'><strong>92</strong></span> 
     </span>
    </p>
   </div>
   <div class='ocr_carea' id='block_1_2' title="bbox 37 500 1850 596">
    <p class='ocr_par' dir='ltr' id='par_1_2' title="bbox 37 500 1850 596">
     <span class='ocr_line' id='line_1_2' title="bbox 37 500 1850 596; baseline -0.003 -16"><span class='ocrx_word' id='word_1_5' title='bbox 37 522 41 527; x_wconf 77' lang='grc'><strong>’</strong></span> <span class='ocrx_word' id='word_1_6' title='bbox 132 523 313 582; x_wconf 79' lang='lat' dir='ltr'>consortium</span> <span class='ocrx_word' id='word_1_7' title='bbox 327 538 421 596; x_wconf 90' lang='lat' dir='ltr'><strong>negas</strong></span> <span class='ocrx_word' id='word_1_8' title='bbox 437 524 451 578; x_wconf 73' lang='lat' dir='ltr'><strong>t</strong></span> <span class='ocrx_word' id='word_1_9' title='bbox 466 522 539 578; x_wconf 85' lang='lat' dir='ltr'>Vide</span> <span class='ocrx_word' id='word_1_10' title='bbox 555 536 592 577; x_wconf 90' lang='lat' dir='ltr'><strong>ne</strong></span> <span class='ocrx_word' id='word_1_11' title='bbox 613 520 795 593; x_wconf 77' lang='lat' dir='ltr'><strong>periclitetur</strong></span> <span class='ocrx_word' id='word_1_12' title='bbox 812 519 959 593; x_wconf 82' lang='lat' dir='ltr'><strong>judicium</strong></span> <span class='ocrx_word' id='word_1_13' title='bbox 973 500 1003 562; x_wconf 72' lang='grc' dir='ltr'>Α</span> <span class='ocrx_word' id='word_1_14' title='bbox 1017 522 1220 576; x_wconf 77' lang='lat' dir='ltr'><strong>asseveraret:</strong></span> <span class='ocrx_word' id='word_1_15' title='bbox 1238 519 1287 574; x_wconf 91' lang='lat' dir='ltr'><strong>ille</strong></span> <span class='ocrx_word' id='word_1_16' title='bbox 1302 521 1334 574; x_wconf 90' lang='lat' dir='ltr'><strong>ut</strong></span> <span class='ocrx_word' id='word_1_17' title='bbox 1348 535 1402 590; x_wconf 95' lang='lat' dir='ltr'><strong>pro</strong></span> <span class='ocrx_word' id='word_1_18' title='bbox 1425 520 1529 575; x_wconf 89' lang='lat' dir='ltr'><strong>Oresta</strong></span> <span class='ocrx_word' id='word_1_19' title='bbox 1549 521 1715 589; x_wconf 88' lang='lat' dir='ltr'><strong>necaretur,</strong></span> <span class='ocrx_word' id='word_1_20' title='bbox 1727 517 1850 576; x_wconf 85' lang='lat' dir='ltr'><strong>Orestes</strong></span> 
     </span>
    </p>
   </div>
   <div class='ocr_carea' id='block_1_3' title="bbox 68 608 961 1837">
    <p class='ocr_par' dir='ltr' id='par_1_3' title="bbox 128 608 961 1290">
     <span class='ocr_line' id='line_1_3' title="bbox 128 608 958 682; baseline -0.007 -13"><span class='ocrx_word' id='word_1_21' title='bbox 128 616 224 682; x_wconf 92' lang='lat' dir='ltr'><strong>tuum,</strong></span> <span class='ocrx_word' id='word_1_22' title='bbox 241 612 311 667; x_wconf 92' lang='lat' dir='ltr'><strong>dum</strong></span> <span class='ocrx_word' id='word_1_23' title='bbox 334 612 473 668; x_wconf 88' lang='lat' dir='ltr'><strong>tortitudo</strong></span> <span class='ocrx_word' id='word_1_24' title='bbox 492 610 637 666; x_wconf 84' lang='lat' dir='ltr'><strong>laudatur.</strong></span> <span class='ocrx_word' id='word_1_25' title='bbox 664 610 800 681; x_wconf 68' lang='lat' dir='ltr'><strong>abiectio</strong></span> <span class='ocrx_word' id='word_1_26' title='bbox 820 608 958 680; x_wconf 90' lang='lat' dir='ltr'><strong>discipuli</strong></span> 
     </span>
     <span class='ocr_line' id='line_1_4' title="bbox 131 699 961 774; baseline -0.005 -18"><span class='ocrx_word' id='word_1_27' title='bbox 131 701 336 756; x_wconf 71' lang='lat' dir='ltr'><strong>detrimentum</strong></span> <span class='ocrx_word' id='word_1_28' title='bbox 348 701 575 774; x_wconf 79' lang='lat' dir='ltr'><strong>estmngisterii.</strong></span> <span class='ocrx_word' id='word_1_29' title='bbox 587 699 663 765; x_wconf 86' lang='lat' dir='ltr'><strong>Quid</strong></span> <span class='ocrx_word' id='word_1_30' title='bbox 679 699 685 754; x_wconf 91' lang='grc'>1</span> <span class='ocrx_word' id='word_1_31' title='bbox 698 699 775 771; x_wconf 91' lang='lat' dir='ltr'><strong>quod</strong></span> <span class='ocrx_word' id='word_1_32' title='bbox 789 699 920 753; x_wconf 84' lang='lat' dir='ltr'><strong>illustres</strong></span> <span class='ocrx_word' id='word_1_33' title='bbox 932 699 961 752; x_wconf 90' lang='lat' dir='ltr'><strong>et</strong></span> 
     </span>
     <span class='ocr_line' id='line_1_5' title="bbox 129 788 960 862; baseline -0.005 -18"><span class='ocrx_word' id='word_1_34' title='bbox 129 792 307 862; x_wconf 77' lang='lat' dir='ltr'><strong>praestantes</strong></span> <span class='ocrx_word' id='word_1_35' title='bbox 327 789 382 843; x_wconf 87' lang='lat' dir='ltr'><strong>viri</strong></span> <span class='ocrx_word' id='word_1_36' title='bbox 408 790 621 860; x_wconf 88' lang='lat' dir='ltr'><strong>discipulorum</strong></span> <span class='ocrx_word' id='word_1_37' title='bbox 643 788 853 843; x_wconf 83' lang='lat' dir='ltr'><strong>certaminibus</strong></span> <span class='ocrx_word' id='word_1_38' title='bbox 872 802 960 858; x_wconf 92' lang='lat' dir='ltr'><strong>quam</strong></span> 
     </span>
     <span class='ocr_line' id='line_1_6' title="bbox 129 875 958 949; baseline -0.004 -17"><span class='ocrx_word' id='word_1_39' title='bbox 129 878 195 932; x_wconf 91' lang='lat' dir='ltr'><strong>suis</strong></span> <span class='ocrx_word' id='word_1_40' title='bbox 209 878 340 934; x_wconf 87' lang='lat' dir='ltr'><strong>vincunt.</strong></span> <span class='ocrx_word' id='word_1_41' title='bbox 351 878 483 949; x_wconf 89' lang='lat' dir='ltr'><strong>Denique</strong></span> <span class='ocrx_word' id='word_1_42' title='bbox 492 878 641 932; x_wconf 83' lang='lat' dir='ltr'><strong>Abraham</strong></span> <span class='ocrx_word' id='word_1_43' title='bbox 652 877 744 931; x_wconf 85' lang='lat' dir='ltr'><strong>filium</strong></span> <span class='ocrx_word' id='word_1_44' title='bbox 753 877 857 932; x_wconf 92' lang='lat' dir='ltr'><strong>obtulit</strong></span> <span class='ocrx_word' id='word_1_45' title='bbox 871 875 958 946; x_wconf 85' lang='lat' dir='ltr'><strong>(Gen.</strong></span> 
     </span>
     <span class='ocr_line' id='line_1_7' title="bbox 129 962 960 1038; baseline -0.004 -18"><span class='ocrx_word' id='word_1_46' title='bbox 129 981 202 1036; x_wconf 81' lang='lat' dir='ltr'><strong>xxii,</strong></span> <span class='ocrx_word' id='word_1_47' title='bbox 219 966 258 1036; x_wconf 85' lang='lat'><strong>9).</strong></span> <span class='ocrx_word' id='word_1_48' title='bbox 275 966 381 1021; x_wconf 90' lang='lat' dir='ltr'><strong>Petrus</strong></span> <span class='ocrx_word' id='word_1_49' title='bbox 401 966 581 1037; x_wconf 85' lang='lat' dir='ltr'><strong>Stephanum</strong></span> <span class='ocrx_word' id='word_1_50' title='bbox 595 966 739 1037; x_wconf 84' lang='lat' dir='ltr'><strong>praemisit</strong></span> <span class='ocrx_word' id='word_1_51' title='bbox 752 966 829 1038; x_wconf 85' lang='lat' dir='ltr'><strong>(Act.</strong></span> <span class='ocrx_word' id='word_1_52' title='bbox 847 964 903 1031; x_wconf 86' lang='grc'><strong>57),</strong></span> <span class='ocrx_word' id='word_1_53' title='bbox 924 962 960 1017; x_wconf 82' lang='lat' dir='ltr'><strong>Et</strong></span> 
     </span>
     <span class='ocr_line' id='line_1_8' title="bbox 129 1053 959 1125; baseline -0.006 -14"><span class='ocrx_word' id='word_1_54' title='bbox 129 1056 170 1124; x_wconf 88' lang='lat' dir='ltr'><strong>tu,</strong></span> <span class='ocrx_word' id='word_1_55' title='bbox 186 1058 278 1125; x_wconf 90' lang='lat' dir='ltr'><strong>pater,</strong></span> <span class='ocrx_word' id='word_1_56' title='bbox 296 1056 455 1111; x_wconf 88' lang='lat' dir='ltr'><strong>ostendein</strong></span> <span class='ocrx_word' id='word_1_57' title='bbox 465 1055 524 1110; x_wconf 89' lang='lat' dir='ltr'><strong>tllio</strong></span> <span class='ocrx_word' id='word_1_58' title='bbox 536 1057 673 1110; x_wconf 90' lang='lat' dir='ltr'><strong>virtutem</strong></span> <span class='ocrx_word' id='word_1_59' title='bbox 689 1058 777 1125; x_wconf 91' lang='lat' dir='ltr'><strong>tuam,</strong></span> <span class='ocrx_word' id='word_1_60' title='bbox 791 1053 959 1124; x_wconf 77' lang='lat' dir='ltr'><strong>offerquem</strong></span> 
     </span>
     <span class='ocr_line' id='line_1_9' title="bbox 128 1143 959 1217; baseline -0.002 -19"><span class='ocrx_word' id='word_1_61' title='bbox 128 1143 261 1215; x_wconf 85' lang='lat' dir='ltr'><strong>erudisti,</strong></span> <span class='ocrx_word' id='word_1_62' title='bbox 279 1147 309 1199; x_wconf 93' lang='lat' dir='ltr'><strong>ut</strong></span> <span class='ocrx_word' id='word_1_63' title='bbox 325 1144 563 1217; x_wconf 83' lang='lat' dir='ltr'><strong>securusjudicii</strong></span> <span class='ocrx_word' id='word_1_64' title='bbox 578 1146 619 1201; x_wconf 90' lang='lat' dir='ltr'><strong>tui</strong></span> <span class='ocrx_word' id='word_1_65' title='bbox 628 1144 766 1201; x_wconf 90' lang='lat' dir='ltr'><strong>comitatu</strong></span> <span class='ocrx_word' id='word_1_66' title='bbox 783 1143 872 1200; x_wconf 91' lang='lat' dir='ltr'><strong>nobili</strong></span> <span class='ocrx_word' id='word_1_67' title='bbox 889 1158 959 1213; x_wconf 90' lang='lat' dir='ltr'><strong>per-</strong></span> 
     </span>
     <span class='ocr_line' id='line_1_10' title="bbox 128 1232 443 1290; baseline 0.01 -4"><span class='ocrx_word' id='word_1_68' title='bbox 128 1232 232 1290; x_wconf 87' lang='lat' dir='ltr'><strong>venias</strong></span> <span class='ocrx_word' id='word_1_69' title='bbox 247 1232 284 1287; x_wconf 90' lang='lat' dir='ltr'><strong>ad</strong></span> <span class='ocrx_word' id='word_1_70' title='bbox 295 1249 443 1289; x_wconf 87' lang='lat' dir='ltr'><strong>coronam.</strong></span> 
     </span>
    </p>

    <p class='ocr_par' dir='ltr' id='par_1_4' title="bbox 68 1319 958 1837">
     <span class='ocr_line' id='line_1_11' title="bbox 163 1319 958 1395; baseline 0.005 -20"><span class='ocrx_word' id='word_1_71' title='bbox 163 1319 225 1376; x_wconf 66' lang='lat'><strong>205.</strong></span> <span class='ocrx_word' id='word_1_72' title='bbox 242 1321 324 1377; x_wconf 84' lang='lat' dir='ltr'><strong>Tunc</strong></span> <span class='ocrx_word' id='word_1_73' title='bbox 338 1323 452 1393; x_wconf 76' lang='lat' dir='ltr'><strong>Xystus</strong></span> <span class='ocrx_word' id='word_1_74' title='bbox 467 1324 507 1378; x_wconf 90' lang='lat' dir='ltr'><strong>ait</strong></span> <span class='ocrx_word' id='word_1_75' title='bbox 524 1338 529 1378; x_wconf 95' lang='lat'><strong>:</strong></span> <span class='ocrx_word' id='word_1_76' title='bbox 547 1324 679 1395; x_wconf 90' lang='lat' dir='ltr'><strong>Nonego</strong></span> <span class='ocrx_word' id='word_1_77' title='bbox 702 1326 739 1392; x_wconf 86' lang='lat' dir='ltr'><strong>te,</strong></span> <span class='ocrx_word' id='word_1_78' title='bbox 755 1323 806 1392; x_wconf 91' lang='lat' dir='ltr'><strong>ssli,</strong></span> <span class='ocrx_word' id='word_1_79' title='bbox 823 1323 958 1394; x_wconf 88' lang='lat' dir='ltr'><strong>relinquo</strong></span> 
     </span>
     <span class='ocr_line' id='line_1_12' title="bbox 130 1409 958 1483; baseline 0.005 -19"><span class='ocrx_word' id='word_1_80' title='bbox 130 1425 165 1464; x_wconf 90' lang='lat' dir='ltr'><strong>ac</strong></span> <span class='ocrx_word' id='word_1_81' title='bbox 185 1409 291 1466; x_wconf 91' lang='lat' dir='ltr'><strong>desero</strong></span> <span class='ocrx_word' id='word_1_82' title='bbox 312 1427 317 1465; x_wconf 94' lang='lat'>:</span> <span class='ocrx_word' id='word_1_83' title='bbox 336 1412 388 1466; x_wconf 91' lang='lat' dir='ltr'><strong>sed</strong></span> <span class='ocrx_word' id='word_1_84' title='bbox 413 1411 525 1483; x_wconf 79' lang='lat' dir='ltr'><strong>majora</strong></span> <span class='ocrx_word' id='word_1_85' title='bbox 546 1412 601 1467; x_wconf 94' lang='lat' dir='ltr'><strong>tibi</strong></span> <span class='ocrx_word' id='word_1_86' title='bbox 621 1413 765 1468; x_wconf 88' lang='lat' dir='ltr'><strong>debentur</strong></span> <span class='ocrx_word' id='word_1_87' title='bbox 790 1413 958 1468; x_wconf 88' lang='lat' dir='ltr'><strong>certamina.</strong></span> 
     </span>
     <span class='ocr_line' id='line_1_13' title="bbox 128 1497 957 1574; baseline 0.004 -20"><span class='ocrx_word' id='word_1_88' title='bbox 128 1497 193 1554; x_wconf 90' lang='lat' dir='ltr'><strong>Nos</strong></span> <span class='ocrx_word' id='word_1_89' title='bbox 208 1499 294 1570; x_wconf 89' lang='lat' dir='ltr'><strong>quasi</strong></span> <span class='ocrx_word' id='word_1_90' title='bbox 305 1500 522 1556; x_wconf 87' lang='lat' dir='ltr'><strong>seneslevioris</strong></span> <span class='ocrx_word' id='word_1_91' title='bbox 530 1519 639 1574; x_wconf 76' lang='lat' dir='ltr'><strong>pugnes</strong></span> <span class='ocrx_word' id='word_1_92' title='bbox 651 1517 771 1557; x_wconf 90' lang='lat' dir='ltr'><strong>cursum</strong></span> <span class='ocrx_word' id='word_1_93' title='bbox 780 1502 957 1572; x_wconf 83' lang='lat' dir='ltr'><strong>recipimus:</strong></span> 
     </span>
     <span class='ocr_line' id='line_1_14' title="bbox 68 1586 958 1663; baseline 0.002 -22"><span class='ocrx_word' id='word_1_94' title='bbox 68 1586 72 1595; x_wconf 92' lang='lat'><em>&#39;</em></span> <span class='ocrx_word' id='word_1_95' title='bbox 130 1590 156 1641; x_wconf 91' lang='lat' dir='ltr'><strong>te</strong></span> <span class='ocrx_word' id='word_1_96' title='bbox 171 1588 257 1658; x_wconf 86' lang='lat' dir='ltr'><strong>quasi</strong></span> <span class='ocrx_word' id='word_1_97' title='bbox 269 1587 412 1659; x_wconf 72' lang='lat' dir='ltr'><strong>‚iuvenem</strong></span> <span class='ocrx_word' id='word_1_98' title='bbox 425 1594 523 1645; x_wconf 89' lang='lat' dir='ltr'><strong>manet</strong></span> <span class='ocrx_word' id='word_1_99' title='bbox 538 1591 699 1663; x_wconf 80' lang='lat' dir='ltr'><strong>gloriosior</strong></span> <span class='ocrx_word' id='word_1_100' title='bbox 714 1591 750 1646; x_wconf 89' lang='lat' dir='ltr'><strong>de</strong></span> <span class='ocrx_word' id='word_1_101' title='bbox 765 1593 889 1661; x_wconf 71' lang='lat' dir='ltr'><strong>tyranno</strong></span> <span class='ocrx_word' id='word_1_102' title='bbox 904 1590 958 1644; x_wconf 90' lang='lat' dir='ltr'><strong>tri-</strong></span> 
     </span>
     <span class='ocr_line' id='line_1_15' title="bbox 126 1675 957 1750; baseline 0.006 -21"><span class='ocrx_word' id='word_1_103' title='bbox 126 1675 265 1745; x_wconf 79' lang='lat' dir='ltr'><strong>umphus</strong></span> <span class='ocrx_word' id='word_1_104' title='bbox 289 1677 359 1732; x_wconf 89' lang='lat' dir='ltr'><strong>Mox</strong></span> <span class='ocrx_word' id='word_1_105' title='bbox 377 1679 496 1749; x_wconf 87' lang='lat' dir='ltr'><strong>venies,</strong></span> <span class='ocrx_word' id='word_1_106' title='bbox 520 1680 590 1735; x_wconf 90' lang='lat' dir='ltr'><strong>llere</strong></span> <span class='ocrx_word' id='word_1_107' title='bbox 606 1680 730 1748; x_wconf 82' lang='lat' dir='ltr'><strong>desiste,</strong></span> <span class='ocrx_word' id='word_1_108' title='bbox 747 1681 815 1750; x_wconf 91' lang='lat' dir='ltr'><strong>post</strong></span> <span class='ocrx_word' id='word_1_109' title='bbox 828 1678 957 1734; x_wconf 91' lang='lat' dir='ltr'><strong>triduum</strong></span> 
     </span>
     <span class='ocr_line' id='line_1_16' title="bbox 127 1765 957 1837; baseline 0.007 -20"><span class='ocrx_word' id='word_1_110' title='bbox 127 1779 174 1818; x_wconf 92' lang='lat' dir='ltr'><strong>me</strong></span> <span class='ocrx_word' id='word_1_111' title='bbox 193 1765 340 1836; x_wconf 88' lang='lat' dir='ltr'><strong>sequeris.</strong></span> <span class='ocrx_word' id='word_1_112' title='bbox 363 1766 552 1823; x_wconf 88' lang='lat' dir='ltr'><strong>Sacerdotem</strong></span> <span class='ocrx_word' id='word_1_113' title='bbox 572 1766 631 1837; x_wconf 68' lang='grc'><strong>(13)</strong></span> <span class='ocrx_word' id='word_1_114' title='bbox 647 1771 675 1823; x_wconf 89' lang='lat' dir='ltr'><strong>ct</strong></span> <span class='ocrx_word' id='word_1_115' title='bbox 691 1768 822 1822; x_wconf 88' lang='lat' dir='ltr'><strong>Levitam</strong></span> <span class='ocrx_word' id='word_1_116' title='bbox 838 1766 957 1823; x_wconf 89' lang='lat' dir='ltr'><strong>hicme-</strong></span> 
     </span>
    </p>
   </div>
   <div class='ocr_carea' id='block_1_4' title="bbox 1015 607 1853 1373">
    <p class='ocr_par' dir='ltr' id='par_1_5' title="bbox 1015 607 1853 1373">
     <span class='ocr_line' id='line_1_17' title="bbox 1017 607 1853 680; baseline -0.001 -16"><span class='ocrx_word' id='word_1_117' title='bbox 1017 624 1054 664; x_wconf 92' lang='lat' dir='ltr'><strong>ne</strong></span> <span class='ocrx_word' id='word_1_118' title='bbox 1070 609 1207 680; x_wconf 71' lang='lat' dir='ltr'><strong>Pyladem</strong></span> <span class='ocrx_word' id='word_1_119' title='bbox 1222 624 1276 679; x_wconf 89' lang='lat' dir='ltr'><strong>pra</strong></span> <span class='ocrx_word' id='word_1_120' title='bbox 1292 625 1325 663; x_wconf 88' lang='lat' dir='ltr'><strong>so</strong></span> <span class='ocrx_word' id='word_1_121' title='bbox 1340 612 1489 680; x_wconf 88' lang='lat' dir='ltr'><strong>pateretur</strong></span> <span class='ocrx_word' id='word_1_122' title='bbox 1513 608 1623 663; x_wconf 90' lang='lat' dir='ltr'><strong>necari.</strong></span> <span class='ocrx_word' id='word_1_123' title='bbox 1640 608 1698 663; x_wconf 89' lang='lat' dir='ltr'><strong>Sed</strong></span> <span class='ocrx_word' id='word_1_124' title='bbox 1717 607 1776 663; x_wconf 90' lang='lat' dir='ltr'><strong>illis</strong></span> <span class='ocrx_word' id='word_1_125' title='bbox 1792 624 1853 663; x_wconf 91' lang='lat' dir='ltr'><strong>non</strong></span> 
     </span>
     <span class='ocr_line' id='line_1_18' title="bbox 1017 695 1852 768; baseline -0.006 -12"><span class='ocrx_word' id='word_1_126' title='bbox 1017 697 1124 756; x_wconf 83' lang='lat' dir='ltr'><strong>licebat</strong></span> <span class='ocrx_word' id='word_1_127' title='bbox 1143 698 1255 766; x_wconf 88' lang='lat' dir='ltr'><strong>vivere,</strong></span> <span class='ocrx_word' id='word_1_128' title='bbox 1279 699 1357 768; x_wconf 91' lang='lat' dir='ltr'><strong>quod</strong></span> <span class='ocrx_word' id='word_1_129' title='bbox 1376 699 1500 767; x_wconf 90' lang='lat' dir='ltr'><strong>uterque</strong></span> <span class='ocrx_word' id='word_1_130' title='bbox 1522 696 1568 760; x_wconf 84' lang='grc'><strong>56</strong></span> <span class='ocrx_word' id='word_1_131' title='bbox 1594 699 1677 751; x_wconf 92' lang='lat' dir='ltr'><strong>esset</strong></span> <span class='ocrx_word' id='word_1_132' title='bbox 1699 695 1852 767; x_wconf 88' lang='lat' dir='ltr'><strong>parricidii</strong></span> 
     </span>
     <span class='ocr_line' id='line_1_19' title="bbox 1016 782 1849 856; baseline 0 -17"><span class='ocrx_word' id='word_1_133' title='bbox 1016 801 1086 840; x_wconf 87' lang='lat' dir='ltr'><strong>reus</strong></span> <span class='ocrx_word' id='word_1_134' title='bbox 1104 801 1110 840; x_wconf 75' lang='grc' dir='ltr'><em>τ</em></span> <span class='ocrx_word' id='word_1_135' title='bbox 1128 785 1201 840; x_wconf 89' lang='lat' dir='ltr'><strong>alter</strong></span> <span class='ocrx_word' id='word_1_136' title='bbox 1216 785 1265 856; x_wconf 89' lang='lat' dir='ltr'><strong>qui</strong></span> <span class='ocrx_word' id='word_1_137' title='bbox 1280 785 1403 840; x_wconf 89' lang='lat' dir='ltr'><strong>lecisset</strong></span> <span class='ocrx_word' id='word_1_138' title='bbox 1418 783 1485 855; x_wconf 68' lang='lat' dir='ltr'><strong>(tt),</strong></span> <span class='ocrx_word' id='word_1_139' title='bbox 1508 784 1582 840; x_wconf 90' lang='lat' dir='ltr'><strong>alter</strong></span> <span class='ocrx_word' id='word_1_140' title='bbox 1599 785 1650 855; x_wconf 88' lang='lat' dir='ltr'><strong>qui</strong></span> <span class='ocrx_word' id='word_1_141' title='bbox 1669 782 1849 856; x_wconf 83' lang='lat' dir='ltr'><strong>adjuvisset.</strong></span> 
     </span>
     <span class='ocr_line' id='line_1_20' title="bbox 1016 872 1849 945; baseline -0.002 -17"><span class='ocrx_word' id='word_1_142' title='bbox 1016 874 1072 928; x_wconf 90' lang='lat' dir='ltr'><strong>Hic</strong></span> <span class='ocrx_word' id='word_1_143' title='bbox 1096 875 1287 930; x_wconf 89' lang='lat' dir='ltr'><strong>Laurentium</strong></span> <span class='ocrx_word' id='word_1_144' title='bbox 1308 877 1444 928; x_wconf 90' lang='lat' dir='ltr'><strong>sanctum</strong></span> <span class='ocrx_word' id='word_1_145' title='bbox 1458 872 1494 927; x_wconf 93' lang='lat' dir='ltr'><strong>ad</strong></span> <span class='ocrx_word' id='word_1_146' title='bbox 1517 874 1574 928; x_wconf 91' lang='lat' dir='ltr'><strong>hoc</strong></span> <span class='ocrx_word' id='word_1_147' title='bbox 1597 872 1696 927; x_wconf 89' lang='lat' dir='ltr'><strong>nullus</strong></span> <span class='ocrx_word' id='word_1_148' title='bbox 1712 873 1849 945; x_wconf 90' lang='lat' dir='ltr'><strong>urgebat,</strong></span> 
     </span>
     <span class='ocr_line' id='line_1_21' title="bbox 1016 961 1849 1032; baseline 0 -16"><span class='ocrx_word' id='word_1_149' title='bbox 1016 963 1073 1017; x_wconf 90' lang='lat' dir='ltr'><strong>nisi</strong></span> <span class='ocrx_word' id='word_1_150' title='bbox 1091 978 1173 1017; x_wconf 91' lang='lat' dir='ltr'><strong>amor</strong></span> <span class='ocrx_word' id='word_1_151' title='bbox 1187 962 1353 1018; x_wconf 87' lang='lat' dir='ltr'><strong>devotionis</strong></span> <span class='ocrx_word' id='word_1_152' title='bbox 1364 978 1371 1032; x_wconf 84' lang='lat'>3</span> <span class='ocrx_word' id='word_1_153' title='bbox 1384 965 1479 1017; x_wconf 89' lang='lat' dir='ltr'><strong>tamen</strong></span> <span class='ocrx_word' id='word_1_154' title='bbox 1503 964 1531 1017; x_wconf 91' lang='lat' dir='ltr'><strong>et</strong></span> <span class='ocrx_word' id='word_1_155' title='bbox 1546 962 1610 1032; x_wconf 90' lang='lat' dir='ltr'><strong>ipsa</strong></span> <span class='ocrx_word' id='word_1_156' title='bbox 1625 965 1693 1032; x_wconf 90' lang='lat' dir='ltr'><strong>post</strong></span> <span class='ocrx_word' id='word_1_157' title='bbox 1708 961 1849 1030; x_wconf 91' lang='lat' dir='ltr'><strong>triduum,</strong></span> 
     </span>
     <span class='ocr_line' id='line_1_22' title="bbox 1017 1050 1851 1122; baseline 0.001 -17"><span class='ocrx_word' id='word_1_158' title='bbox 1017 1067 1084 1105; x_wconf 92' lang='lat' dir='ltr'><strong>cum</strong></span> <span class='ocrx_word' id='word_1_159' title='bbox 1105 1051 1194 1106; x_wconf 90' lang='lat' dir='ltr'><strong>illuso</strong></span> <span class='ocrx_word' id='word_1_160' title='bbox 1210 1054 1351 1122; x_wconf 76' lang='lat' dir='ltr'><strong>tyranno,</strong></span> <span class='ocrx_word' id='word_1_161' title='bbox 1381 1052 1538 1122; x_wconf 88' lang='lat' dir='ltr'><strong>impositus</strong></span> <span class='ocrx_word' id='word_1_162' title='bbox 1564 1065 1655 1120; x_wconf 89' lang='lat' dir='ltr'><strong>super</strong></span> <span class='ocrx_word' id='word_1_163' title='bbox 1678 1050 1851 1106; x_wconf 87' lang='lat' dir='ltr'><strong>craticulam</strong></span> 
     </span>
     <span class='ocr_line' id='line_1_23' title="bbox 1015 1138 1848 1212; baseline -0.001 -19"><span class='ocrx_word' id='word_1_164' title='bbox 1015 1143 1189 1194; x_wconf 86' lang='lat' dir='ltr'><strong>exureretur</strong></span> <span class='ocrx_word' id='word_1_165' title='bbox 1205 1156 1211 1194; x_wconf 95' lang='lat'>:</span> <span class='ocrx_word' id='word_1_166' title='bbox 1228 1141 1337 1194; x_wconf 85' lang='lat' dir='ltr'><strong>Assum</strong></span> <span class='ocrx_word' id='word_1_167' title='bbox 1353 1146 1409 1208; x_wconf 86' lang='lat' dir='ltr'><strong>est,</strong></span> <span class='ocrx_word' id='word_1_168' title='bbox 1426 1141 1529 1212; x_wconf 91' lang='lat' dir='ltr'><strong>inquit,</strong></span> <span class='ocrx_word' id='word_1_169' title='bbox 1546 1153 1633 1193; x_wconf 83' lang='lat' dir='ltr'><strong>versa</strong></span> <span class='ocrx_word' id='word_1_170' title='bbox 1648 1144 1676 1195; x_wconf 88' lang='lat' dir='ltr'><strong>et</strong></span> <span class='ocrx_word' id='word_1_171' title='bbox 1691 1138 1848 1193; x_wconf 87' lang='lat' dir='ltr'><strong>manduca.</strong></span> 
     </span>
     <span class='ocr_line' id='line_1_24' title="bbox 1015 1228 1685 1300; baseline 0.003 -19"><span class='ocrx_word' id='word_1_172' title='bbox 1015 1228 1056 1282; x_wconf 89' lang='lat' dir='ltr'><strong>lta</strong></span> <span class='ocrx_word' id='word_1_173' title='bbox 1071 1228 1160 1282; x_wconf 89' lang='lat' dir='ltr'><strong>animi</strong></span> <span class='ocrx_word' id='word_1_174' title='bbox 1175 1229 1282 1283; x_wconf 84' lang='lat' dir='ltr'><strong>virtute</strong></span> <span class='ocrx_word' id='word_1_175' title='bbox 1294 1229 1430 1285; x_wconf 88' lang='lat' dir='ltr'><strong>vincebat</strong></span> <span class='ocrx_word' id='word_1_176' title='bbox 1445 1228 1524 1300; x_wconf 88' lang='lat' dir='ltr'><strong>ignis</strong></span> <span class='ocrx_word' id='word_1_177' title='bbox 1541 1230 1685 1283; x_wconf 87' lang='lat' dir='ltr'><strong>naturam.</strong></span> 
     </span>
     <span class='ocr_line' id='line_1_25' title="bbox 1317 1317 1548 1373; baseline -0.009 0"><span class='ocrx_word' id='word_1_178' title='bbox 1317 1317 1444 1373; x_wconf 81' lang='lat' dir='ltr'>CAPUT</span> <span class='ocrx_word' id='word_1_179' title='bbox 1458 1317 1548 1372; x_wconf 83' lang='lat' dir='ltr'><strong>XLIl.</strong></span> 
     </span>
    </p>
   </div>
   <div class='ocr_carea' id='block_1_5' title="bbox 1069 1402 1797 1549">
    <p class='ocr_par' dir='ltr' id='par_1_6' title="bbox 1069 1402 1797 1549">
     <span class='ocr_line' id='line_1_26' title="bbox 1069 1402 1797 1477; baseline -0.003 -15"><span class='ocrx_word' id='word_1_180' title='bbox 1069 1405 1243 1462; x_wconf 87' lang='lat' dir='ltr'><strong>Potestates</strong></span> <span class='ocrx_word' id='word_1_181' title='bbox 1258 1422 1314 1461; x_wconf 89' lang='lat' dir='ltr'><strong>nan</strong></span> <span class='ocrx_word' id='word_1_182' title='bbox 1331 1405 1508 1474; x_wconf 83' lang='lat' dir='ltr'><strong>irritandas,</strong></span> <span class='ocrx_word' id='word_1_183' title='bbox 1525 1420 1619 1477; x_wconf 88' lang='lat' dir='ltr'><strong>neque</strong></span> <span class='ocrx_word' id='word_1_184' title='bbox 1633 1402 1797 1460; x_wconf 86' lang='lat' dir='ltr'><strong>adulationi</strong></span> 
     </span>
     <span class='ocr_line' id='line_1_27' title="bbox 1278 1477 1581 1549; baseline -0.007 -17"><span class='ocrx_word' id='word_1_185' title='bbox 1278 1477 1460 1549; x_wconf 73' lang='lat' dir='ltr'><strong>praehendas</strong></span> <span class='ocrx_word' id='word_1_186' title='bbox 1481 1491 1581 1531; x_wconf 87' lang='lat' dir='ltr'><strong>aures.</strong></span> 
     </span>
    </p>
   </div>
   <div class='ocr_carea' id='block_1_6' title="bbox 1013 1563 1850 1816">
    <p class='ocr_par' dir='ltr' id='par_1_7' title="bbox 1013 1563 1850 1816">
     <span class='ocr_line' id='line_1_28' title="bbox 1049 1563 1850 1636; baseline -0.004 -16"><span class='ocrx_word' id='word_1_187' title='bbox 1049 1564 1112 1620; x_wconf 70' lang='grc'><strong>107.</strong></span> <span class='ocrx_word' id='word_1_188' title='bbox 1128 1566 1297 1621; x_wconf 84' lang='lat' dir='ltr'><strong>Cavendum</strong></span> <span class='ocrx_word' id='word_1_189' title='bbox 1312 1566 1398 1620; x_wconf 89' lang='lat' dir='ltr'><strong>etiam</strong></span> <span class='ocrx_word' id='word_1_190' title='bbox 1415 1581 1493 1636; x_wconf 89' lang='lat' dir='ltr'><strong>reor,</strong></span> <span class='ocrx_word' id='word_1_191' title='bbox 1510 1580 1546 1620; x_wconf 90' lang='lat' dir='ltr'><strong>ne</strong></span> <span class='ocrx_word' id='word_1_192' title='bbox 1563 1565 1634 1619; x_wconf 90' lang='lat' dir='ltr'><strong>dum</strong></span> <span class='ocrx_word' id='word_1_193' title='bbox 1651 1563 1742 1636; x_wconf 88' lang='lat' dir='ltr'><strong>aliqui</strong></span> <span class='ocrx_word' id='word_1_194' title='bbox 1758 1563 1850 1618; x_wconf 90' lang='lat' dir='ltr'><strong>nimia</strong></span> 
     </span>
     <span class='ocr_line' id='line_1_29' title="bbox 1014 1653 1850 1727; baseline -0.002 -19"><span class='ocrx_word' id='word_1_195' title='bbox 1014 1654 1119 1727; x_wconf 86' lang='lat' dir='ltr'><strong>gloriae</strong></span> <span class='ocrx_word' id='word_1_196' title='bbox 1144 1655 1292 1709; x_wconf 86' lang='lat' dir='ltr'><strong>ducuntur</strong></span> <span class='ocrx_word' id='word_1_197' title='bbox 1312 1655 1480 1726; x_wconf 90' lang='lat' dir='ltr'><strong>cupiditate,</strong></span> <span class='ocrx_word' id='word_1_198' title='bbox 1495 1654 1674 1709; x_wconf 89' lang='lat' dir='ltr'><strong>insolentius</strong></span> <span class='ocrx_word' id='word_1_199' title='bbox 1690 1653 1850 1708; x_wconf 88' lang='lat' dir='ltr'><strong>abutantur</strong></span> 
     </span>
     <span class='ocr_line' id='line_1_30' title="bbox 1013 1742 1847 1816; baseline -0.002 -18"><span class='ocrx_word' id='word_1_200' title='bbox 1013 1744 1219 1814; x_wconf 83' lang='lat' dir='ltr'><strong>potestatibus,</strong></span> <span class='ocrx_word' id='word_1_201' title='bbox 1236 1747 1264 1797; x_wconf 92' lang='lat' dir='ltr'><strong>et</strong></span> <span class='ocrx_word' id='word_1_202' title='bbox 1275 1744 1448 1816; x_wconf 88' lang='lat' dir='ltr'><strong>plerumque</strong></span> <span class='ocrx_word' id='word_1_203' title='bbox 1464 1758 1617 1798; x_wconf 86' lang='lat' dir='ltr'><strong>aversosa</strong></span> <span class='ocrx_word' id='word_1_204' title='bbox 1632 1742 1720 1797; x_wconf 93' lang='lat' dir='ltr'><strong>nobis</strong></span> <span class='ocrx_word' id='word_1_205' title='bbox 1731 1743 1847 1796; x_wconf 88' lang='lat' dir='ltr'><strong>animos</strong></span> 
     </span>
    </p>
   </div>
   <div class='ocr_carea' id='block_1_7' title="bbox 123 1830 1847 1928">
    <p class='ocr_par' dir='ltr' id='par_1_8' title="bbox 123 1830 1847 1928">
     <span class='ocr_line' id='line_1_31' title="bbox 123 1830 1847 1928; baseline -0.001 -43"><span class='ocrx_word' id='word_1_206' title='bbox 123 1851 191 1907; x_wconf 62' lang='lat' dir='ltr'>dius</span> <span class='ocrx_word' id='word_1_207' title='bbox 206 1868 348 1909; x_wconf 55' lang='lat' dir='ltr'><strong>numen„</strong></span> <span class='ocrx_word' id='word_1_208' title='bbox 364 1856 456 1910; x_wconf 55' lang='lat' dir='ltr'><strong>dece„</strong></span> <span class='ocrx_word' id='word_1_209' title='bbox 477 1856 543 1911; x_wconf 70' lang='lat' dir='ltr'><strong>Non</strong></span> <span class='ocrx_word' id='word_1_210' title='bbox 559 1859 620 1911; x_wconf 61' lang='lat' dir='ltr'><strong>om,</strong></span> <span class='ocrx_word' id='word_1_211' title='bbox 644 1861 726 1911; x_wconf 70' lang='lat' dir='ltr'><strong>,uum</strong></span> <span class='ocrx_word' id='word_1_212' title='bbox 742 1856 798 1911; x_wconf 69' lang='lat' dir='ltr'><strong>sub</strong></span> <span class='ocrx_word' id='word_1_213' title='bbox 811 1858 954 1928; x_wconf 66' lang='lat' dir='ltr'><strong>magis„0</strong></span> <span class='ocrx_word' id='word_1_214' title='bbox 973 1864 998 1926; x_wconf 79' lang='grc' dir='ltr'><strong>Β</strong></span> <span class='ocrx_word' id='word_1_215' title='bbox 1014 1832 1167 1904; x_wconf 79' lang='lat' dir='ltr'><strong>gentilium</strong></span> <span class='ocrx_word' id='word_1_216' title='bbox 1187 1833 1217 1887; x_wconf 88' lang='lat' dir='ltr'><strong>in</strong></span> <span class='ocrx_word' id='word_1_217' title='bbox 1232 1833 1328 1886; x_wconf 88' lang='lat' dir='ltr'><strong>studia</strong></span> <span class='ocrx_word' id='word_1_218' title='bbox 1348 1832 1565 1902; x_wconf 88' lang='lat' dir='ltr'><strong>persecutionis</strong></span> <span class='ocrx_word' id='word_1_219' title='bbox 1589 1830 1735 1897; x_wconf 77' lang='lat' dir='ltr'><strong>excitent,</strong></span> <span class='ocrx_word' id='word_1_220' title='bbox 1759 1833 1847 1901; x_wconf 89' lang='lat' dir='ltr'><strong>atque</strong></span> 
     </span>
    </p>
   </div>
   <div class='ocr_carea' id='block_1_8' title="bbox 122 1940 956 2987">
    <p class='ocr_par' dir='ltr' id='par_1_9' title="bbox 122 1940 956 2987">
     <span class='ocr_line' id='line_1_32' title="bbox 125 1940 955 2016; baseline 0.007 -22"><span class='ocrx_word' id='word_1_221' title='bbox 125 1940 254 2007; x_wconf 83' lang='lat' dir='ltr'><strong>vincere,</strong></span> <span class='ocrx_word' id='word_1_222' title='bbox 272 1945 357 2014; x_wconf 91' lang='lat' dir='ltr'><strong>quasi</strong></span> <span class='ocrx_word' id='word_1_223' title='bbox 374 1944 539 2015; x_wconf 81' lang='lat' dir='ltr'><strong>adjutorem</strong></span> <span class='ocrx_word' id='word_1_224' title='bbox 558 1961 720 2016; x_wconf 87' lang='lat' dir='ltr'><strong>quaereres.</strong></span> <span class='ocrx_word' id='word_1_225' title='bbox 738 1945 812 2010; x_wconf 86' lang='lat' dir='ltr'><strong>Quid</strong></span> <span class='ocrx_word' id='word_1_226' title='bbox 827 1960 955 2000; x_wconf 90' lang='lat' dir='ltr'><strong>consor-</strong></span> 
     </span>
     <span class='ocr_line' id='line_1_33' title="bbox 126 2029 955 2104; baseline 0.006 -22"><span class='ocrx_word' id='word_1_227' title='bbox 126 2029 199 2083; x_wconf 88' lang='lat' dir='ltr'><strong>tium</strong></span> <span class='ocrx_word' id='word_1_228' title='bbox 213 2032 364 2100; x_wconf 89' lang='lat' dir='ltr'><strong>passionis</strong></span> <span class='ocrx_word' id='word_1_229' title='bbox 376 2048 449 2088; x_wconf 78' lang='lat' dir='ltr'><strong>meae</strong></span> <span class='ocrx_word' id='word_1_230' title='bbox 463 2034 597 2104; x_wconf 84' lang='lat' dir='ltr'><strong>expetis‘?</strong></span> <span class='ocrx_word' id='word_1_231' title='bbox 613 2034 714 2089; x_wconf 87' lang='lat' dir='ltr'><strong>Totam</strong></span> <span class='ocrx_word' id='word_1_232' title='bbox 730 2034 782 2088; x_wconf 91' lang='lat' dir='ltr'><strong>tibi</strong></span> <span class='ocrx_word' id='word_1_233' title='bbox 798 2034 955 2088; x_wconf 86' lang='lat' dir='ltr'><strong>haeredita-</strong></span> 
     </span>
     <span class='ocr_line' id='line_1_34' title="bbox 126 2117 956 2193; baseline 0.008 -24"><span class='ocrx_word' id='word_1_234' title='bbox 126 2118 184 2170; x_wconf 92' lang='lat' dir='ltr'><strong>tem</strong></span> <span class='ocrx_word' id='word_1_235' title='bbox 196 2117 262 2188; x_wconf 86' lang='lat' dir='ltr'><strong>ejus</strong></span> <span class='ocrx_word' id='word_1_236' title='bbox 278 2118 400 2175; x_wconf 88' lang='lat' dir='ltr'><strong>dimitto.</strong></span> <span class='ocrx_word' id='word_1_237' title='bbox 413 2120 486 2185; x_wconf 86' lang='lat' dir='ltr'><strong>Quid</strong></span> <span class='ocrx_word' id='word_1_238' title='bbox 496 2123 684 2191; x_wconf 76' lang='lat' dir='ltr'><strong>praesentiam</strong></span> <span class='ocrx_word' id='word_1_239' title='bbox 696 2137 789 2177; x_wconf 90' lang='lat' dir='ltr'><strong>meam</strong></span> <span class='ocrx_word' id='word_1_240' title='bbox 805 2122 956 2193; x_wconf 75' lang='lat' dir='ltr'><strong>requiris?</strong></span> 
     </span>
     <span class='ocr_line' id='line_1_35' title="bbox 126 2202 955 2281; baseline 0.01 -24"><span class='ocrx_word' id='word_1_241' title='bbox 126 2202 236 2261; x_wconf 82' lang='lat' dir='ltr'><strong>Infirmi</strong></span> <span class='ocrx_word' id='word_1_242' title='bbox 253 2206 389 2278; x_wconf 90' lang='lat' dir='ltr'><strong>discipuli</strong></span> <span class='ocrx_word' id='word_1_243' title='bbox 405 2210 581 2281; x_wconf 88' lang='lat' dir='ltr'><strong>magistrum</strong></span> <span class='ocrx_word' id='word_1_244' title='bbox 599 2211 778 2279; x_wconf 76' lang='lat' dir='ltr'><strong>praecedant,</strong></span> <span class='ocrx_word' id='word_1_245' title='bbox 796 2210 888 2265; x_wconf 83' lang='lat' dir='ltr'><strong>sortes</strong></span> <span class='ocrx_word' id='word_1_246' title='bbox 905 2225 955 2265; x_wconf 88' lang='lat' dir='ltr'><strong>se-</strong></span> 
     </span>
     <span class='ocr_line' id='line_1_36' title="bbox 125 2296 956 2370; baseline 0.007 -24"><span class='ocrx_word' id='word_1_247' title='bbox 125 2297 262 2363; x_wconf 88' lang='lat' dir='ltr'><strong>quantur,</strong></span> <span class='ocrx_word' id='word_1_248' title='bbox 280 2298 311 2349; x_wconf 94' lang='lat' dir='ltr'><strong>ut</strong></span> <span class='ocrx_word' id='word_1_249' title='bbox 325 2296 518 2352; x_wconf 84' lang='lat' dir='ltr'><strong>riacantsine</strong></span> <span class='ocrx_word' id='word_1_250' title='bbox 535 2299 687 2370; x_wconf 85' lang='lat' dir='ltr'><strong>magistro,</strong></span> <span class='ocrx_word' id='word_1_251' title='bbox 704 2299 754 2369; x_wconf 90' lang='lat' dir='ltr'><strong>qui</strong></span> <span class='ocrx_word' id='word_1_252' title='bbox 769 2298 829 2370; x_wconf 82' lang='lat' dir='ltr'><strong>jam</strong></span> <span class='ocrx_word' id='word_1_253' title='bbox 844 2315 903 2353; x_wconf 90' lang='lat' dir='ltr'><strong>non</strong></span> <span class='ocrx_word' id='word_1_254' title='bbox 913 2299 956 2352; x_wconf 89' lang='lat' dir='ltr'><strong>in·</strong></span> 
     </span>
     <span class='ocr_line' id='line_1_37' title="bbox 125 2380 953 2458; baseline 0.007 -23"><span class='ocrx_word' id='word_1_255' title='bbox 125 2380 227 2454; x_wconf 88' lang='lat' dir='ltr'><strong>digent</strong></span> <span class='ocrx_word' id='word_1_256' title='bbox 242 2384 424 2458; x_wconf 88' lang='lat' dir='ltr'><strong>magisterio.</strong></span> <span class='ocrx_word' id='word_1_257' title='bbox 442 2385 491 2440; x_wconf 90' lang='lat' dir='ltr'><strong>Sic</strong></span> <span class='ocrx_word' id='word_1_258' title='bbox 513 2389 541 2440; x_wconf 90' lang='lat' dir='ltr'><strong>et</strong></span> <span class='ocrx_word' id='word_1_259' title='bbox 562 2386 642 2441; x_wconf 85' lang='lat' dir='ltr'><strong>Elias</strong></span> <span class='ocrx_word' id='word_1_260' title='bbox 662 2387 803 2442; x_wconf 80' lang='lat' dir='ltr'><strong>Elisaeum</strong></span> <span class='ocrx_word' id='word_1_261' title='bbox 826 2386 953 2458; x_wconf 88' lang='lat' dir='ltr'><strong>reliquit.</strong></span> 
     </span>
     <span class='ocr_line' id='line_1_38' title="bbox 124 2468 917 2542; baseline 0.006 -18"><span class='ocrx_word' id='word_1_262' title='bbox 124 2468 191 2525; x_wconf 87' lang='lat' dir='ltr'><strong>Tibi</strong></span> <span class='ocrx_word' id='word_1_263' title='bbox 205 2486 278 2542; x_wconf 89' lang='lat' dir='ltr'><strong>ergo</strong></span> <span class='ocrx_word' id='word_1_264' title='bbox 294 2474 400 2527; x_wconf 90' lang='lat' dir='ltr'><strong>mando</strong></span> <span class='ocrx_word' id='word_1_265' title='bbox 416 2478 527 2529; x_wconf 90' lang='lat' dir='ltr'><strong>nostrae</strong></span> <span class='ocrx_word' id='word_1_266' title='bbox 542 2476 661 2530; x_wconf 83' lang='lat' dir='ltr'><strong>virtutis</strong></span> <span class='ocrx_word' id='word_1_267' title='bbox 683 2476 917 2531; x_wconf 90' lang='lat' dir='ltr'><strong>successionem.</strong></span> 
     </span>
     <span class='ocr_line' id='line_1_39' title="bbox 158 2556 955 2635; baseline 0.008 -23"><span class='ocrx_word' id='word_1_268' title='bbox 158 2556 221 2613; x_wconf 71' lang='grc'>106.</span> <span class='ocrx_word' id='word_1_269' title='bbox 238 2559 319 2614; x_wconf 86' lang='lat' dir='ltr'><strong>Talis</strong></span> <span class='ocrx_word' id='word_1_270' title='bbox 335 2563 563 2631; x_wconf 87' lang='lat' dir='ltr'><strong>erateontentio,</strong></span> <span class='ocrx_word' id='word_1_271' title='bbox 580 2563 669 2635; x_wconf 89' lang='lat' dir='ltr'><strong>digna</strong></span> <span class='ocrx_word' id='word_1_272' title='bbox 685 2579 757 2618; x_wconf 89' lang='lat' dir='ltr'><strong>sana</strong></span> <span class='ocrx_word' id='word_1_273' title='bbox 773 2563 809 2618; x_wconf 87' lang='lat' dir='ltr'><strong>de</strong></span> <span class='ocrx_word' id='word_1_274' title='bbox 825 2580 881 2634; x_wconf 91' lang='lat' dir='ltr'><strong>qua</strong></span> <span class='ocrx_word' id='word_1_275' title='bbox 893 2580 955 2619; x_wconf 88' lang='lat' dir='ltr'><strong>cer·</strong></span> 
     </span>
     <span class='ocr_line' id='line_1_40' title="bbox 122 2647 951 2722; baseline 0.007 -22"><span class='ocrx_word' id='word_1_276' title='bbox 122 2647 218 2700; x_wconf 90' lang='lat' dir='ltr'><strong>tarent</strong></span> <span class='ocrx_word' id='word_1_277' title='bbox 232 2648 374 2703; x_wconf 88' lang='lat' dir='ltr'><strong>sacerdos</strong></span> <span class='ocrx_word' id='word_1_278' title='bbox 396 2653 425 2704; x_wconf 92' lang='lat' dir='ltr'><strong>et</strong></span> <span class='ocrx_word' id='word_1_279' title='bbox 445 2651 588 2719; x_wconf 82' lang='lat' dir='ltr'><strong>minister,</strong></span> <span class='ocrx_word' id='word_1_280' title='bbox 605 2652 673 2721; x_wconf 91' lang='lat' dir='ltr'><strong>quis</strong></span> <span class='ocrx_word' id='word_1_281' title='bbox 697 2651 778 2721; x_wconf 89' lang='lat' dir='ltr'><strong>prior</strong></span> <span class='ocrx_word' id='word_1_282' title='bbox 802 2654 951 2722; x_wconf 88' lang='lat' dir='ltr'><strong>pateretur</strong></span> 
     </span>
     <span class='ocr_line' id='line_1_41' title="bbox 123 2734 954 2813; baseline 0.012 -26"><span class='ocrx_word' id='word_1_283' title='bbox 123 2749 177 2803; x_wconf 90' lang='lat' dir='ltr'><strong>pro</strong></span> <span class='ocrx_word' id='word_1_284' title='bbox 193 2734 303 2790; x_wconf 86' lang='lat' dir='ltr'><strong>Christi</strong></span> <span class='ocrx_word' id='word_1_285' title='bbox 319 2737 446 2793; x_wconf 90' lang='lat' dir='ltr'><strong>nomine.</strong></span> <span class='ocrx_word' id='word_1_286' title='bbox 463 2739 494 2793; x_wconf 92' lang='lat' dir='ltr'><strong>ln</strong></span> <span class='ocrx_word' id='word_1_287' title='bbox 508 2739 617 2794; x_wconf 86' lang='lat' dir='ltr'><strong>tabulis</strong></span> <span class='ocrx_word' id='word_1_288' title='bbox 627 2739 723 2794; x_wconf 84' lang='lat' dir='ltr'><strong>terunt</strong></span> <span class='ocrx_word' id='word_1_289' title='bbox 736 2741 859 2813; x_wconf 85' lang='lat' dir='ltr'><strong>tragicis</strong></span> <span class='ocrx_word' id='word_1_290' title='bbox 875 2741 954 2797; x_wconf 86' lang='lat' dir='ltr'><strong>axci-</strong></span> 
     </span>
     <span class='ocr_line' id='line_1_42' title="bbox 123 2823 953 2900; baseline 0.011 -25"><span class='ocrx_word' id='word_1_291' title='bbox 123 2823 200 2878; x_wconf 87' lang='lat' dir='ltr'><strong>tatos</strong></span> <span class='ocrx_word' id='word_1_292' title='bbox 216 2823 320 2878; x_wconf 90' lang='lat' dir='ltr'><strong>theatri</strong></span> <span class='ocrx_word' id='word_1_293' title='bbox 333 2841 457 2897; x_wconf 90' lang='lat' dir='ltr'><strong>magnos</strong></span> <span class='ocrx_word' id='word_1_294' title='bbox 473 2843 543 2882; x_wconf 90' lang='lat' dir='ltr'><strong>esse</strong></span> <span class='ocrx_word' id='word_1_295' title='bbox 551 2827 684 2898; x_wconf 90' lang='lat' dir='ltr'><strong>plausus,</strong></span> <span class='ocrx_word' id='word_1_296' title='bbox 702 2845 767 2883; x_wconf 91' lang='lat' dir='ltr'><strong>cum</strong></span> <span class='ocrx_word' id='word_1_297' title='bbox 779 2845 813 2884; x_wconf 89' lang='lat' dir='ltr'><strong>sa</strong></span> <span class='ocrx_word' id='word_1_298' title='bbox 828 2829 953 2900; x_wconf 75' lang='lat' dir='ltr'><strong>Pylades</strong></span> 
     </span>
     <span class='ocr_line' id='line_1_43' title="bbox 122 2907 952 2987; baseline 0.01 -22"><span class='ocrx_word' id='word_1_299' title='bbox 122 2907 257 2966; x_wconf 92' lang='lat' dir='ltr'><strong>Orestem</strong></span> <span class='ocrx_word' id='word_1_300' title='bbox 271 2912 399 2985; x_wconf 75' lang='lat' dir='ltr'><strong>diceret,</strong></span> <span class='ocrx_word' id='word_1_301' title='bbox 414 2914 546 2986; x_wconf 90' lang='lat' dir='ltr'><strong>Orestes,</strong></span> <span class='ocrx_word' id='word_1_302' title='bbox 565 2921 595 2971; x_wconf 92' lang='lat' dir='ltr'><strong>ut</strong></span> <span class='ocrx_word' id='word_1_303' title='bbox 610 2920 681 2987; x_wconf 89' lang='lat' dir='ltr'><strong>erat,</strong></span> <span class='ocrx_word' id='word_1_304' title='bbox 691 2916 825 2972; x_wconf 87' lang='lat' dir='ltr'><strong>Orestem</strong></span> <span class='ocrx_word' id='word_1_305' title='bbox 840 2933 873 2972; x_wconf 89' lang='lat' dir='ltr'><strong>sc</strong></span> <span class='ocrx_word' id='word_1_306' title='bbox 883 2933 952 2973; x_wconf 88' lang='lat' dir='ltr'><strong>esso</strong></span> 
     </span>
    </p>
   </div>
   <div class='ocr_carea' id='block_1_9' title="bbox 121 3052 950 3200">
    <p class='ocr_par' dir='ltr' id='par_1_10' title="bbox 121 3052 950 3200">
     <span class='ocr_line' id='line_1_44' title="bbox 122 3052 950 3131; baseline 0.011 -26"><span class='ocrx_word' id='word_1_307' title='bbox 122 3052 231 3108; x_wconf 93' lang='lat' dir='ltr'><strong>tholico</strong></span> <span class='ocrx_word' id='word_1_308' title='bbox 247 3054 395 3111; x_wconf 89' lang='lat' dir='ltr'><strong>abhorret.</strong></span> <span class='ocrx_word' id='word_1_309' title='bbox 413 3058 486 3112; x_wconf 94' lang='lat' dir='ltr'><strong>Nam</strong></span> <span class='ocrx_word' id='word_1_310' title='bbox 503 3061 529 3113; x_wconf 92' lang='lat' dir='ltr'><strong>si</strong></span> <span class='ocrx_word' id='word_1_311' title='bbox 545 3061 659 3130; x_wconf 85' lang='lat' dir='ltr'><strong>placeat</strong></span> <span class='ocrx_word' id='word_1_312' title='bbox 674 3060 767 3130; x_wconf 89' lang='lat' dir='ltr'><strong>prima</strong></span> <span class='ocrx_word' id='word_1_313' title='bbox 777 3059 862 3128; x_wconf 90' lang='lat' dir='ltr'><strong>ratio,</strong></span> <span class='ocrx_word' id='word_1_314' title='bbox 879 3060 950 3131; x_wconf 92' lang='lat' dir='ltr'><strong>quid</strong></span> 
     </span>
     <span class='ocr_line' id='line_1_45' title="bbox 121 3125 949 3200; baseline 0.012 -24"><span class='ocrx_word' id='word_1_315' title='bbox 121 3125 228 3179; x_wconf 89' lang='lat' dir='ltr'><strong>mirum</strong></span> <span class='ocrx_word' id='word_1_316' title='bbox 243 3126 628 3187; x_wconf 90' lang='lat' dir='ltr'><strong>diaconoconsecrationem</strong></span> <span class='ocrx_word' id='word_1_317' title='bbox 637 3131 765 3200; x_wconf 90' lang='lat' dir='ltr'><strong>attribui,</strong></span> <span class='ocrx_word' id='word_1_318' title='bbox 777 3146 843 3184; x_wconf 94' lang='lat' dir='ltr'><strong>cum</strong></span> <span class='ocrx_word' id='word_1_319' title='bbox 858 3131 949 3186; x_wconf 90' lang='lat' dir='ltr'><strong>Guer·</strong></span> 
     </span>
    </p>
   </div>
   <div class='ocr_carea' id='block_1_10' title="bbox 1014 1919 1847 1993">
    <p class='ocr_par' dir='ltr' id='par_1_11' title="bbox 1014 1919 1847 1993">
     <span class='ocr_line' id='line_1_46' title="bbox 1014 1919 1847 1993; baseline 0 -19"><span class='ocrx_word' id='word_1_320' title='bbox 1014 1919 1195 1976; x_wconf 85' lang='lat' dir='ltr'><strong>inflamment</strong></span> <span class='ocrx_word' id='word_1_321' title='bbox 1208 1921 1246 1985; x_wconf 30' lang='lat' dir='ltr'><strong>,ad</strong></span> <span class='ocrx_word' id='word_1_322' title='bbox 1261 1921 1452 1976; x_wconf 87' lang='lat' dir='ltr'><strong>iracundiam.</strong></span> <span class='ocrx_word' id='word_1_323' title='bbox 1468 1921 1567 1993; x_wconf 91' lang='lat' dir='ltr'><strong>ltaque</strong></span> <span class='ocrx_word' id='word_1_324' title='bbox 1588 1922 1620 1974; x_wconf 92' lang='lat' dir='ltr'><strong>ut</strong></span> <span class='ocrx_word' id='word_1_325' title='bbox 1639 1919 1682 1973; x_wconf 88' lang='lat' dir='ltr'><strong>illi</strong></span> <span class='ocrx_word' id='word_1_326' title='bbox 1703 1934 1847 1990; x_wconf 88' lang='lat' dir='ltr'><strong>perseve-</strong></span> 
     </span>
    </p>
   </div>
   <div class='ocr_carea' id='block_1_11' title="bbox 1014 2007 1848 2136">
    <p class='ocr_par' dir='ltr' id='par_1_12' title="bbox 1014 2007 1848 2136">
     <span class='ocr_line' id='line_1_47' title="bbox 1014 2007 1848 2134; baseline 0.002 -72"><span class='ocrx_word' id='word_1_327' title='bbox 1014 2025 1080 2133; x_wconf 48' lang='lat' dir='ltr'><strong>{are</strong></span> <span class='ocrx_word' id='word_1_328' title='bbox 1094 2010 1221 2134; x_wconf 55' lang='grc' dir='ltr'><strong>ρΐξείιιί,</strong></span> <span class='ocrx_word' id='word_1_329' title='bbox 1240 2012 1268 2064; x_wconf 92' lang='lat' dir='ltr'><strong>et</strong></span> <span class='ocrx_word' id='word_1_330' title='bbox 1282 2009 1426 2081; x_wconf 89' lang='lat' dir='ltr'><strong>supplicia</strong></span> <span class='ocrx_word' id='word_1_331' title='bbox 1441 2009 1572 2079; x_wconf 83' lang='lat' dir='ltr'><strong>vincere,</strong></span> <span class='ocrx_word' id='word_1_332' title='bbox 1599 2010 1726 2080; x_wconf 85' lang='lat' dir='ltr'><strong>quantos</strong></span> <span class='ocrx_word' id='word_1_333' title='bbox 1749 2007 1848 2079; x_wconf 84' lang='lat' dir='ltr'><strong>perire</strong></span> 
     </span>
     <span class='ocr_line' id='line_1_48' title="bbox 1027 2096 1149 2136; baseline 0.016 -2"><span class='ocrx_word' id='word_1_334' title='bbox 1027 2096 1113 2135; x_wconf 84' lang='lat' dir='ltr'><strong>aaran</strong></span> <span class='ocrx_word' id='word_1_335' title='bbox 1144 2124 1149 2136; x_wconf 94' lang='lat'><strong>.</strong></span> 
     </span>
    </p>
   </div>
   <div class='ocr_carea' id='block_1_12' title="bbox 1014 2169 1846 2420">
    <p class='ocr_par' dir='ltr' id='par_1_13' title="bbox 1014 2169 1846 2420">
     <span class='ocr_line' id='line_1_49' title="bbox 1049 2169 1846 2240; baseline 0.001 -16"><span class='ocrx_word' id='word_1_336' title='bbox 1049 2169 1112 2224; x_wconf 71' lang='lat'><strong>208.</strong></span> <span class='ocrx_word' id='word_1_337' title='bbox 1138 2169 1384 2240; x_wconf 88' lang='lat' dir='ltr'><strong>Prospiciendum</strong></span> <span class='ocrx_word' id='word_1_338' title='bbox 1408 2171 1494 2225; x_wconf 91' lang='lat' dir='ltr'><strong>etiam</strong></span> <span class='ocrx_word' id='word_1_339' title='bbox 1520 2185 1556 2224; x_wconf 90' lang='lat' dir='ltr'><strong>ne</strong></span> <span class='ocrx_word' id='word_1_340' title='bbox 1571 2169 1846 2240; x_wconf 86' lang='lat' dir='ltr'><strong>adulantibusapa·</strong></span> 
     </span>
     <span class='ocr_line' id='line_1_50' title="bbox 1014 2257 1846 2330; baseline 0.004 -20"><span class='ocrx_word' id='word_1_341' title='bbox 1014 2257 1126 2313; x_wconf 89' lang='lat' dir='ltr'><strong>riamus</strong></span> <span class='ocrx_word' id='word_1_342' title='bbox 1145 2274 1246 2313; x_wconf 87' lang='lat' dir='ltr'><strong>aurem</strong></span> <span class='ocrx_word' id='word_1_343' title='bbox 1262 2258 1339 2329; x_wconf 45' lang='lat' dir='ltr'><strong>(⁶25ss</strong></span> <span class='ocrx_word' id='word_1_344' title='bbox 1356 2259 1481 2314; x_wconf 88' lang='lat' dir='ltr'><strong>emolliri</strong></span> <span class='ocrx_word' id='word_1_345' title='bbox 1498 2260 1575 2313; x_wconf 90' lang='lat' dir='ltr'><strong>enim</strong></span> <span class='ocrx_word' id='word_1_346' title='bbox 1594 2258 1770 2330; x_wconf 83' lang='lat' dir='ltr'><strong>adulatione,</strong></span> <span class='ocrx_word' id='word_1_347' title='bbox 1787 2274 1846 2313; x_wconf 91' lang='lat' dir='ltr'><strong>non</strong></span> 
     </span>
     <span class='ocr_line' id='line_1_51' title="bbox 1014 2347 1845 2420; baseline 0.002 -20"><span class='ocrx_word' id='word_1_348' title='bbox 1014 2347 1112 2401; x_wconf 90' lang='lat' dir='ltr'><strong>solum</strong></span> <span class='ocrx_word' id='word_1_349' title='bbox 1127 2347 1306 2402; x_wconf 88' lang='lat' dir='ltr'><strong>tortitudinis</strong></span> <span class='ocrx_word' id='word_1_350' title='bbox 1321 2363 1381 2402; x_wconf 93' lang='lat' dir='ltr'><strong>non</strong></span> <span class='ocrx_word' id='word_1_351' title='bbox 1395 2363 1475 2417; x_wconf 87' lang='lat' dir='ltr'><strong>essa,</strong></span> <span class='ocrx_word' id='word_1_352' title='bbox 1492 2347 1546 2402; x_wconf 92' lang='lat' dir='ltr'><strong>sed</strong></span> <span class='ocrx_word' id='word_1_353' title='bbox 1561 2347 1648 2403; x_wconf 92' lang='lat' dir='ltr'><strong>etiam</strong></span> <span class='ocrx_word' id='word_1_354' title='bbox 1659 2347 1787 2420; x_wconf 67' lang='lat' dir='ltr'><strong>ignavie)</strong></span> <span class='ocrx_word' id='word_1_355' title='bbox 1803 2348 1845 2402; x_wconf 86' lang='lat' dir='ltr'><strong>vi·</strong></span> 
     </span>
    </p>
   </div>
   <div class='ocr_carea' id='block_1_13' title="bbox 1014 2435 1559 2564">
    <p class='ocr_par' dir='ltr' id='par_1_14' title="bbox 1014 2435 1559 2564">
     <span class='ocr_line' id='line_1_52' title="bbox 1014 2435 1109 2491; baseline 0.011 -1"><span class='ocrx_word' id='word_1_356' title='bbox 1014 2435 1109 2491; x_wconf 90' lang='lat' dir='ltr'><strong>detur.</strong></span> 
     </span>
     <span class='ocr_line' id='line_1_53' title="bbox 1305 2506 1559 2564; baseline 0.004 -3"><span class='ocrx_word' id='word_1_357' title='bbox 1305 2506 1431 2562; x_wconf 77' lang='lat' dir='ltr'><strong>CAPUT</strong></span> <span class='ocrx_word' id='word_1_358' title='bbox 1447 2507 1559 2564; x_wconf 84' lang='grc'>111111..</span> 
     </span>
    </p>
   </div>
   <div class='ocr_carea' id='block_1_14' title="bbox 1014 2594 1845 2804">
    <p class='ocr_par' dir='ltr' id='par_1_15' title="bbox 1014 2594 1845 2804">
     <span class='ocr_line' id='line_1_54' title="bbox 1014 2594 1845 2669; baseline 0.001 -20"><span class='ocrx_word' id='word_1_359' title='bbox 1014 2594 1059 2650; x_wconf 87' lang='lat' dir='ltr'><strong>De</strong></span> <span class='ocrx_word' id='word_1_360' title='bbox 1075 2597 1269 2668; x_wconf 87' lang='lat' dir='ltr'><strong>temperantia</strong></span> <span class='ocrx_word' id='word_1_361' title='bbox 1286 2602 1314 2651; x_wconf 87' lang='lat' dir='ltr'><strong>et</strong></span> <span class='ocrx_word' id='word_1_362' title='bbox 1328 2597 1487 2668; x_wconf 71' lang='lat' dir='ltr'><strong>precipuis</strong></span> <span class='ocrx_word' id='word_1_363' title='bbox 1504 2597 1568 2669; x_wconf 79' lang='lat' dir='ltr'><strong>ejus</strong></span> <span class='ocrx_word' id='word_1_364' title='bbox 1580 2596 1730 2668; x_wconf 88' lang='lat' dir='ltr'><strong>partibus,</strong></span> <span class='ocrx_word' id='word_1_365' title='bbox 1755 2597 1845 2650; x_wconf 87' lang='lat' dir='ltr'><strong>nimi-</strong></span> 
     </span>
     <span class='ocr_line' id='line_1_55' title="bbox 1050 2667 1845 2738; baseline 0.001 -17"><span class='ocrx_word' id='word_1_366' title='bbox 1050 2684 1114 2721; x_wconf 92' lang='lat' dir='ltr'><strong>rum</strong></span> <span class='ocrx_word' id='word_1_367' title='bbox 1126 2669 1216 2722; x_wconf 90' lang='lat' dir='ltr'><strong>animi</strong></span> <span class='ocrx_word' id='word_1_368' title='bbox 1228 2667 1444 2738; x_wconf 78' lang='lat' dir='ltr'><strong>tranquillitate</strong></span> <span class='ocrx_word' id='word_1_369' title='bbox 1459 2685 1492 2722; x_wconf 86' lang='lat' dir='ltr'><strong>nc</strong></span> <span class='ocrx_word' id='word_1_370' title='bbox 1507 2668 1719 2738; x_wconf 87' lang='lat' dir='ltr'><strong>moderatione,</strong></span> <span class='ocrx_word' id='word_1_371' title='bbox 1736 2667 1845 2723; x_wconf 80' lang='lat' dir='ltr'><strong>hones-</strong></span> 
     </span>
     <span class='ocr_line' id='line_1_56' title="bbox 1050 2739 1664 2804; baseline 0.002 -12"><span class='ocrx_word' id='word_1_372' title='bbox 1050 2739 1122 2792; x_wconf 86' lang='lat' dir='ltr'><strong>tatis</strong></span> <span class='ocrx_word' id='word_1_373' title='bbox 1137 2755 1216 2804; x_wconf 89' lang='lat' dir='ltr'><strong>cura,</strong></span> <span class='ocrx_word' id='word_1_374' title='bbox 1237 2746 1267 2793; x_wconf 88' lang='lat' dir='ltr'><strong>et</strong></span> <span class='ocrx_word' id='word_1_375' title='bbox 1282 2739 1402 2794; x_wconf 73' lang='lat' dir='ltr'><strong>decoris</strong></span> <span class='ocrx_word' id='word_1_376' title='bbox 1415 2739 1664 2794; x_wconf 83' lang='lat' dir='ltr'><strong>consideratione.</strong></span> 
     </span>
    </p>
   </div>
   <div class='ocr_carea' id='block_1_15' title="bbox 1013 2824 1845 2987">
    <p class='ocr_par' dir='ltr' id='par_1_16' title="bbox 1013 2824 1845 2987">
     <span class='ocr_line' id='line_1_57' title="bbox 1048 2824 1845 2896; baseline 0.001 -16"><span class='ocrx_word' id='word_1_377' title='bbox 1048 2824 1109 2881; x_wconf 79' lang='lat'><strong>⁶209.</strong></span> <span class='ocrx_word' id='word_1_378' title='bbox 1126 2825 1270 2892; x_wconf 88' lang='lat' dir='ltr'><strong>Quoniam</strong></span> <span class='ocrx_word' id='word_1_379' title='bbox 1290 2827 1325 2881; x_wconf 93' lang='lat' dir='ltr'><strong>de</strong></span> <span class='ocrx_word' id='word_1_380' title='bbox 1345 2827 1440 2882; x_wconf 91' lang='lat' dir='ltr'><strong>tribus</strong></span> <span class='ocrx_word' id='word_1_381' title='bbox 1455 2827 1614 2882; x_wconf 89' lang='lat' dir='ltr'><strong>virtutibus</strong></span> <span class='ocrx_word' id='word_1_382' title='bbox 1632 2826 1772 2896; x_wconf 74' lang='lat' dir='ltr'><strong>diximuS,</strong></span> <span class='ocrx_word' id='word_1_383' title='bbox 1800 2843 1845 2882; x_wconf 88' lang='lat' dir='ltr'><strong>re·</strong></span> 
     </span>
     <span class='ocr_line' id='line_1_58' title="bbox 1013 2915 1844 2987; baseline 0.002 -19"><span class='ocrx_word' id='word_1_384' title='bbox 1013 2916 1071 2969; x_wconf 92' lang='lat' dir='ltr'><strong>stat</strong></span> <span class='ocrx_word' id='word_1_385' title='bbox 1084 2918 1115 2970; x_wconf 94' lang='lat' dir='ltr'><strong>ut</strong></span> <span class='ocrx_word' id='word_1_386' title='bbox 1125 2915 1161 2971; x_wconf 90' lang='lat' dir='ltr'><strong>de</strong></span> <span class='ocrx_word' id='word_1_387' title='bbox 1171 2921 1274 2987; x_wconf 89' lang='lat' dir='ltr'><strong>quarta</strong></span> <span class='ocrx_word' id='word_1_388' title='bbox 1288 2916 1396 2970; x_wconf 86' lang='lat' dir='ltr'><strong>virtute</strong></span> <span class='ocrx_word' id='word_1_389' title='bbox 1407 2916 1550 2987; x_wconf 81' lang='lat' dir='ltr'><strong>dicamne,</strong></span> <span class='ocrx_word' id='word_1_390' title='bbox 1568 2931 1634 2986; x_wconf 82' lang='lat' dir='ltr'><strong>quae</strong></span> <span class='ocrx_word' id='word_1_391' title='bbox 1649 2916 1844 2986; x_wconf 88' lang='lat' dir='ltr'><strong>temperantia</strong></span> 
     </span>
    </p>
   </div>
   <div class='ocr_carea' id='block_1_16' title="bbox 1011 3059 1843 3201">
    <p class='ocr_par' dir='ltr' id='par_1_17' title="bbox 1011 3059 1843 3201">
     <span class='ocr_line' id='line_1_59' title="bbox 1011 3059 1843 3131; baseline -0.001 -18"><span class='ocrx_word' id='word_1_392' title='bbox 1011 3059 1264 3113; x_wconf 85' lang='lat' dir='ltr'><strong>sanctificationis.</strong></span> <span class='ocrx_word' id='word_1_393' title='bbox 1286 3081 1298 3107; x_wconf 79' lang='lat' dir='ltr'><strong>r</strong></span> <span class='ocrx_word' id='word_1_394' title='bbox 1315 3061 1417 3131; x_wconf 80' lang='lat' dir='ltr'><strong>Apage</strong></span> <span class='ocrx_word' id='word_1_395' title='bbox 1432 3074 1504 3130; x_wconf 88' lang='lat' dir='ltr'><strong>ergo</strong></span> <span class='ocrx_word' id='word_1_396' title='bbox 1522 3073 1631 3113; x_wconf 88' lang='lat' dir='ltr'><strong>vanum</strong></span> <span class='ocrx_word' id='word_1_397' title='bbox 1646 3061 1843 3130; x_wconf 90' lang='lat' dir='ltr'><strong>quorumdum</strong></span> 
     </span>
     <span class='ocr_line' id='line_1_60' title="bbox 1011 3129 1843 3201; baseline 0 -17"><span class='ocrx_word' id='word_1_398' title='bbox 1011 3145 1076 3184; x_wconf 87' lang='lat' dir='ltr'><strong>curn</strong></span> <span class='ocrx_word' id='word_1_399' title='bbox 1084 3129 1268 3199; x_wconf 88' lang='lat' dir='ltr'><strong>Hospiniano</strong></span> <span class='ocrx_word' id='word_1_400' title='bbox 1276 3133 1482 3201; x_wconf 89' lang='lat' dir='ltr'><strong>commentum,</strong></span> <span class='ocrx_word' id='word_1_401' title='bbox 1496 3131 1544 3201; x_wconf 92' lang='lat' dir='ltr'><strong>qui</strong></span> <span class='ocrx_word' id='word_1_402' title='bbox 1555 3130 1620 3184; x_wconf 93' lang='lat' dir='ltr'><strong>loco</strong></span> <span class='ocrx_word' id='word_1_403' title='bbox 1632 3131 1719 3184; x_wconf 88' lang='lat' dir='ltr'><strong>citato</strong></span> <span class='ocrx_word' id='word_1_404' title='bbox 1730 3134 1758 3184; x_wconf 90' lang='lat' dir='ltr'><strong>ct</strong></span> <span class='ocrx_word' id='word_1_405' title='bbox 1769 3129 1821 3184; x_wconf 92' lang='lat' dir='ltr'><strong>lib.</strong></span> <span class='ocrx_word' id='word_1_406' title='bbox 1834 3146 1843 3184; x_wconf 92' lang='grc' dir='ltr'>ι</span> 
     </span>
    </p>
   </div>
   <div class='ocr_carea' id='block_1_17' title="bbox 120 3193 1843 3273">
    <p class='ocr_par' dir='ltr' id='par_1_18' title="bbox 120 3193 1843 3273">
     <span class='ocr_line' id='line_1_61' title="bbox 120 3193 1843 3273; baseline 0.003 -25"><span class='ocrx_word' id='word_1_407' title='bbox 120 3193 202 3251; x_wconf 89' lang='lat' dir='ltr'><strong>ricus</strong></span> <span class='ocrx_word' id='word_1_408' title='bbox 217 3196 310 3252; x_wconf 88' lang='lat' dir='ltr'><strong>abbas</strong></span> <span class='ocrx_word' id='word_1_409' title='bbox 326 3214 416 3254; x_wconf 91' lang='lat' dir='ltr'><strong>serm.</strong></span> <span class='ocrx_word' id='word_1_410' title='bbox 432 3201 458 3267; x_wconf 90' lang='lat'><strong>5,</strong></span> <span class='ocrx_word' id='word_1_411' title='bbox 476 3201 513 3256; x_wconf 89' lang='lat' dir='ltr'><strong>de</strong></span> <span class='ocrx_word' id='word_1_412' title='bbox 528 3201 639 3270; x_wconf 71' lang='lat' dir='ltr'><strong>Parit,</strong></span> <span class='ocrx_word' id='word_1_413' title='bbox 655 3202 741 3256; x_wconf 88' lang='lat' dir='ltr'><strong>etiam</strong></span> <span class='ocrx_word' id='word_1_414' title='bbox 755 3202 949 3273; x_wconf 81' lang='lat' dir='ltr'><strong>populumne·</strong></span> <span class='ocrx_word' id='word_1_415' title='bbox 967 3204 992 3266; x_wconf 89' lang='lat' dir='ltr'>c</span> <span class='ocrx_word' id='word_1_416' title='bbox 1010 3200 1146 3272; x_wconf 85' lang='lat' dir='ltr'><strong>ejusdem</strong></span> <span class='ocrx_word' id='word_1_417' title='bbox 1161 3200 1240 3255; x_wconf 83' lang='lat' dir='ltr'><strong>Hist.</strong></span> <span class='ocrx_word' id='word_1_418' title='bbox 1253 3201 1338 3255; x_wconf 88' lang='lat' dir='ltr'><strong>Sacr.</strong></span> <span class='ocrx_word' id='word_1_419' title='bbox 1357 3217 1420 3270; x_wconf 90' lang='lat' dir='ltr'><strong>cap.</strong></span> <span class='ocrx_word' id='word_1_420' title='bbox 1436 3199 1480 3270; x_wconf 75' lang='grc'><strong>13,</strong></span> <span class='ocrx_word' id='word_1_421' title='bbox 1496 3201 1589 3256; x_wconf 87' lang='lat' dir='ltr'><strong>exhis</strong></span> <span class='ocrx_word' id='word_1_422' title='bbox 1606 3200 1757 3255; x_wconf 85' lang='lat' dir='ltr'><strong>Ambrosii</strong></span> <span class='ocrx_word' id='word_1_423' title='bbox 1774 3216 1843 3255; x_wconf 89' lang='lat' dir='ltr'><strong>ver-</strong></span> 
     </span>
    </p>
   </div>
   <div class='ocr_carea' id='block_1_18' title="bbox 15 3269 948 3343">
    <p class='ocr_par' dir='ltr' id='par_1_19' title="bbox 15 3269 948 3343">
     <span class='ocr_line' id='line_1_62' title="bbox 15 3269 948 3343; baseline 0.006 -23"><span class='ocrx_word' id='word_1_424' title='bbox 15 3315 17 3320; x_wconf 91' lang='lat'><strong>.</strong></span> <span class='ocrx_word' id='word_1_425' title='bbox 119 3269 200 3321; x_wconf 89' lang='lat' dir='ltr'><strong>serat</strong></span> <span class='ocrx_word' id='word_1_426' title='bbox 211 3273 410 3324; x_wconf 66' lang='lat' dir='ltr'><strong>consecraret¹</strong></span> <span class='ocrx_word' id='word_1_427' title='bbox 426 3270 502 3327; x_wconf 86' lang='lat' dir='ltr'><strong>Sane</strong></span> <span class='ocrx_word' id='word_1_428' title='bbox 518 3273 641 3328; x_wconf 90' lang='lat' dir='ltr'><strong>diacono</strong></span> <span class='ocrx_word' id='word_1_429' title='bbox 657 3273 794 3343; x_wconf 93' lang='lat' dir='ltr'><strong>competit</strong></span> <span class='ocrx_word' id='word_1_430' title='bbox 809 3288 867 3327; x_wconf 89' lang='lat' dir='ltr'><strong>non</strong></span> <span class='ocrx_word' id='word_1_431' title='bbox 884 3276 948 3326; x_wconf 89' lang='lat' dir='ltr'><strong>tau-</strong></span> 
     </span>
    </p>
   </div>
   <div class='ocr_carea' id='block_1_19' title="bbox 112 3339 949 4407">
    <p class='ocr_par' dir='ltr' id='par_1_20' title="bbox 112 3339 949 4407">
     <span class='ocr_line' id='line_1_63' title="bbox 117 3339 949 3468; baseline 0.01 -79"><span class='ocrx_word' id='word_1_432' title='bbox 117 3351 205 3418; x_wconf 85' lang='lat' dir='ltr'><strong>quam</strong></span> <span class='ocrx_word' id='word_1_433' title='bbox 221 3339 271 3392; x_wconf 90' lang='lat' dir='ltr'><strong>nni</strong></span> <span class='ocrx_word' id='word_1_434' title='bbox 287 3355 302 3393; x_wconf 90' lang='lat' dir='ltr'><strong>e</strong></span> <span class='ocrx_word' id='word_1_435' title='bbox 319 3340 446 3396; x_wconf 87' lang='lat' dir='ltr'><strong>tidelium</strong></span> <span class='ocrx_word' id='word_1_436' title='bbox 457 3347 613 3409; x_wconf 84' lang='lat' dir='ltr'><strong>conventu,</strong></span> <span class='ocrx_word' id='word_1_437' title='bbox 626 3345 680 3399; x_wconf 90' lang='lat' dir='ltr'><strong>sed</strong></span> <span class='ocrx_word' id='word_1_438' title='bbox 694 3348 832 3468; x_wconf 61' lang='lat' dir='ltr'><strong>tanquam</strong></span> <span class='ocrx_word' id='word_1_439' title='bbox 842 3345 949 3414; x_wconf 89' lang='lat' dir='ltr'><strong>prima·</strong></span> 
     </span>
     <span class='ocr_line' id='line_1_64' title="bbox 117 3412 948 3470; baseline 0.011 -9"><span class='ocrx_word' id='word_1_440' title='bbox 117 3422 162 3461; x_wconf 82' lang='lat' dir='ltr'><strong>rio</strong></span> <span class='ocrx_word' id='word_1_441' title='bbox 179 3412 383 3466; x_wconf 88' lang='lat' dir='ltr'><strong>consecrantis</strong></span> <span class='ocrx_word' id='word_1_442' title='bbox 403 3414 567 3470; x_wconf 89' lang='lat' dir='ltr'><strong>sacerdotis</strong></span> <span class='ocrx_word' id='word_1_443' title='bbox 583 3416 718 3470; x_wconf 91' lang='lat' dir='ltr'><strong>ministro</strong></span> <span class='ocrx_word' id='word_1_444' title='bbox 743 3414 824 3468; x_wconf 90' lang='lat' dir='ltr'><strong>ilius</strong></span> <span class='ocrx_word' id='word_1_445' title='bbox 839 3416 948 3470; x_wconf 87' lang='lat' dir='ltr'><strong>actioni</strong></span> 
     </span>
     <span class='ocr_line' id='line_1_65' title="bbox 117 3480 945 3558; baseline 0.011 -26"><span class='ocrx_word' id='word_1_446' title='bbox 117 3480 270 3548; x_wconf 85' lang='lat' dir='ltr'><strong>cooperari</strong></span> <span class='ocrx_word' id='word_1_447' title='bbox 285 3497 338 3550; x_wconf 90' lang='lat' dir='ltr'><strong>per</strong></span> <span class='ocrx_word' id='word_1_448' title='bbox 353 3484 471 3540; x_wconf 92' lang='lat' dir='ltr'><strong>modum</strong></span> <span class='ocrx_word' id='word_1_449' title='bbox 486 3486 658 3558; x_wconf 87' lang='lat' dir='ltr'><strong>cujusdam,</strong></span> <span class='ocrx_word' id='word_1_450' title='bbox 675 3489 706 3540; x_wconf 91' lang='lat' dir='ltr'><strong>ut</strong></span> <span class='ocrx_word' id='word_1_451' title='bbox 721 3485 765 3540; x_wconf 90' lang='lat' dir='ltr'><strong>sic</strong></span> <span class='ocrx_word' id='word_1_452' title='bbox 781 3485 945 3558; x_wconf 90' lang='lat' dir='ltr'><strong>loquamur,</strong></span> 
     </span>
     <span class='ocr_line' id='line_1_66' title="bbox 118 3549 944 3628; baseline 0.01 -23"><span class='ocrx_word' id='word_1_453' title='bbox 118 3549 401 3623; x_wconf 88' lang='lat' dir='ltr'><strong>concelebrationis;</strong></span> <span class='ocrx_word' id='word_1_454' title='bbox 417 3571 475 3626; x_wconf 90' lang='lat' dir='ltr'><strong>quo</strong></span> <span class='ocrx_word' id='word_1_455' title='bbox 491 3573 505 3610; x_wconf 90' lang='lat' dir='ltr'><strong>s</strong></span> <span class='ocrx_word' id='word_1_456' title='bbox 528 3560 603 3611; x_wconf 89' lang='lat' dir='ltr'><strong>ectat</strong></span> <span class='ocrx_word' id='word_1_457' title='bbox 619 3557 726 3628; x_wconf 71' lang='lat' dir='ltr'><strong>synodi</strong></span> <span class='ocrx_word' id='word_1_458' title='bbox 744 3557 826 3612; x_wconf 81' lang='lat' dir='ltr'><strong>Rom.</strong></span> <span class='ocrx_word' id='word_1_459' title='bbox 844 3572 908 3612; x_wconf 87' lang='lat' dir='ltr'><strong>can.</strong></span> <span class='ocrx_word' id='word_1_460' title='bbox 918 3555 944 3628; x_wconf 87' lang='lat'><strong>3,</strong></span> 
     </span>
     <span class='ocr_line' id='line_1_67' title="bbox 115 3573 943 3696; baseline 0.01 -22"><span class='ocrx_word' id='word_1_461' title='bbox 115 3620 152 3675; x_wconf 91' lang='lat' dir='ltr'><strong>ad</strong></span> <span class='ocrx_word' id='word_1_462' title='bbox 165 3621 296 3693; x_wconf 82' lang='lat' dir='ltr'><strong>episcop.</strong></span> <span class='ocrx_word' id='word_1_463' title='bbox 313 3623 398 3688; x_wconf 84' lang='lat' dir='ltr'><strong>Gall,</strong></span> <span class='ocrx_word' id='word_1_464' title='bbox 415 3627 491 3696; x_wconf 93' lang='lat' dir='ltr'><strong>apud</strong></span> <span class='ocrx_word' id='word_1_465' title='bbox 502 3573 728 3683; x_wconf 55' lang='lat' dir='ltr'><strong>girmondtom.</strong></span> <span class='ocrx_word' id='word_1_466' title='bbox 746 3626 854 3682; x_wconf 90' lang='lat' dir='ltr'><strong>lCouc.</strong></span> <span class='ocrx_word' id='word_1_467' title='bbox 870 3628 943 3682; x_wconf 87' lang='lat' dir='ltr'><strong>Gall.</strong></span> 
     </span>
     <span class='ocr_line' id='line_1_68' title="bbox 116 3690 942 3769; baseline 0.008 -24"><span class='ocrx_word' id='word_1_468' title='bbox 116 3690 153 3746; x_wconf 83' lang='lat' dir='ltr'><strong>Et</strong></span> <span class='ocrx_word' id='word_1_469' title='bbox 162 3690 218 3746; x_wconf 91' lang='lat' dir='ltr'><strong>hoc</strong></span> <span class='ocrx_word' id='word_1_470' title='bbox 230 3708 321 3748; x_wconf 89' lang='lat' dir='ltr'><strong>sensu</strong></span> <span class='ocrx_word' id='word_1_471' title='bbox 337 3697 527 3766; x_wconf 90' lang='lat' dir='ltr'><strong>accipiendos</strong></span> <span class='ocrx_word' id='word_1_472' title='bbox 543 3703 679 3769; x_wconf 90' lang='lat' dir='ltr'><strong>putamus</strong></span> <span class='ocrx_word' id='word_1_473' title='bbox 695 3700 779 3754; x_wconf 89' lang='lat' dir='ltr'><strong>locos</strong></span> <span class='ocrx_word' id='word_1_474' title='bbox 796 3699 881 3766; x_wconf 88' lang='lat' dir='ltr'><strong>duos,</strong></span> <span class='ocrx_word' id='word_1_475' title='bbox 898 3699 942 3753; x_wconf 89' lang='lat' dir='ltr'><strong>al-</strong></span> 
     </span>
     <span class='ocr_line' id='line_1_69' title="bbox 115 3764 942 3840; baseline 0.007 -24"><span class='ocrx_word' id='word_1_476' title='bbox 115 3764 211 3818; x_wconf 87' lang='lat' dir='ltr'><strong>terum</strong></span> <span class='ocrx_word' id='word_1_477' title='bbox 227 3764 557 3839; x_wconf 80' lang='lat' dir='ltr'><strong>t‘etriBlesensisepist.</strong></span> <span class='ocrx_word' id='word_1_478' title='bbox 576 3768 637 3840; x_wconf 76' lang='lat' dir='ltr'><strong>lae,</strong></span> <span class='ocrx_word' id='word_1_479' title='bbox 653 3771 691 3824; x_wconf 86' lang='lat' dir='ltr'><strong>ad</strong></span> <span class='ocrx_word' id='word_1_480' title='bbox 706 3772 796 3840; x_wconf 81' lang='lat' dir='ltr'><strong>episc.</strong></span> <span class='ocrx_word' id='word_1_481' title='bbox 807 3770 942 3837; x_wconf 68' lang='lat' dir='ltr'><strong>Laudic„</strong></span> 
     </span>
     <span class='ocr_line' id='line_1_70' title="bbox 115 3833 941 3911; baseline 0.008 -24"><span class='ocrx_word' id='word_1_482' title='bbox 115 3833 238 3888; x_wconf 90' lang='lat' dir='ltr'><strong>alterum</strong></span> <span class='ocrx_word' id='word_1_483' title='bbox 252 3835 332 3889; x_wconf 88' lang='lat' dir='ltr'><strong>Petri</strong></span> <span class='ocrx_word' id='word_1_484' title='bbox 347 3836 429 3892; x_wconf 86' lang='lat' dir='ltr'><strong>Cant.</strong></span> <span class='ocrx_word' id='word_1_485' title='bbox 447 3839 497 3894; x_wconf 93' lang='lat' dir='ltr'><strong>lib.</strong></span> <span class='ocrx_word' id='word_1_486' title='bbox 517 3841 555 3896; x_wconf 87' lang='lat' dir='ltr'><strong>de</strong></span> <span class='ocrx_word' id='word_1_487' title='bbox 583 3841 679 3895; x_wconf 86' lang='lat' dir='ltr'><strong>Verbo</strong></span> <span class='ocrx_word' id='word_1_488' title='bbox 697 3841 794 3895; x_wconf 73' lang='lat' dir='ltr'><strong>Miris.</strong></span> <span class='ocrx_word' id='word_1_489' title='bbox 812 3857 875 3911; x_wconf 89' lang='lat' dir='ltr'><strong>cap.</strong></span> <span class='ocrx_word' id='word_1_490' title='bbox 890 3839 941 3910; x_wconf 80' lang='grc'><strong>11,</strong></span> 
     </span>
     <span class='ocr_line' id='line_1_71' title="bbox 113 3909 939 4030; baseline 0.011 -73"><span class='ocrx_word' id='word_1_491' title='bbox 113 3919 240 4030; x_wconf 60' lang='lat' dir='ltr'><strong>guarum</strong></span> <span class='ocrx_word' id='word_1_492' title='bbox 260 3912 415 3977; x_wconf 89' lang='lat' dir='ltr'><strong>utrumque</strong></span> <span class='ocrx_word' id='word_1_493' title='bbox 436 3909 584 3966; x_wconf 88' lang='lat' dir='ltr'><strong>Halterius</strong></span> <span class='ocrx_word' id='word_1_494' title='bbox 604 3912 654 3965; x_wconf 87' lang='lat' dir='ltr'><strong>lib.</strong></span> <span class='ocrx_word' id='word_1_495' title='bbox 681 3929 711 3966; x_wconf 94' lang='grc' dir='ltr'><strong>ιιι</strong></span> <span class='ocrx_word' id='word_1_496' title='bbox 726 3911 848 3967; x_wconf 89' lang='lat' dir='ltr'><strong>Hierar.</strong></span> <span class='ocrx_word' id='word_1_497' title='bbox 872 3928 939 3982; x_wconf 83' lang='lat' dir='ltr'><strong>pag.</strong></span> 
     </span>
     <span class='ocr_line' id='line_1_72' title="bbox 133 3974 944 4052; baseline 0.007 -22"><span class='ocrx_word' id='word_1_498' title='bbox 133 3974 228 4045; x_wconf 77' lang='lat' dir='ltr'><strong>¹15,de</strong></span> <span class='ocrx_word' id='word_1_499' title='bbox 253 3975 317 4030; x_wconf 85' lang='lat' dir='ltr'><strong>sola</strong></span> <span class='ocrx_word' id='word_1_500' title='bbox 342 3977 574 4050; x_wconf 88' lang='lat' dir='ltr'><strong>dispensatione,</strong></span> <span class='ocrx_word' id='word_1_501' title='bbox 592 3985 718 4052; x_wconf 88' lang='lat' dir='ltr'><strong>priorem</strong></span> <span class='ocrx_word' id='word_1_502' title='bbox 735 3998 805 4038; x_wconf 87' lang='lat' dir='ltr'><strong>vero</strong></span> <span class='ocrx_word' id='word_1_503' title='bbox 821 3982 857 4037; x_wconf 89' lang='lat' dir='ltr'><strong>de</strong></span> <span class='ocrx_word' id='word_1_504' title='bbox 881 3983 944 4036; x_wconf 90' lang='lat' dir='ltr'><strong>sola</strong></span> 
     </span>
     <span class='ocr_line' id='line_1_73' title="bbox 112 4047 945 4127; baseline 0.008 -27"><span class='ocrx_word' id='word_1_505' title='bbox 112 4047 272 4127; x_wconf 79' lang='lat' dir='ltr'><strong>praesentia</strong></span> <span class='ocrx_word' id='word_1_506' title='bbox 284 4048 395 4102; x_wconf 90' lang='lat' dir='ltr'><strong>cardin.</strong></span> <span class='ocrx_word' id='word_1_507' title='bbox 413 4050 492 4105; x_wconf 87' lang='lat' dir='ltr'><strong>Bona</strong></span> <span class='ocrx_word' id='word_1_508' title='bbox 507 4053 557 4107; x_wconf 91' lang='lat' dir='ltr'><strong>lib.</strong></span> <span class='ocrx_word' id='word_1_509' title='bbox 576 4069 584 4106; x_wconf 91' lang='lat'>1</span> <span class='ocrx_word' id='word_1_510' title='bbox 600 4053 671 4107; x_wconf 82' lang='lat' dir='ltr'><strong>Her.</strong></span> <span class='ocrx_word' id='word_1_511' title='bbox 696 4054 810 4125; x_wconf 77' lang='lat' dir='ltr'><strong>Liturq.</strong></span> <span class='ocrx_word' id='word_1_512' title='bbox 827 4069 891 4123; x_wconf 90' lang='lat' dir='ltr'><strong>cap.</strong></span> <span class='ocrx_word' id='word_1_513' title='bbox 910 4054 945 4107; x_wconf 65' lang='lat'><strong>⁹25</strong></span> 
     </span>
     <span class='ocr_line' id='line_1_74' title="bbox 114 4117 945 4193; baseline 0.013 -24"><span class='ocrx_word' id='word_1_514' title='bbox 114 4131 194 4170; x_wconf 90' lang='lat' dir='ltr'><strong>num.</strong></span> <span class='ocrx_word' id='word_1_515' title='bbox 213 4117 239 4181; x_wconf 81' lang='lat' dir='ltr'><strong>t,</strong></span> <span class='ocrx_word' id='word_1_516' title='bbox 258 4121 472 4188; x_wconf 80' lang='lat' dir='ltr'><strong>interpretatur,</strong></span> <span class='ocrx_word' id='word_1_517' title='bbox 491 4138 567 4193; x_wconf 90' lang='lat' dir='ltr'><strong>quos</strong></span> <span class='ocrx_word' id='word_1_518' title='bbox 583 4124 716 4191; x_wconf 89' lang='lat' dir='ltr'><strong>consule,</strong></span> <span class='ocrx_word' id='word_1_519' title='bbox 742 4124 819 4178; x_wconf 86' lang='lat' dir='ltr'><strong>sicut</strong></span> <span class='ocrx_word' id='word_1_520' title='bbox 842 4128 870 4177; x_wconf 90' lang='lat' dir='ltr'><strong>ot</strong></span> <span class='ocrx_word' id='word_1_521' title='bbox 885 4124 945 4180; x_wconf 91' lang='lat' dir='ltr'><strong>hle·</strong></span> 
     </span>
     <span class='ocr_line' id='line_1_75' title="bbox 113 4186 943 4266; baseline 0.01 -25"><span class='ocrx_word' id='word_1_522' title='bbox 113 4186 237 4241; x_wconf 88' lang='lat' dir='ltr'><strong>nardum</strong></span> <span class='ocrx_word' id='word_1_523' title='bbox 249 4192 381 4243; x_wconf 88' lang='lat' dir='ltr'><strong>nostrum</strong></span> <span class='ocrx_word' id='word_1_524' title='bbox 398 4191 427 4244; x_wconf 93' lang='lat' dir='ltr'><strong>in</strong></span> <span class='ocrx_word' id='word_1_525' title='bbox 439 4191 624 4249; x_wconf 86' lang='lat' dir='ltr'><strong>Sacrament.</strong></span> <span class='ocrx_word' id='word_1_526' title='bbox 640 4194 670 4250; x_wconf 90' lang='lat' dir='ltr'><strong>S.</strong></span> <span class='ocrx_word' id='word_1_527' title='bbox 687 4195 832 4266; x_wconf 79' lang='lat' dir='ltr'><strong>Gregorii.</strong></span> <span class='ocrx_word' id='word_1_528' title='bbox 853 4194 943 4249; x_wconf 84' lang='lat' dir='ltr'><strong>Porro</strong></span> 
     </span>
     <span class='ocr_line' id='line_1_76' title="bbox 113 4257 944 4335; baseline 0.008 -22"><span class='ocrx_word' id='word_1_529' title='bbox 113 4257 245 4313; x_wconf 85' lang='lat' dir='ltr'><strong>secunda</strong></span> <span class='ocrx_word' id='word_1_530' title='bbox 257 4262 492 4318; x_wconf 81' lang='lat' dir='ltr'><strong>consecrationis</strong></span> <span class='ocrx_word' id='word_1_531' title='bbox 505 4266 647 4335; x_wconf 90' lang='lat' dir='ltr'><strong>acceptio,</strong></span> <span class='ocrx_word' id='word_1_532' title='bbox 677 4267 814 4321; x_wconf 90' lang='lat' dir='ltr'><strong>nimirum</strong></span> <span class='ocrx_word' id='word_1_533' title='bbox 838 4281 890 4334; x_wconf 91' lang='lat' dir='ltr'><strong>pro</strong></span> <span class='ocrx_word' id='word_1_534' title='bbox 901 4267 944 4320; x_wconf 90' lang='lat' dir='ltr'><strong>rei</strong></span> 
     </span>
     <span class='ocr_line' id='line_1_77' title="bbox 114 4330 945 4407; baseline 0.01 -24"><span class='ocrx_word' id='word_1_535' title='bbox 114 4332 296 4384; x_wconf 70' lang='lat' dir='ltr'><strong>consecrate</strong></span> <span class='ocrx_word' id='word_1_536' title='bbox 312 4330 528 4404; x_wconf 86' lang='lat' dir='ltr'><strong>distributione,</strong></span> <span class='ocrx_word' id='word_1_537' title='bbox 539 4337 617 4390; x_wconf 92' lang='lat' dir='ltr'><strong>omni</strong></span> <span class='ocrx_word' id='word_1_538' title='bbox 628 4341 841 4407; x_wconf 90' lang='lat' dir='ltr'><strong>prorsuscarct</strong></span> <span class='ocrx_word' id='word_1_539' title='bbox 857 4335 945 4391; x_wconf 86' lang='lat' dir='ltr'><strong>allen·</strong></span> 
     </span>
    </p>
   </div>
   <div class='ocr_carea' id='block_1_20' title="bbox 1002 3272 1845 3982">
    <p class='ocr_par' dir='ltr' id='par_1_21' title="bbox 1002 3272 1845 3982">
     <span class='ocr_line' id='line_1_78' title="bbox 1008 3272 1845 3342; baseline 0 -16"><span class='ocrx_word' id='word_1_540' title='bbox 1008 3272 1056 3327; x_wconf 93' lang='lat' dir='ltr'><strong>bis</strong></span> <span class='ocrx_word' id='word_1_541' title='bbox 1072 3273 1238 3342; x_wconf 82' lang='lat' dir='ltr'><strong>exprimere</strong></span> <span class='ocrx_word' id='word_1_542' title='bbox 1250 3275 1372 3326; x_wconf 89' lang='lat' dir='ltr'><strong>conatur</strong></span> <span class='ocrx_word' id='word_1_543' title='bbox 1387 3273 1510 3327; x_wconf 91' lang='lat' dir='ltr'><strong>licuisse</strong></span> <span class='ocrx_word' id='word_1_544' title='bbox 1526 3272 1594 3326; x_wconf 92' lang='lat' dir='ltr'><strong>olim</strong></span> <span class='ocrx_word' id='word_1_545' title='bbox 1608 3272 1741 3326; x_wconf 90' lang='lat' dir='ltr'><strong>diaconis</strong></span> <span class='ocrx_word' id='word_1_546' title='bbox 1757 3272 1787 3325; x_wconf 92' lang='lat' dir='ltr'><strong>in</strong></span> <span class='ocrx_word' id='word_1_547' title='bbox 1798 3287 1845 3326; x_wconf 88' lang='lat' dir='ltr'><strong>sa·</strong></span> 
     </span>
     <span class='ocr_line' id='line_1_79' title="bbox 1009 3342 1843 3398; baseline -0.001 -1"><span class='ocrx_word' id='word_1_548' title='bbox 1009 3343 1160 3398; x_wconf 89' lang='lat' dir='ltr'><strong>cerdotum</strong></span> <span class='ocrx_word' id='word_1_549' title='bbox 1189 3342 1323 3397; x_wconf 89' lang='lat' dir='ltr'><strong>absentia</strong></span> <span class='ocrx_word' id='word_1_550' title='bbox 1347 3343 1555 3398; x_wconf 86' lang='lat' dir='ltr'><strong>eucharistiam</strong></span> <span class='ocrx_word' id='word_1_551' title='bbox 1581 3343 1738 3398; x_wconf 86' lang='lat' dir='ltr'><strong>conticere.</strong></span> <span class='ocrx_word' id='word_1_552' title='bbox 1768 3342 1843 3397; x_wconf 89' lang='lat' dir='ltr'><strong>Nam</strong></span> 
     </span>
     <span class='ocr_line' id='line_1_80' title="bbox 1007 3413 1843 3497; baseline 0 -29"><span class='ocrx_word' id='word_1_553' title='bbox 1007 3415 1296 3485; x_wconf 91' lang='lat' dir='ltr'><strong>praeterquamquod</strong></span> <span class='ocrx_word' id='word_1_554' title='bbox 1313 3415 1344 3469; x_wconf 92' lang='lat' dir='ltr'><strong>in</strong></span> <span class='ocrx_word' id='word_1_555' title='bbox 1359 3430 1433 3469; x_wconf 90' lang='lat' dir='ltr'><strong>mss.</strong></span> <span class='ocrx_word' id='word_1_556' title='bbox 1451 3414 1608 3497; x_wconf 87' lang='lat' dir='ltr'><strong>plusquam</strong></span> <span class='ocrx_word' id='word_1_557' title='bbox 1625 3413 1670 3483; x_wconf 79' lang='lat' dir='ltr'><strong>et,</strong></span> <span class='ocrx_word' id='word_1_558' title='bbox 1687 3418 1716 3469; x_wconf 90' lang='lat' dir='ltr'><strong>et</strong></span> <span class='ocrx_word' id='word_1_559' title='bbox 1730 3413 1760 3468; x_wconf 92' lang='lat' dir='ltr'><strong>in</strong></span> <span class='ocrx_word' id='word_1_560' title='bbox 1777 3429 1843 3468; x_wconf 90' lang='lat' dir='ltr'><strong>om-</strong></span> 
     </span>
     <span class='ocr_line' id='line_1_81' title="bbox 1006 3485 1842 3557; baseline -0.001 -18"><span class='ocrx_word' id='word_1_561' title='bbox 1006 3485 1095 3539; x_wconf 91' lang='lat' dir='ltr'><strong>nibus</strong></span> <span class='ocrx_word' id='word_1_562' title='bbox 1112 3486 1308 3556; x_wconf 88' lang='lat' dir='ltr'><strong>scriptoribus</strong></span> <span class='ocrx_word' id='word_1_563' title='bbox 1324 3501 1340 3540; x_wconf 89' lang='lat' dir='ltr'><strong>a</strong></span> <span class='ocrx_word' id='word_1_564' title='bbox 1357 3485 1466 3557; x_wconf 91' lang='lat' dir='ltr'><strong>quibus</strong></span> <span class='ocrx_word' id='word_1_565' title='bbox 1475 3485 1524 3540; x_wconf 91' lang='lat' dir='ltr'><strong>hic</strong></span> <span class='ocrx_word' id='word_1_566' title='bbox 1535 3485 1612 3540; x_wconf 82' lang='lat' dir='ltr'><strong>idem</strong></span> <span class='ocrx_word' id='word_1_567' title='bbox 1622 3485 1707 3541; x_wconf 88' lang='lat' dir='ltr'><strong>locus</strong></span> <span class='ocrx_word' id='word_1_568' title='bbox 1719 3486 1809 3539; x_wconf 87' lang='lat' dir='ltr'><strong>citatu</strong></span> <span class='ocrx_word' id='word_1_569' title='bbox 1817 3501 1842 3555; x_wconf 87' lang='lat' dir='ltr'><strong>r,</strong></span> 
     </span>
     <span class='ocr_line' id='line_1_82' title="bbox 1005 3556 1843 3628; baseline -0.001 -18"><span class='ocrx_word' id='word_1_570' title='bbox 1005 3557 1140 3628; x_wconf 87' lang='lat' dir='ltr'><strong>corporis</strong></span> <span class='ocrx_word' id='word_1_571' title='bbox 1152 3556 1295 3611; x_wconf 89' lang='lat' dir='ltr'><strong>Dominici</strong></span> <span class='ocrx_word' id='word_1_572' title='bbox 1310 3557 1451 3612; x_wconf 92' lang='lat' dir='ltr'><strong>omittitur</strong></span> <span class='ocrx_word' id='word_1_573' title='bbox 1463 3556 1571 3611; x_wconf 90' lang='lat' dir='ltr'><strong>mentio</strong></span> <span class='ocrx_word' id='word_1_574' title='bbox 1582 3576 1591 3621; x_wconf 89' lang='lat'><em>;</em></span> <span class='ocrx_word' id='word_1_575' title='bbox 1603 3557 1727 3626; x_wconf 90' lang='lat' dir='ltr'><strong>ipsemet</strong></span> <span class='ocrx_word' id='word_1_576' title='bbox 1742 3570 1843 3611; x_wconf 89' lang='lat' dir='ltr'><strong>sano-</strong></span> 
     </span>
     <span class='ocr_line' id='line_1_83' title="bbox 1003 3626 1838 3692; baseline 0.001 -12"><span class='ocrx_word' id='word_1_577' title='bbox 1003 3628 1052 3681; x_wconf 90' lang='lat' dir='ltr'><strong>tus</strong></span> <span class='ocrx_word' id='word_1_578' title='bbox 1064 3628 1166 3681; x_wconf 83' lang='lat' dir='ltr'><strong>Levita</strong></span> <span class='ocrx_word' id='word_1_579' title='bbox 1179 3642 1237 3681; x_wconf 93' lang='lat' dir='ltr'><strong>non</strong></span> <span class='ocrx_word' id='word_1_580' title='bbox 1254 3628 1481 3692; x_wconf 83' lang='lat' dir='ltr'><strong>sacrificantem,</strong></span> <span class='ocrx_word' id='word_1_581' title='bbox 1498 3628 1551 3682; x_wconf 88' lang='lat' dir='ltr'><strong>sed</strong></span> <span class='ocrx_word' id='word_1_582' title='bbox 1568 3626 1763 3682; x_wconf 90' lang='lat' dir='ltr'><strong>sacritlcantis</strong></span> <span class='ocrx_word' id='word_1_583' title='bbox 1780 3629 1838 3682; x_wconf 62' lang='lat' dir='ltr'><strong>mim</strong></span> 
     </span>
     <span class='ocr_line' id='line_1_84' title="bbox 1004 3697 1840 3823; baseline 0.004 -73"><span class='ocrx_word' id='word_1_584' title='bbox 1004 3697 1130 3752; x_wconf 91' lang='lat' dir='ltr'><strong>nistrum</strong></span> <span class='ocrx_word' id='word_1_585' title='bbox 1152 3713 1186 3753; x_wconf 87' lang='lat' dir='ltr'><strong>sc</strong></span> <span class='ocrx_word' id='word_1_586' title='bbox 1195 3698 1367 3823; x_wconf 52' lang='lat' dir='ltr'><strong>(frosstetur,</strong></span> <span class='ocrx_word' id='word_1_587' title='bbox 1391 3714 1446 3753; x_wconf 92' lang='lat' dir='ltr'><strong>nec</strong></span> <span class='ocrx_word' id='word_1_588' title='bbox 1462 3698 1498 3753; x_wconf 91' lang='lat' dir='ltr'><strong>de</strong></span> <span class='ocrx_word' id='word_1_589' title='bbox 1514 3698 1678 3753; x_wconf 91' lang='lat' dir='ltr'><strong>sacerdotis</strong></span> <span class='ocrx_word' id='word_1_590' title='bbox 1703 3697 1840 3754; x_wconf 85' lang='lat' dir='ltr'><strong>absentia</strong></span> 
     </span>
     <span class='ocr_line' id='line_1_85' title="bbox 1002 3767 1840 3840; baseline 0.001 -17"><span class='ocrx_word' id='word_1_591' title='bbox 1002 3767 1142 3839; x_wconf 92' lang='lat' dir='ltr'><strong>loquitur,</strong></span> <span class='ocrx_word' id='word_1_592' title='bbox 1159 3785 1192 3824; x_wconf 90' lang='lat' dir='ltr'><strong>se</strong></span> <span class='ocrx_word' id='word_1_593' title='bbox 1224 3769 1260 3824; x_wconf 91' lang='lat' dir='ltr'><strong>de</strong></span> <span class='ocrx_word' id='word_1_594' title='bbox 1274 3771 1435 3824; x_wconf 86' lang='lat' dir='ltr'><strong>consortio.</strong></span> <span class='ocrx_word' id='word_1_595' title='bbox 1457 3769 1641 3840; x_wconf 89' lang='lat' dir='ltr'><strong>Quapropter</strong></span> <span class='ocrx_word' id='word_1_596' title='bbox 1661 3769 1758 3824; x_wconf 89' lang='lat' dir='ltr'><strong>sicubi</strong></span> <span class='ocrx_word' id='word_1_597' title='bbox 1773 3770 1840 3824; x_wconf 90' lang='lat' dir='ltr'><strong>dia-</strong></span> 
     </span>
     <span class='ocr_line' id='line_1_86' title="bbox 1003 3840 1838 3911; baseline 0.005 -19"><span class='ocrx_word' id='word_1_598' title='bbox 1003 3854 1096 3894; x_wconf 85' lang='lat' dir='ltr'><strong>conas</strong></span> <span class='ocrx_word' id='word_1_599' title='bbox 1111 3840 1169 3894; x_wconf 88' lang='lat' dir='ltr'><strong>alio</strong></span> <span class='ocrx_word' id='word_1_600' title='bbox 1184 3855 1276 3894; x_wconf 89' lang='lat' dir='ltr'><strong>sensu</strong></span> <span class='ocrx_word' id='word_1_601' title='bbox 1286 3840 1414 3911; x_wconf 80' lang='lat' dir='ltr'><strong>legimns</strong></span> <span class='ocrx_word' id='word_1_602' title='bbox 1426 3856 1634 3908; x_wconf 82' lang='lat' dir='ltr'><strong>consecrasse,</strong></span> <span class='ocrx_word' id='word_1_603' title='bbox 1653 3840 1682 3894; x_wconf 86' lang='lat' dir='ltr'><strong>id</strong></span> <span class='ocrx_word' id='word_1_604' title='bbox 1696 3840 1838 3911; x_wconf 87' lang='lat' dir='ltr'><strong>superbae</strong></span> 
     </span>
     <span class='ocr_line' id='line_1_87' title="bbox 1002 3911 1714 3982; baseline 0.003 -19"><span class='ocrx_word' id='word_1_605' title='bbox 1002 3925 1038 3964; x_wconf 90' lang='lat' dir='ltr'><strong>ac</strong></span> <span class='ocrx_word' id='word_1_606' title='bbox 1052 3912 1216 3966; x_wconf 73' lang='lat' dir='ltr'><strong>temerarias</strong></span> <span class='ocrx_word' id='word_1_607' title='bbox 1232 3912 1441 3967; x_wconf 89' lang='lat' dir='ltr'><strong>ascribendum</strong></span> <span class='ocrx_word' id='word_1_608' title='bbox 1457 3914 1504 3966; x_wconf 91' lang='lat' dir='ltr'><strong>est</strong></span> <span class='ocrx_word' id='word_1_609' title='bbox 1518 3911 1714 3982; x_wconf 89' lang='lat' dir='ltr'><strong>usurpationi.</strong></span> 
     </span>
    </p>
   </div>
   <div class='ocr_carea' id='block_1_21' title="bbox 1000 3999 1840 4410">
    <p class='ocr_par' dir='ltr' id='par_1_22' title="bbox 1000 3999 1840 4410">
     <span class='ocr_line' id='line_1_88' title="bbox 1037 3999 1840 4073; baseline 0.004 -20"><span class='ocrx_word' id='word_1_610' title='bbox 1037 3999 1095 4071; x_wconf 71' lang='lat'><strong>(23)</strong></span> <span class='ocrx_word' id='word_1_611' title='bbox 1105 3999 1214 4054; x_wconf 89' lang='lat' dir='ltr'><strong>Omnes</strong></span> <span class='ocrx_word' id='word_1_612' title='bbox 1230 4000 1298 4055; x_wconf 90' lang='lat' dir='ltr'><strong>edit.</strong></span> <span class='ocrx_word' id='word_1_613' title='bbox 1316 4003 1344 4059; x_wconf 91' lang='lat' dir='ltr'><strong>et</strong></span> <span class='ocrx_word' id='word_1_614' title='bbox 1361 4016 1433 4055; x_wconf 88' lang='lat' dir='ltr'><strong>mss.</strong></span> <span class='ocrx_word' id='word_1_615' title='bbox 1451 4001 1570 4073; x_wconf 87' lang='lat' dir='ltr'><strong>aliquot,</strong></span> <span class='ocrx_word' id='word_1_616' title='bbox 1589 3999 1674 4054; x_wconf 85' lang='lat' dir='ltr'><strong>Inter</strong></span> <span class='ocrx_word' id='word_1_617' title='bbox 1689 3999 1840 4056; x_wconf 86' lang='lat' dir='ltr'><strong>Sacerdo-</strong></span> 
     </span>
     <span class='ocr_line' id='line_1_89' title="bbox 1003 4071 1837 4142; baseline 0.002 -18"><span class='ocrx_word' id='word_1_618' title='bbox 1003 4075 1070 4140; x_wconf 89' lang='lat' dir='ltr'><strong>tem,</strong></span> <span class='ocrx_word' id='word_1_619' title='bbox 1088 4075 1142 4125; x_wconf 90' lang='lat' dir='ltr'><strong>etc.</strong></span> <span class='ocrx_word' id='word_1_620' title='bbox 1156 4072 1193 4126; x_wconf 82' lang='lat' dir='ltr'><strong>At</strong></span> <span class='ocrx_word' id='word_1_621' title='bbox 1203 4072 1304 4141; x_wconf 89' lang='lat' dir='ltr'><strong>pluras</strong></span> <span class='ocrx_word' id='word_1_622' title='bbox 1314 4088 1387 4127; x_wconf 89' lang='lat' dir='ltr'><strong>mss.</strong></span> <span class='ocrx_word' id='word_1_623' title='bbox 1401 4073 1537 4126; x_wconf 90' lang='lat' dir='ltr'><strong>omittunt</strong></span> <span class='ocrx_word' id='word_1_624' title='bbox 1545 4072 1637 4126; x_wconf 86' lang='lat' dir='ltr'><strong>inter.</strong></span> <span class='ocrx_word' id='word_1_625' title='bbox 1651 4071 1724 4126; x_wconf 76' lang='lat' dir='ltr'><strong>dum</strong></span> <span class='ocrx_word' id='word_1_626' title='bbox 1735 4073 1837 4142; x_wconf 90' lang='lat' dir='ltr'><strong>nutem</strong></span> 
     </span>
     <span class='ocr_line' id='line_1_90' title="bbox 1000 4141 1840 4214; baseline 0.001 -18"><span class='ocrx_word' id='word_1_627' title='bbox 1000 4156 1054 4211; x_wconf 86' lang='lat' dir='ltr'><strong>par</strong></span> <span class='ocrx_word' id='word_1_628' title='bbox 1068 4142 1253 4197; x_wconf 87' lang='lat' dir='ltr'><strong>sacerdotem</strong></span> <span class='ocrx_word' id='word_1_629' title='bbox 1273 4143 1432 4214; x_wconf 89' lang='lat' dir='ltr'><strong>episcopus</strong></span> <span class='ocrx_word' id='word_1_630' title='bbox 1443 4143 1633 4214; x_wconf 87' lang='lat' dir='ltr'><strong>intelligatur,</strong></span> <span class='ocrx_word' id='word_1_631' title='bbox 1652 4145 1680 4196; x_wconf 90' lang='lat' dir='ltr'><strong>et</strong></span> <span class='ocrx_word' id='word_1_632' title='bbox 1695 4157 1749 4212; x_wconf 91' lang='lat' dir='ltr'><strong>per</strong></span> <span class='ocrx_word' id='word_1_633' title='bbox 1761 4141 1840 4197; x_wconf 83' lang='lat' dir='ltr'><strong>Ieri-</strong></span> 
     </span>
     <span class='ocr_line' id='line_1_91' title="bbox 1002 4213 1838 4284; baseline 0.004 -19"><span class='ocrx_word' id='word_1_634' title='bbox 1002 4219 1060 4266; x_wconf 87' lang='lat' dir='ltr'><strong>tam</strong></span> <span class='ocrx_word' id='word_1_635' title='bbox 1077 4213 1219 4268; x_wconf 92' lang='lat' dir='ltr'><strong>diaconus</strong></span> <span class='ocrx_word' id='word_1_636' title='bbox 1232 4216 1311 4281; x_wconf 88' lang='lat' dir='ltr'><strong>(nam</strong></span> <span class='ocrx_word' id='word_1_637' title='bbox 1325 4217 1356 4268; x_wconf 94' lang='lat' dir='ltr'><strong>ut</strong></span> <span class='ocrx_word' id='word_1_638' title='bbox 1374 4217 1475 4283; x_wconf 91' lang='lat' dir='ltr'><strong>postea</strong></span> <span class='ocrx_word' id='word_1_639' title='bbox 1492 4230 1558 4284; x_wconf 72' lang='lat' dir='ltr'><strong>syn.</strong></span> <span class='ocrx_word' id='word_1_640' title='bbox 1570 4213 1711 4284; x_wconf 87' lang='lat' dir='ltr'><strong>Aquisgr.</strong></span> <span class='ocrx_word' id='word_1_641' title='bbox 1730 4228 1795 4283; x_wconf 88' lang='lat' dir='ltr'><strong>cap.</strong></span> <span class='ocrx_word' id='word_1_642' title='bbox 1811 4213 1838 4276; x_wconf 79' lang='lat'><strong>7.</strong></span> 
     </span>
     <span class='ocr_line' id='line_1_92' title="bbox 1001 4283 1838 4355; baseline 0.001 -18"><span class='ocrx_word' id='word_1_643' title='bbox 1001 4298 1038 4337; x_wconf 88' lang='lat' dir='ltr'><strong>ex</strong></span> <span class='ocrx_word' id='word_1_644' title='bbox 1053 4284 1104 4338; x_wconf 92' lang='lat' dir='ltr'><strong>lib.</strong></span> <span class='ocrx_word' id='word_1_645' title='bbox 1120 4301 1139 4338; x_wconf 89' lang='grc' dir='ltr'><strong>ιι</strong></span> <span class='ocrx_word' id='word_1_646' title='bbox 1157 4285 1281 4339; x_wconf 88' lang='lat' dir='ltr'><strong>Constit.</strong></span> <span class='ocrx_word' id='word_1_647' title='bbox 1295 4286 1398 4355; x_wconf 88' lang='lat' dir='ltr'><strong>Apost.</strong></span> <span class='ocrx_word' id='word_1_648' title='bbox 1409 4300 1472 4354; x_wconf 88' lang='lat' dir='ltr'><strong>cap.</strong></span> <span class='ocrx_word' id='word_1_649' title='bbox 1490 4285 1534 4353; x_wconf 71' lang='lat'><strong>25,</strong></span> <span class='ocrx_word' id='word_1_650' title='bbox 1553 4285 1679 4354; x_wconf 89' lang='lat' dir='ltr'><strong>etepist.</strong></span> <span class='ocrx_word' id='word_1_651' title='bbox 1692 4283 1838 4338; x_wconf 75' lang='lat' dir='ltr'><strong>essancti</strong></span> 
     </span>
     <span class='ocr_line' id='line_1_93' title="bbox 1001 4353 1837 4410; baseline 0.001 -2"><span class='ocrx_word' id='word_1_652' title='bbox 1001 4353 1123 4410; x_wconf 90' lang='lat' dir='ltr'><strong>Hieron.</strong></span> <span class='ocrx_word' id='word_1_653' title='bbox 1140 4355 1271 4410; x_wconf 82' lang='lat' dir='ltr'><strong>delinivit</strong></span> <span class='ocrx_word' id='word_1_654' title='bbox 1287 4371 1292 4410; x_wconf 93' lang='lat'><strong>:</strong></span> <span class='ocrx_word' id='word_1_655' title='bbox 1314 4377 1324 4404; x_wconf 83' lang='grc' dir='ltr'>ι</span> <span class='ocrx_word' id='word_1_656' title='bbox 1343 4356 1539 4410; x_wconf 87' lang='lat' dir='ltr'><strong>Diaconcrum</strong></span> <span class='ocrx_word' id='word_1_657' title='bbox 1552 4354 1624 4409; x_wconf 93' lang='lat' dir='ltr'><strong>ordo</strong></span> <span class='ocrx_word' id='word_1_658' title='bbox 1640 4355 1747 4409; x_wconf 92' lang='lat' dir='ltr'><strong>atribu</strong></span> <span class='ocrx_word' id='word_1_659' title='bbox 1763 4354 1837 4410; x_wconf 83' lang='lat' dir='ltr'><strong>Lavi</strong></span> 
     </span>
    </p>
   </div>
   <div class='ocr_carea' id='block_1_22' title="bbox 112 4400 1841 4565">
    <p class='ocr_par' dir='ltr' id='par_1_23' title="bbox 112 4400 1841 4565">
     <span class='ocr_line' id='line_1_94' title="bbox 113 4400 1838 4498; baseline 0.006 -28"><span class='ocrx_word' id='word_1_660' title='bbox 113 4400 225 4483; x_wconf 67' lang='lat' dir='ltr'>di⁰¹¹¹⁰‚2</span> <span class='ocrx_word' id='word_1_661' title='bbox 241 4402 428 4485; x_wconf 63' lang='lat' dir='ltr'><strong>¹¹¹¹¹¹¹¹¹¹¹P¹l¹⁰</strong></span> <span class='ocrx_word' id='word_1_662' title='bbox 445 4406 539 4485; x_wconf 58' lang='lat' dir='ltr'><strong>,⁰0¹³ss</strong></span> <span class='ocrx_word' id='word_1_663' title='bbox 555 4409 687 4463; x_wconf 71' lang='lat' dir='ltr'>⁰¹¹¹d0¹²</span> <span class='ocrx_word' id='word_1_664' title='bbox 711 4413 770 4490; x_wconf 54' lang='lat'>{⁰¹¹¹</span> <span class='ocrx_word' id='word_1_665' title='bbox 793 4408 861 4478; x_wconf 63' lang='grc' dir='ltr'><strong>(11Ιίθ</strong></span> <span class='ocrx_word' id='word_1_666' title='bbox 884 4423 944 4490; x_wconf 76' lang='lat'><strong>¹¹9¹</strong></span> <span class='ocrx_word' id='word_1_667' title='bbox 999 4427 1113 4497; x_wconf 86' lang='lat' dir='ltr'><strong>accepit</strong></span> <span class='ocrx_word' id='word_1_668' title='bbox 1129 4427 1282 4480; x_wconf 85' lang='lat' dir='ltr'><strong>exordium</strong></span> <span class='ocrx_word' id='word_1_669' title='bbox 1301 4446 1311 4476; x_wconf 76' lang='lat' dir='ltr'><strong>r</strong></span> <span class='ocrx_word' id='word_1_670' title='bbox 1334 4428 1399 4495; x_wconf 88' lang='lat' dir='ltr'><strong>apte</strong></span> <span class='ocrx_word' id='word_1_671' title='bbox 1424 4427 1570 4481; x_wconf 88' lang='lat' dir='ltr'><strong>asseritur</strong></span> <span class='ocrx_word' id='word_1_672' title='bbox 1587 4427 1664 4479; x_wconf 91' lang='lat' dir='ltr'><strong>inter</strong></span> <span class='ocrx_word' id='word_1_673' title='bbox 1678 4427 1838 4498; x_wconf 87' lang='lat' dir='ltr'><strong>utrumque</strong></span> 
     </span>
     <span class='ocr_line' id='line_1_95' title="bbox 112 4474 1841 4565; baseline 0.004 -21"><span class='ocrx_word' id='word_1_674' title='bbox 112 4476 286 4526; x_wconf 69' lang='lat'>⁰⁰¹¹¹¹¹¹¹⁸¹⁸²¹</span> <span class='ocrx_word' id='word_1_675' title='bbox 309 4474 420 4544; x_wconf 66' lang='lat' dir='ltr'>⁰¹¹q¹¹¹d</span> <span class='ocrx_word' id='word_1_676' title='bbox 438 4492 500 4546; x_wconf 66' lang='lat' dir='ltr'><strong>lam</strong></span> <span class='ocrx_word' id='word_1_677' title='bbox 519 4477 681 4548; x_wconf 66' lang='lat' dir='ltr'>P⁶¹s⁰⁰²¹¹¹¹¹</span> <span class='ocrx_word' id='word_1_678' title='bbox 697 4482 804 4550; x_wconf 60' lang='lat' dir='ltr'><strong>⁸¹8⁰¹¹b</strong></span> <span class='ocrx_word' id='word_1_679' title='bbox 823 4482 852 4533; x_wconf 69' lang='lat'><strong>0¹</strong></span> <span class='ocrx_word' id='word_1_680' title='bbox 874 4478 941 4534; x_wconf 64' lang='lat' dir='ltr'><strong>allffi</strong></span> <span class='ocrx_word' id='word_1_681' title='bbox 957 4488 985 4549; x_wconf 88' lang='lat' dir='ltr'>D</span> <span class='ocrx_word' id='word_1_682' title='bbox 1000 4496 1088 4561; x_wconf 82' lang='lat' dir='ltr'><strong>tridui</strong></span> <span class='ocrx_word' id='word_1_683' title='bbox 1100 4497 1288 4551; x_wconf 83' lang='lat' dir='ltr'><strong>interstitium</strong></span> <span class='ocrx_word' id='word_1_684' title='bbox 1300 4497 1476 4565; x_wconf 85' lang='lat' dir='ltr'><strong>convenire;</strong></span> <span class='ocrx_word' id='word_1_685' title='bbox 1489 4497 1717 4551; x_wconf 89' lang='lat' dir='ltr'><strong>suntenimtres</strong></span> <span class='ocrx_word' id='word_1_686' title='bbox 1733 4497 1765 4551; x_wconf 90' lang='lat' dir='ltr'><strong>in</strong></span> <span class='ocrx_word' id='word_1_687' title='bbox 1775 4496 1841 4552; x_wconf 88' lang='lat' dir='ltr'><strong>hie-</strong></span> 
     </span>
    </p>
   </div>
   <div class='ocr_carea' id='block_1_23' title="bbox 71 4540 942 5758">
    <p class='ocr_par' dir='ltr' id='par_1_24' title="bbox 71 4540 942 5758">
     <span class='ocr_line' id='line_1_96' title="bbox 111 4540 940 4619; baseline 0.01 -25"><span class='ocrx_word' id='word_1_688' title='bbox 111 4540 170 4598; x_wconf 84' lang='lat' dir='ltr'><strong>illac</strong></span> <span class='ocrx_word' id='word_1_689' title='bbox 187 4544 476 4600; x_wconf 85' lang='lat' dir='ltr'><strong>consummandorum</strong></span> <span class='ocrx_word' id='word_1_690' title='bbox 488 4550 667 4604; x_wconf 88' lang='lat' dir='ltr'><strong>consortium</strong></span> <span class='ocrx_word' id='word_1_691' title='bbox 677 4555 940 4619; x_wconf 85' lang='lat' dir='ltr'><strong>sacramentorum,</strong></span> 
     </span>
     <span class='ocr_line' id='line_1_97' title="bbox 111 4611 940 4735; baseline 0.012 -69"><span class='ocrx_word' id='word_1_692' title='bbox 111 4611 236 4735; x_wconf 57' lang='lat' dir='ltr'><strong>pulchre</strong></span> <span class='ocrx_word' id='word_1_693' title='bbox 258 4614 295 4667; x_wconf 92' lang='lat' dir='ltr'><strong>ad</strong></span> <span class='ocrx_word' id='word_1_694' title='bbox 318 4617 450 4672; x_wconf 88' lang='lat' dir='ltr'><strong>eamdem</strong></span> <span class='ocrx_word' id='word_1_695' title='bbox 475 4620 725 4690; x_wconf 89' lang='lat' dir='ltr'><strong>dispensationem</strong></span> <span class='ocrx_word' id='word_1_696' title='bbox 745 4619 940 4676; x_wconf 81' lang='lat' dir='ltr'><strong>referuntur:</strong></span> 
     </span>
     <span class='ocr_line' id='line_1_98' title="bbox 124 4685 940 4816; baseline 0.011 -81"><span class='ocrx_word' id='word_1_697' title='bbox 124 4697 173 4736; x_wconf 91' lang='lat' dir='ltr'><strong>um</strong></span> <span class='ocrx_word' id='word_1_698' title='bbox 188 4685 256 4765; x_wconf 80' lang='lat' dir='ltr'><strong>quin</strong></span> <span class='ocrx_word' id='word_1_699' title='bbox 271 4687 423 4756; x_wconf 91' lang='lat' dir='ltr'><strong>proprium</strong></span> <span class='ocrx_word' id='word_1_700' title='bbox 438 4689 630 4746; x_wconf 88' lang='lat' dir='ltr'><strong>diaconorum</strong></span> <span class='ocrx_word' id='word_1_701' title='bbox 644 4691 774 4747; x_wconf 87' lang='lat' dir='ltr'><strong>oltlcium</strong></span> <span class='ocrx_word' id='word_1_702' title='bbox 786 4695 848 4745; x_wconf 89' lang='lat' dir='ltr'><strong>erat</strong></span> <span class='ocrx_word' id='word_1_703' title='bbox 858 4691 940 4816; x_wconf 63' lang='lat' dir='ltr'><strong>Xlehi</strong></span> 
     </span>
     <span class='ocr_line' id='line_1_99' title="bbox 113 4750 942 4834; baseline 0.013 -28"><span class='ocrx_word' id='word_1_704' title='bbox 113 4750 299 4809; x_wconf 85' lang='lat' dir='ltr'><strong>Domnncum</strong></span> <span class='ocrx_word' id='word_1_705' title='bbox 319 4760 495 4828; x_wconf 90' lang='lat' dir='ltr'><strong>sanguinem</strong></span> <span class='ocrx_word' id='word_1_706' title='bbox 510 4762 726 4829; x_wconf 86' lang='lat' dir='ltr'><strong>administrare,</strong></span> <span class='ocrx_word' id='word_1_707' title='bbox 750 4778 855 4834; x_wconf 89' lang='lat' dir='ltr'><strong>quema</strong></span> <span class='ocrx_word' id='word_1_708' title='bbox 878 4776 942 4817; x_wconf 88' lang='lat' dir='ltr'><strong>mo·</strong></span> 
     </span>
     <span class='ocr_line' id='line_1_100' title="bbox 111 4821 940 4906; baseline 0.013 -30"><span class='ocrx_word' id='word_1_709' title='bbox 111 4821 181 4877; x_wconf 92' lang='lat' dir='ltr'><strong>dum</strong></span> <span class='ocrx_word' id='word_1_710' title='bbox 196 4839 283 4906; x_wconf 63' lang='lat' dir='ltr'><strong>conc,</strong></span> <span class='ocrx_word' id='word_1_711' title='bbox 295 4827 435 4900; x_wconf 83' lang='lat' dir='ltr'><strong>Aquisgr.</strong></span> <span class='ocrx_word' id='word_1_712' title='bbox 452 4848 515 4902; x_wconf 86' lang='lat' dir='ltr'><strong>cap.</strong></span> <span class='ocrx_word' id='word_1_713' title='bbox 529 4831 544 4887; x_wconf 90' lang='grc'><strong>7</strong></span> <span class='ocrx_word' id='word_1_714' title='bbox 562 4849 568 4887; x_wconf 92' lang='lat'>:</span> <span class='ocrx_word' id='word_1_715' title='bbox 588 4856 600 4880; x_wconf 79' lang='grc' dir='ltr'>ι</span> <span class='ocrx_word' id='word_1_716' title='bbox 616 4833 690 4888; x_wconf 90' lang='lat' dir='ltr'><strong>Nam</strong></span> <span class='ocrx_word' id='word_1_717' title='bbox 706 4834 782 4888; x_wconf 88' lang='lat' dir='ltr'><strong>siout</strong></span> <span class='ocrx_word' id='word_1_718' title='bbox 793 4834 823 4887; x_wconf 89' lang='lat' dir='ltr'><strong>in</strong></span> <span class='ocrx_word' id='word_1_719' title='bbox 838 4848 940 4887; x_wconf 89' lang='lat' dir='ltr'><strong>sacer-</strong></span> 
     </span>
     <span class='ocr_line' id='line_1_101' title="bbox 109 4893 935 4977; baseline 0.013 -29"><span class='ocrx_word' id='word_1_720' title='bbox 109 4893 186 4974; x_wconf 82' lang='lat' dir='ltr'><strong>dote,</strong></span> <span class='ocrx_word' id='word_1_721' title='bbox 202 4898 307 4966; x_wconf 81' lang='lat' dir='ltr'><strong>inquit,</strong></span> <span class='ocrx_word' id='word_1_722' title='bbox 320 4904 514 4977; x_wconf 82' lang='lat' dir='ltr'><strong>consecratio,</strong></span> <span class='ocrx_word' id='word_1_723' title='bbox 530 4904 569 4958; x_wconf 87' lang='lat' dir='ltr'><strong>ita</strong></span> <span class='ocrx_word' id='word_1_724' title='bbox 585 4905 614 4958; x_wconf 91' lang='lat' dir='ltr'><strong>in</strong></span> <span class='ocrx_word' id='word_1_725' title='bbox 625 4906 761 4959; x_wconf 91' lang='lat' dir='ltr'><strong>ministro</strong></span> <span class='ocrx_word' id='word_1_726' title='bbox 777 4904 935 4975; x_wconf 88' lang='lat' dir='ltr'><strong>dispansa-</strong></span> 
     </span>
     <span class='ocr_line' id='line_1_102' title="bbox 110 4966 940 5049; baseline 0.016 -32"><span class='ocrx_word' id='word_1_727' title='bbox 110 4966 150 5046; x_wconf 68' lang='lat' dir='ltr'><strong>tao</strong></span> <span class='ocrx_word' id='word_1_728' title='bbox 166 4969 342 5049; x_wconf 83' lang='lat' dir='ltr'><strong>sacramenti</strong></span> <span class='ocrx_word' id='word_1_729' title='bbox 358 4974 412 5025; x_wconf 90' lang='lat' dir='ltr'><strong>cst.</strong></span> <span class='ocrx_word' id='word_1_730' title='bbox 429 4973 480 5027; x_wconf 90' lang='lat' dir='ltr'><strong>llle</strong></span> <span class='ocrx_word' id='word_1_731' title='bbox 495 4976 589 5028; x_wconf 86' lang='lat' dir='ltr'><strong>oblata</strong></span> <span class='ocrx_word' id='word_1_732' title='bbox 605 4977 779 5042; x_wconf 87' lang='lat' dir='ltr'><strong>sanctitlcnt,</strong></span> <span class='ocrx_word' id='word_1_733' title='bbox 797 4976 940 5030; x_wconf 90' lang='lat' dir='ltr'><strong>hicsane·</strong></span> 
     </span>
     <span class='ocr_line' id='line_1_103' title="bbox 109 5034 940 5119; baseline 0.012 -30"><span class='ocrx_word' id='word_1_734' title='bbox 109 5034 217 5091; x_wconf 85' lang='lat' dir='ltr'><strong>trsscata</strong></span> <span class='ocrx_word' id='word_1_735' title='bbox 234 5038 399 5119; x_wconf 78' lang='lat' dir='ltr'><strong>dispensat.</strong></span> <span class='ocrx_word' id='word_1_736' title='bbox 419 5065 430 5090; x_wconf 82' lang='grc' dir='ltr'>ι</span> <span class='ocrx_word' id='word_1_737' title='bbox 447 5042 518 5108; x_wconf 84' lang='lat' dir='ltr'><strong>Qnoe</strong></span> <span class='ocrx_word' id='word_1_738' title='bbox 533 5046 624 5100; x_wconf 86' lang='lat' dir='ltr'><strong>verba</strong></span> <span class='ocrx_word' id='word_1_739' title='bbox 640 5047 725 5101; x_wconf 90' lang='lat' dir='ltr'><strong>etiam</strong></span> <span class='ocrx_word' id='word_1_740' title='bbox 748 5048 878 5116; x_wconf 88' lang='lat' dir='ltr'><strong>reperire</strong></span> <span class='ocrx_word' id='word_1_741' title='bbox 894 5049 940 5101; x_wconf 89' lang='lat' dir='ltr'><strong>cst</strong></span> 
     </span>
     <span class='ocr_line' id='line_1_104' title="bbox 108 5107 938 5188; baseline 0.013 -29"><span class='ocrx_word' id='word_1_742' title='bbox 108 5107 185 5177; x_wconf 93' lang='lat' dir='ltr'><strong>apud</strong></span> <span class='ocrx_word' id='word_1_743' title='bbox 202 5109 349 5164; x_wconf 82' lang='lat' dir='ltr'><strong>Isidorum</strong></span> <span class='ocrx_word' id='word_1_744' title='bbox 362 5111 412 5168; x_wconf 90' lang='lat' dir='ltr'><strong>lib.</strong></span> <span class='ocrx_word' id='word_1_745' title='bbox 425 5131 445 5167; x_wconf 95' lang='grc' dir='ltr'><strong>ιι</strong></span> <span class='ocrx_word' id='word_1_746' title='bbox 461 5114 516 5169; x_wconf 82' lang='grc'>011.</span> <span class='ocrx_word' id='word_1_747' title='bbox 532 5117 626 5171; x_wconf 84' lang='lat' dir='ltr'><strong>Eccl..</strong></span> <span class='ocrx_word' id='word_1_748' title='bbox 643 5135 706 5188; x_wconf 90' lang='lat' dir='ltr'><strong>cap.</strong></span> <span class='ocrx_word' id='word_1_749' title='bbox 722 5118 748 5188; x_wconf 89' lang='grc'><strong>8,</strong></span> <span class='ocrx_word' id='word_1_750' title='bbox 766 5123 794 5172; x_wconf 91' lang='lat' dir='ltr'><strong>et</strong></span> <span class='ocrx_word' id='word_1_751' title='bbox 809 5122 938 5172; x_wconf 88' lang='lat' dir='ltr'><strong>vetarem</strong></span> 
     </span>
     <span class='ocr_line' id='line_1_105' title="bbox 108 5182 939 5260; baseline 0.013 -29"><span class='ocrx_word' id='word_1_752' title='bbox 108 5182 258 5260; x_wconf 80' lang='lat' dir='ltr'><strong>auctorem</strong></span> <span class='ocrx_word' id='word_1_753' title='bbox 274 5183 323 5252; x_wconf 91' lang='lat' dir='ltr'><strong>qui</strong></span> <span class='ocrx_word' id='word_1_754' title='bbox 340 5183 510 5256; x_wconf 76' lang='lat' dir='ltr'><strong>Hieronymi</strong></span> <span class='ocrx_word' id='word_1_755' title='bbox 526 5187 639 5242; x_wconf 92' lang='lat' dir='ltr'><strong>titulum</strong></span> <span class='ocrx_word' id='word_1_756' title='bbox 651 5188 726 5244; x_wconf 83' lang='lat' dir='ltr'><strong>falso</strong></span> <span class='ocrx_word' id='word_1_757' title='bbox 743 5188 870 5260; x_wconf 75' lang='lat' dir='ltr'><strong>praefert.</strong></span> <span class='ocrx_word' id='word_1_758' title='bbox 881 5189 939 5242; x_wconf 78' lang='lat' dir='ltr'><strong>tto-</strong></span> 
     </span>
     <span class='ocr_line' id='line_1_106' title="bbox 71 5250 938 5330; baseline 0.014 -29"><span class='ocrx_word' id='word_1_759' title='bbox 71 5250 78 5261; x_wconf 86' lang='lat'><strong><em>‘</em></strong></span> <span class='ocrx_word' id='word_1_760' title='bbox 107 5250 200 5303; x_wconf 81' lang='lat' dir='ltr'><strong>action</strong></span> <span class='ocrx_word' id='word_1_761' title='bbox 214 5256 310 5307; x_wconf 86' lang='lat' dir='ltr'><strong>autern</strong></span> <span class='ocrx_word' id='word_1_762' title='bbox 331 5253 395 5310; x_wconf 77' lang='lat' dir='ltr'><strong>haec</strong></span> <span class='ocrx_word' id='word_1_763' title='bbox 416 5257 442 5311; x_wconf 94' lang='lat' dir='ltr'><strong>ei</strong></span> <span class='ocrx_word' id='word_1_764' title='bbox 459 5274 518 5313; x_wconf 92' lang='lat' dir='ltr'><strong>non</strong></span> <span class='ocrx_word' id='word_1_765' title='bbox 533 5259 682 5314; x_wconf 83' lang='lat' dir='ltr'><strong>videbitur</strong></span> <span class='ocrx_word' id='word_1_766' title='bbox 705 5260 872 5330; x_wconf 82' lang='lat' dir='ltr'><strong>explicatio,</strong></span> <span class='ocrx_word' id='word_1_767' title='bbox 889 5260 938 5330; x_wconf 90' lang='lat' dir='ltr'><strong>qui</strong></span> 
     </span>
     <span class='ocr_line' id='line_1_107' title="bbox 107 5323 935 5406; baseline 0.014 -33"><span class='ocrx_word' id='word_1_768' title='bbox 107 5334 174 5374; x_wconf 91' lang='lat' dir='ltr'><strong>cum</strong></span> <span class='ocrx_word' id='word_1_769' title='bbox 189 5323 256 5376; x_wconf 87' lang='lat' dir='ltr'><strong>Ant.</strong></span> <span class='ocrx_word' id='word_1_770' title='bbox 268 5323 390 5406; x_wconf 74' lang='lat' dir='ltr'><strong>Sodelto</strong></span> <span class='ocrx_word' id='word_1_771' title='bbox 406 5327 637 5384; x_wconf 77' lang='lat' dir='ltr'><strong>Historiacb&#39;ccl.</strong></span> <span class='ocrx_word' id='word_1_772' title='bbox 655 5333 724 5385; x_wconf 90' lang='lat' dir='ltr'><strong>torn.</strong></span> <span class='ocrx_word' id='word_1_773' title='bbox 741 5332 762 5398; x_wconf 90' lang='grc'><strong>1,</strong></span> <span class='ocrx_word' id='word_1_774' title='bbox 780 5346 846 5402; x_wconf 83' lang='lat' dir='ltr'><strong>pag.</strong></span> <span class='ocrx_word' id='word_1_775' title='bbox 874 5331 935 5396; x_wconf 76' lang='lat'><strong>579,</strong></span> 
     </span>
     <span class='ocr_line' id='line_1_108' title="bbox 107 5393 939 5474; baseline 0.012 -29"><span class='ocrx_word' id='word_1_776' title='bbox 107 5393 294 5474; x_wconf 79' lang='lat' dir='ltr'><strong>perpendent</strong></span> <span class='ocrx_word' id='word_1_777' title='bbox 308 5399 338 5454; x_wconf 92' lang='lat' dir='ltr'><strong>in</strong></span> <span class='ocrx_word' id='word_1_778' title='bbox 354 5399 419 5468; x_wconf 84' lang='lat' dir='ltr'><strong>ipso</strong></span> <span class='ocrx_word' id='word_1_779' title='bbox 437 5401 538 5456; x_wconf 80' lang='lat' dir='ltr'><strong>missae</strong></span> <span class='ocrx_word' id='word_1_780' title='bbox 554 5402 701 5458; x_wconf 79' lang='lat' dir='ltr'><strong>sacrificio</strong></span> <span class='ocrx_word' id='word_1_781' title='bbox 718 5401 786 5456; x_wconf 94' lang='lat' dir='ltr'><strong>dum</strong></span> <span class='ocrx_word' id='word_1_782' title='bbox 802 5402 831 5454; x_wconf 91' lang='lat' dir='ltr'><strong>iu</strong></span> <span class='ocrx_word' id='word_1_783' title='bbox 847 5401 939 5455; x_wconf 89' lang='lat' dir='ltr'><strong>calice</strong></span> 
     </span>
     <span class='ocr_line' id='line_1_109' title="bbox 106 5463 939 5545; baseline 0.012 -29"><span class='ocrx_word' id='word_1_784' title='bbox 106 5463 250 5545; x_wconf 67' lang='lat' dir='ltr'><strong>particula</strong></span> <span class='ocrx_word' id='word_1_785' title='bbox 265 5464 372 5525; x_wconf 89' lang='lat' dir='ltr'><strong>hostiae</strong></span> <span class='ocrx_word' id='word_1_786' title='bbox 388 5486 482 5527; x_wconf 82' lang='lat' dir='ltr'><strong>sacrae</strong></span> <span class='ocrx_word' id='word_1_787' title='bbox 497 5472 671 5542; x_wconf 89' lang='lat' dir='ltr'><strong>immittitur,</strong></span> <span class='ocrx_word' id='word_1_788' title='bbox 684 5472 939 5528; x_wconf 89' lang='lat' dir='ltr'><strong>consecrationem</strong></span> 
     </span>
     <span class='ocr_line' id='line_1_110' title="bbox 107 5542 939 5617; baseline 0.011 -30"><span class='ocrx_word' id='word_1_789' title='bbox 107 5549 184 5617; x_wconf 84' lang='lat' dir='ltr'><strong>sumi</strong></span> <span class='ocrx_word' id='word_1_790' title='bbox 200 5551 253 5604; x_wconf 91' lang='lat' dir='ltr'><strong>pro</strong></span> <span class='ocrx_word' id='word_1_791' title='bbox 269 5554 301 5593; x_wconf 89' lang='lat' dir='ltr'><strong>re</strong></span> <span class='ocrx_word' id='word_1_792' title='bbox 316 5547 501 5598; x_wconf 88' lang='lat' dir='ltr'><strong>consecrata.</strong></span> <span class='ocrx_word' id='word_1_793' title='bbox 519 5545 583 5597; x_wconf 89' lang='lat' dir='ltr'><strong>Huc</strong></span> <span class='ocrx_word' id='word_1_794' title='bbox 599 5544 673 5599; x_wconf 87' lang='lat' dir='ltr'><strong>adde</strong></span> <span class='ocrx_word' id='word_1_795' title='bbox 688 5543 768 5615; x_wconf 91' lang='lat' dir='ltr'><strong>quod</strong></span> <span class='ocrx_word' id='word_1_796' title='bbox 785 5543 826 5596; x_wconf 92' lang='lat' dir='ltr'><strong>ait</strong></span> <span class='ocrx_word' id='word_1_797' title='bbox 841 5542 939 5596; x_wconf 88' lang='lat' dir='ltr'><strong>cardi-</strong></span> 
     </span>
     <span class='ocr_line' id='line_1_111' title="bbox 107 5606 937 5683; baseline 0.011 -26"><span class='ocrx_word' id='word_1_798' title='bbox 107 5606 184 5660; x_wconf 86' lang='lat' dir='ltr'><strong>nahe</strong></span> <span class='ocrx_word' id='word_1_799' title='bbox 200 5607 281 5664; x_wconf 89' lang='lat' dir='ltr'><strong>Bona</strong></span> <span class='ocrx_word' id='word_1_800' title='bbox 292 5613 357 5669; x_wconf 93' lang='lat' dir='ltr'><strong>loco</strong></span> <span class='ocrx_word' id='word_1_801' title='bbox 373 5612 499 5681; x_wconf 90' lang='lat' dir='ltr'><strong>laudato,</strong></span> <span class='ocrx_word' id='word_1_802' title='bbox 512 5615 571 5668; x_wconf 92' lang='lat' dir='ltr'><strong>dici</strong></span> <span class='ocrx_word' id='word_1_803' title='bbox 583 5614 739 5670; x_wconf 88' lang='lat' dir='ltr'><strong>diaconum</strong></span> <span class='ocrx_word' id='word_1_804' title='bbox 748 5628 937 5683; x_wconf 89' lang='lat' dir='ltr'><strong>consecrare,</strong></span> 
     </span>
     <span class='ocr_line' id='line_1_112' title="bbox 108 5679 938 5758; baseline 0.008 -27"><span class='ocrx_word' id='word_1_805' title='bbox 108 5679 253 5743; x_wconf 85' lang='lat' dir='ltr'><strong>quatenus</strong></span> <span class='ocrx_word' id='word_1_806' title='bbox 269 5685 446 5758; x_wconf 89' lang='lat' dir='ltr'><strong>sanguinem</strong></span> <span class='ocrx_word' id='word_1_807' title='bbox 461 5685 624 5756; x_wconf 88' lang='lat' dir='ltr'><strong>dispensat,</strong></span> <span class='ocrx_word' id='word_1_808' title='bbox 641 5686 692 5757; x_wconf 91' lang='lat' dir='ltr'><strong>qui</strong></span> <span class='ocrx_word' id='word_1_809' title='bbox 707 5688 754 5742; x_wconf 89' lang='lat' dir='ltr'><strong>est</strong></span> <span class='ocrx_word' id='word_1_810' title='bbox 768 5683 938 5740; x_wconf 85' lang='lat' dir='ltr'><strong>consecutio</strong></span> 
     </span>
    </p>
   </div>
   <div class='ocr_carea' id='block_1_24' title="bbox 109 5747 938 5832">
    <p class='ocr_par' dir='ltr' id='par_1_25' title="bbox 109 5747 938 5832">
     <span class='ocr_line' id='line_1_113' title="bbox 109 5747 938 5832; baseline 0.014 -31"><span class='ocrx_word' id='word_1_811' title='bbox 109 5747 139 5801; x_wconf 88' lang='lat' dir='ltr'><strong>et</strong></span> <span class='ocrx_word' id='word_1_812' title='bbox 153 5749 346 5814; x_wconf 75' lang='lat' dir='ltr'><strong>sanctificatio</strong></span> <span class='ocrx_word' id='word_1_813' title='bbox 355 5757 504 5826; x_wconf 69' lang='lat' dir='ltr'><strong>nostrast</strong></span> <span class='ocrx_word' id='word_1_814' title='bbox 518 5754 586 5813; x_wconf 85' lang='lat' dir='ltr'><strong>tons</strong></span> <span class='ocrx_word' id='word_1_815' title='bbox 599 5761 686 5832; x_wconf 90' lang='lat' dir='ltr'><strong>atque</strong></span> <span class='ocrx_word' id='word_1_816' title='bbox 700 5756 831 5814; x_wconf 84' lang='lat' dir='ltr'><strong>essentia</strong></span> <span class='ocrx_word' id='word_1_817' title='bbox 841 5755 938 5814; x_wconf 88' lang='lat' dir='ltr'><strong>omnis</strong></span> 
     </span>
    </p>
   </div>
   <div class='ocr_carea' id='block_1_25' title="bbox 999 4567 1840 4765">
    <p class='ocr_par' dir='ltr' id='par_1_26' title="bbox 999 4567 1840 4765">
     <span class='ocr_line' id='line_1_114' title="bbox 1000 4567 1838 4640; baseline 0.004 -20"><span class='ocrx_word' id='word_1_818' title='bbox 1000 4567 1116 4621; x_wconf 90' lang='lat' dir='ltr'><strong>rarchia</strong></span> <span class='ocrx_word' id='word_1_819' title='bbox 1140 4567 1269 4621; x_wconf 87' lang='lat' dir='ltr'><strong>distincti</strong></span> <span class='ocrx_word' id='word_1_820' title='bbox 1297 4568 1419 4640; x_wconf 84' lang='lat' dir='ltr'><strong>gradus,</strong></span> <span class='ocrx_word' id='word_1_821' title='bbox 1449 4567 1594 4639; x_wconf 87' lang='lat' dir='ltr'><strong>episcopi,</strong></span> <span class='ocrx_word' id='word_1_822' title='bbox 1616 4567 1784 4638; x_wconf 77' lang='lat' dir='ltr'><strong>presbyteri</strong></span> <span class='ocrx_word' id='word_1_823' title='bbox 1800 4581 1838 4623; x_wconf 82' lang='lat' dir='ltr'><strong>aa</strong></span> 
     </span>
     <span class='ocr_line' id='line_1_115' title="bbox 1000 4637 1840 4710; baseline 0.002 -18"><span class='ocrx_word' id='word_1_824' title='bbox 1000 4637 1127 4705; x_wconf 91' lang='lat' dir='ltr'><strong>diaconi,</strong></span> <span class='ocrx_word' id='word_1_825' title='bbox 1153 4641 1184 4692; x_wconf 96' lang='lat' dir='ltr'><strong>ut</strong></span> <span class='ocrx_word' id='word_1_826' title='bbox 1206 4637 1309 4693; x_wconf 89' lang='lat' dir='ltr'><strong>Patres</strong></span> <span class='ocrx_word' id='word_1_827' title='bbox 1334 4638 1497 4694; x_wconf 86' lang='lat' dir='ltr'><strong>Tridentini</strong></span> <span class='ocrx_word' id='word_1_828' title='bbox 1517 4637 1663 4710; x_wconf 72' lang='lat' dir='ltr'><strong>maiorum</strong></span> <span class='ocrx_word' id='word_1_829' title='bbox 1686 4638 1840 4694; x_wconf 85' lang='lat' dir='ltr'><strong>traditioni</strong></span> 
     </span>
     <span class='ocr_line' id='line_1_116' title="bbox 999 4709 1443 4765; baseline 0.007 -3"><span class='ocrx_word' id='word_1_830' title='bbox 999 4709 1197 4764; x_wconf 69' lang='lat' dir='ltr'><strong>adherentes.</strong></span> <span class='ocrx_word' id='word_1_831' title='bbox 1219 4709 1443 4765; x_wconf 82' lang='lat' dir='ltr'><strong>confirmarunt.</strong></span> 
     </span>
    </p>
   </div>
   <div class='ocr_carea' id='block_1_26' title="bbox 995 4796 1839 5580">
    <p class='ocr_par' dir='ltr' id='par_1_27' title="bbox 995 4796 1839 5580">
     <span class='ocr_line' id='line_1_117' title="bbox 1034 4796 1839 4869; baseline -0.001 -16"><span class='ocrx_word' id='word_1_832' title='bbox 1034 4798 1090 4868; x_wconf 67' lang='grc'>(11)</span> <span class='ocrx_word' id='word_1_833' title='bbox 1106 4796 1195 4853; x_wconf 87' lang='lat' dir='ltr'><strong>Alter</strong></span> <span class='ocrx_word' id='word_1_834' title='bbox 1215 4798 1264 4869; x_wconf 86' lang='lat' dir='ltr'><strong>qui</strong></span> <span class='ocrx_word' id='word_1_835' title='bbox 1291 4798 1433 4865; x_wconf 72' lang='lat' dir='ltr'><strong>lecisset,</strong></span> <span class='ocrx_word' id='word_1_836' title='bbox 1451 4797 1480 4854; x_wconf 92' lang='lat' dir='ltr'><strong>id</strong></span> <span class='ocrx_word' id='word_1_837' title='bbox 1494 4801 1551 4868; x_wconf 89' lang='lat' dir='ltr'><strong>est,</strong></span> <span class='ocrx_word' id='word_1_838' title='bbox 1572 4798 1696 4854; x_wconf 88' lang='lat' dir='ltr'><strong>Orestes</strong></span> <span class='ocrx_word' id='word_1_839' title='bbox 1711 4797 1763 4869; x_wconf 91' lang='lat' dir='ltr'><strong>qui</strong></span> <span class='ocrx_word' id='word_1_840' title='bbox 1777 4813 1839 4852; x_wconf 89' lang='lat' dir='ltr'><strong>ma·</strong></span> 
     </span>
     <span class='ocr_line' id='line_1_118' title="bbox 997 4868 1837 4940; baseline 0.001 -17"><span class='ocrx_word' id='word_1_841' title='bbox 997 4872 1073 4925; x_wconf 91' lang='lat' dir='ltr'><strong>trem</strong></span> <span class='ocrx_word' id='word_1_842' title='bbox 1094 4868 1347 4940; x_wconf 78' lang='lat' dir='ltr'><strong>Clytaemnestram</strong></span> <span class='ocrx_word' id='word_1_843' title='bbox 1358 4870 1388 4923; x_wconf 94' lang='lat' dir='ltr'><strong>in</strong></span> <span class='ocrx_word' id='word_1_844' title='bbox 1405 4870 1544 4925; x_wconf 89' lang='lat' dir='ltr'><strong>ultionem</strong></span> <span class='ocrx_word' id='word_1_845' title='bbox 1560 4871 1653 4925; x_wconf 88' lang='lat' dir='ltr'><strong>occisi</strong></span> <span class='ocrx_word' id='word_1_846' title='bbox 1672 4869 1709 4924; x_wconf 91' lang='lat' dir='ltr'><strong>ab</strong></span> <span class='ocrx_word' id='word_1_847' title='bbox 1725 4884 1759 4923; x_wconf 90' lang='lat' dir='ltr'><strong>ca</strong></span> <span class='ocrx_word' id='word_1_848' title='bbox 1781 4885 1837 4939; x_wconf 88' lang='lat' dir='ltr'><strong>pa-</strong></span> 
     </span>
     <span class='ocr_line' id='line_1_119' title="bbox 998 4939 1837 5012; baseline 0.001 -19"><span class='ocrx_word' id='word_1_849' title='bbox 998 4940 1054 4995; x_wconf 89' lang='lat' dir='ltr'><strong>tris</strong></span> <span class='ocrx_word' id='word_1_850' title='bbox 1071 4941 1303 5012; x_wconf 80' lang='lat' dir='ltr'><strong>Agamemnonis</strong></span> <span class='ocrx_word' id='word_1_851' title='bbox 1318 4941 1516 4995; x_wconf 88' lang='lat' dir='ltr'><strong>interemerat.</strong></span> <span class='ocrx_word' id='word_1_852' title='bbox 1533 4940 1623 4995; x_wconf 88' lang='lat' dir='ltr'><strong>Alter</strong></span> <span class='ocrx_word' id='word_1_853' title='bbox 1639 4940 1688 5012; x_wconf 91' lang='lat' dir='ltr'><strong>qui</strong></span> <span class='ocrx_word' id='word_1_854' title='bbox 1699 4939 1837 5010; x_wconf 80' lang='lat' dir='ltr'><strong>adjrrris·</strong></span> 
     </span>
     <span class='ocr_line' id='line_1_120' title="bbox 997 5010 1834 5082; baseline 0.002 -18"><span class='ocrx_word' id='word_1_855' title='bbox 997 5016 1053 5075; x_wconf 88' lang='lat' dir='ltr'><strong>set,</strong></span> <span class='ocrx_word' id='word_1_856' title='bbox 1075 5010 1200 5082; x_wconf 71' lang='lat' dir='ltr'><strong>Pylades</strong></span> <span class='ocrx_word' id='word_1_857' title='bbox 1225 5012 1362 5066; x_wconf 90' lang='lat' dir='ltr'><strong>nimirum</strong></span> <span class='ocrx_word' id='word_1_858' title='bbox 1388 5011 1524 5082; x_wconf 82' lang='lat' dir='ltr'><strong>ejusdem</strong></span> <span class='ocrx_word' id='word_1_859' title='bbox 1546 5011 1661 5066; x_wconf 89' lang='lat' dir='ltr'><strong>Orestis</strong></span> <span class='ocrx_word' id='word_1_860' title='bbox 1685 5013 1834 5082; x_wconf 90' lang='lat' dir='ltr'><strong>cognatus</strong></span> 
     </span>
     <span class='ocr_line' id='line_1_121' title="bbox 997 5082 1836 5155; baseline 0.001 -20"><span class='ocrx_word' id='word_1_861' title='bbox 997 5084 1084 5152; x_wconf 91' lang='lat' dir='ltr'><strong>atque</strong></span> <span class='ocrx_word' id='word_1_862' title='bbox 1094 5083 1208 5137; x_wconf 90' lang='lat' dir='ltr'><strong>amicus</strong></span> <span class='ocrx_word' id='word_1_863' title='bbox 1218 5083 1291 5138; x_wconf 89' lang='lat' dir='ltr'><strong>adeo</strong></span> <span class='ocrx_word' id='word_1_864' title='bbox 1303 5083 1409 5149; x_wconf 89' lang='lat' dir='ltr'><strong>tidelis,</strong></span> <span class='ocrx_word' id='word_1_865' title='bbox 1423 5086 1454 5136; x_wconf 92' lang='lat' dir='ltr'><strong>ut</strong></span> <span class='ocrx_word' id='word_1_866' title='bbox 1464 5086 1586 5155; x_wconf 91' lang='lat' dir='ltr'><strong>uterque</strong></span> <span class='ocrx_word' id='word_1_867' title='bbox 1603 5099 1655 5153; x_wconf 93' lang='lat' dir='ltr'><strong>pro</strong></span> <span class='ocrx_word' id='word_1_868' title='bbox 1668 5098 1746 5136; x_wconf 80' lang='lat' dir='ltr'><strong>verae</strong></span> <span class='ocrx_word' id='word_1_869' title='bbox 1758 5082 1836 5136; x_wconf 90' lang='lat' dir='ltr'><strong>ami-</strong></span> 
     </span>
     <span class='ocr_line' id='line_1_122' title="bbox 997 5152 1836 5208; baseline 0.001 -1"><span class='ocrx_word' id='word_1_870' title='bbox 997 5153 1073 5207; x_wconf 80' lang='lat' dir='ltr'><strong>citiae</strong></span> <span class='ocrx_word' id='word_1_871' title='bbox 1091 5152 1186 5208; x_wconf 83' lang='lat' dir='ltr'><strong>forma</strong></span> <span class='ocrx_word' id='word_1_872' title='bbox 1211 5153 1300 5208; x_wconf 82' lang='lat' dir='ltr'><strong>tuerit</strong></span> <span class='ocrx_word' id='word_1_873' title='bbox 1323 5154 1452 5208; x_wconf 87' lang='lat' dir='ltr'><strong>habitus.</strong></span> <span class='ocrx_word' id='word_1_874' title='bbox 1476 5154 1530 5208; x_wconf 89' lang='lat' dir='ltr'><strong>Hic</strong></span> <span class='ocrx_word' id='word_1_875' title='bbox 1552 5157 1649 5207; x_wconf 90' lang='lat' dir='ltr'><strong>autem</strong></span> <span class='ocrx_word' id='word_1_876' title='bbox 1672 5153 1758 5207; x_wconf 91' lang='lat' dir='ltr'><strong>locus</strong></span> <span class='ocrx_word' id='word_1_877' title='bbox 1782 5153 1836 5208; x_wconf 87' lang='lat' dir='ltr'><strong>dc-</strong></span> 
     </span>
     <span class='ocr_line' id='line_1_123' title="bbox 996 5223 1833 5295; baseline -0.001 -17"><span class='ocrx_word' id='word_1_878' title='bbox 996 5227 1132 5294; x_wconf 89' lang='lat' dir='ltr'><strong>sumptus</strong></span> <span class='ocrx_word' id='word_1_879' title='bbox 1148 5224 1368 5295; x_wconf 87' lang='lat' dir='ltr'><strong>translatusque</strong></span> <span class='ocrx_word' id='word_1_880' title='bbox 1384 5228 1440 5292; x_wconf 86' lang='lat' dir='ltr'><strong>est,</strong></span> <span class='ocrx_word' id='word_1_881' title='bbox 1458 5241 1517 5280; x_wconf 90' lang='lat' dir='ltr'><strong>non</strong></span> <span class='ocrx_word' id='word_1_882' title='bbox 1533 5241 1570 5280; x_wconf 85' lang='lat' dir='ltr'><strong>ex</strong></span> <span class='ocrx_word' id='word_1_883' title='bbox 1586 5224 1735 5294; x_wconf 82' lang='lat' dir='ltr'><strong>Euripidis</strong></span> <span class='ocrx_word' id='word_1_884' title='bbox 1749 5223 1833 5294; x_wconf 84' lang='lat' dir='ltr'><strong>Iphi-</strong></span> 
     </span>
     <span class='ocr_line' id='line_1_124' title="bbox 995 5294 1835 5422; baseline 0 -3"><span class='ocrx_word' id='word_1_885' title='bbox 995 5295 1733 5422; x_wconf 55' lang='lat' dir='ltr'><strong>stallattltttt‘llllzrlltsszllllll·</strong></span> <span class='ocrx_word' id='word_1_886' title='bbox 1750 5294 1835 5419; x_wconf 57' lang='lat' dir='ltr'><strong>elil</strong></span> 
     </span>
     <span class='ocr_line' id='line_1_125' title="bbox 997 5381 1832 5510; baseline 0 -20"><span class='ocrx_word' id='word_1_887' title='bbox 997 5439 1025 5490; x_wconf 91' lang='lat' dir='ltr'><strong>et</strong></span> <span class='ocrx_word' id='word_1_888' title='bbox 1040 5435 1117 5491; x_wconf 83' lang='lat' dir='ltr'><strong>llial.</strong></span> <span class='ocrx_word' id='word_1_889' title='bbox 1131 5438 1168 5491; x_wconf 84' lang='lat' dir='ltr'><strong>de</strong></span> <span class='ocrx_word' id='word_1_890' title='bbox 1184 5408 1281 5491; x_wconf 68' lang='lat' dir='ltr'><strong>Arnic.¹</strong></span> <span class='ocrx_word' id='word_1_891' title='bbox 1304 5409 1370 5510; x_wconf 78' lang='lat' dir='ltr'><strong>pag.</strong></span> <span class='ocrx_word' id='word_1_892' title='bbox 1386 5408 1449 5506; x_wconf 68' lang='grc'><strong>112,</strong></span> <span class='ocrx_word' id='word_1_893' title='bbox 1466 5438 1515 5492; x_wconf 92' lang='lat' dir='ltr'><strong>ubi</strong></span> <span class='ocrx_word' id='word_1_894' title='bbox 1526 5407 1589 5492; x_wconf 44' lang='lat' dir='ltr'><strong>&#39;lias</strong></span> <span class='ocrx_word' id='word_1_895' title='bbox 1605 5381 1776 5508; x_wconf 53' lang='lat' dir='ltr'><strong>prla·dst:lsssin</strong></span> <span class='ocrx_word' id='word_1_896' title='bbox 1793 5408 1832 5491; x_wconf 65' lang='grc' dir='ltr'><strong>Μ’.</strong></span> 
     </span>
     <span class='ocr_line' id='line_1_126' title="bbox 997 5507 1569 5580; baseline 0.003 -19"><span class='ocrx_word' id='word_1_897' title='bbox 997 5507 1118 5562; x_wconf 88' lang='lat' dir='ltr'><strong>Pacuvii</strong></span> <span class='ocrx_word' id='word_1_898' title='bbox 1136 5508 1281 5580; x_wconf 71' lang='lat' dir='ltr'><strong>tragoedia</strong></span> <span class='ocrx_word' id='word_1_899' title='bbox 1301 5510 1445 5565; x_wconf 84' lang='lat' dir='ltr'><strong>excitatos</strong></span> <span class='ocrx_word' id='word_1_900' title='bbox 1460 5512 1569 5563; x_wconf 89' lang='lat' dir='ltr'><strong>narrat.</strong></span> 
     </span>
    </p>
   </div>
   <div class='ocr_carea' id='block_1_27' title="bbox 997 5594 1831 5810">
    <p class='ocr_par' dir='ltr' id='par_1_28' title="bbox 997 5594 1831 5810">
     <span class='ocr_line' id='line_1_127' title="bbox 1033 5594 1831 5668; baseline -0.001 -18"><span class='ocrx_word' id='word_1_901' title='bbox 1033 5596 1090 5666; x_wconf 68' lang='lat'><strong>(⁹25)</strong></span> <span class='ocrx_word' id='word_1_902' title='bbox 1104 5595 1164 5651; x_wconf 90' lang='lat' dir='ltr'><strong>Cic.</strong></span> <span class='ocrx_word' id='word_1_903' title='bbox 1182 5595 1266 5651; x_wconf 78' lang='lat' dir='ltr'><strong>orec.</strong></span> <span class='ocrx_word' id='word_1_904' title='bbox 1278 5597 1329 5651; x_wconf 93' lang='lat' dir='ltr'><strong>lib.</strong></span> <span class='ocrx_word' id='word_1_905' title='bbox 1347 5615 1366 5664; x_wconf 92' lang='grc' dir='ltr'><strong>ι,</strong></span> <span class='ocrx_word' id='word_1_906' title='bbox 1383 5614 1450 5668; x_wconf 84' lang='lat' dir='ltr'><strong>pag.</strong></span> <span class='ocrx_word' id='word_1_907' title='bbox 1472 5597 1534 5663; x_wconf 82' lang='grc'><strong>363,</strong></span> <span class='ocrx_word' id='word_1_908' title='bbox 1547 5597 1597 5651; x_wconf 91' lang='lat' dir='ltr'><strong>lin.</strong></span> <span class='ocrx_word' id='word_1_909' title='bbox 1615 5595 1673 5651; x_wconf 78' lang='lat'><strong>30:</strong></span> <span class='ocrx_word' id='word_1_910' title='bbox 1692 5594 1831 5650; x_wconf 77' lang='lat' dir='ltr'><strong>«Caven-</strong></span> 
     </span>
     <span class='ocr_line' id='line_1_128' title="bbox 997 5667 1831 5740; baseline 0 -18"><span class='ocrx_word' id='word_1_911' title='bbox 997 5668 1066 5722; x_wconf 93' lang='lat' dir='ltr'><strong>dum</strong></span> <span class='ocrx_word' id='word_1_912' title='bbox 1077 5670 1124 5722; x_wconf 89' lang='lat' dir='ltr'><strong>est</strong></span> <span class='ocrx_word' id='word_1_913' title='bbox 1138 5682 1174 5722; x_wconf 91' lang='lat' dir='ltr'><strong>ne</strong></span> <span class='ocrx_word' id='word_1_914' title='bbox 1189 5669 1426 5724; x_wconf 84' lang='lat' dir='ltr'><strong>assentatoribus</strong></span> <span class='ocrx_word' id='word_1_915' title='bbox 1438 5667 1649 5740; x_wconf 78' lang='lat' dir='ltr'><strong>patefaciamus</strong></span> <span class='ocrx_word' id='word_1_916' title='bbox 1664 5681 1764 5738; x_wconf 87' lang='lat' dir='ltr'><strong>aures,</strong></span> <span class='ocrx_word' id='word_1_917' title='bbox 1775 5682 1831 5722; x_wconf 91' lang='lat' dir='ltr'><strong>nec</strong></span> 
     </span>
     <span class='ocr_line' id='line_1_129' title="bbox 998 5737 1449 5810; baseline 0.009 -16"><span class='ocrx_word' id='word_1_918' title='bbox 998 5737 1112 5796; x_wconf 90' lang='lat' dir='ltr'><strong>adulari</strong></span> <span class='ocrx_word' id='word_1_919' title='bbox 1128 5752 1185 5796; x_wconf 91' lang='lat' dir='ltr'><strong>nos</strong></span> <span class='ocrx_word' id='word_1_920' title='bbox 1200 5738 1344 5810; x_wconf 86' lang='lat' dir='ltr'><strong>sinamus,</strong></span> <span class='ocrx_word' id='word_1_921' title='bbox 1364 5761 1375 5790; x_wconf 79' lang='grc' dir='ltr'>ι</span> <span class='ocrx_word' id='word_1_922' title='bbox 1392 5742 1449 5798; x_wconf 89' lang='lat' dir='ltr'><strong>etc.</strong></span> 
     </span>
    </p>
   </div>
   <div class='ocr_carea' id='block_1_28' title="bbox 0 0 1954 6128">
    <p class='ocr_par' dir='ltr' id='par_1_29' title="bbox 0 0 1954 6128">
     <span class='ocr_line' id='line_1_130' title="bbox 0 0 1954 6128; baseline 0 7"><span class='ocrx_word' id='word_1_923' title='bbox 0 0 1954 6128; x_wconf 95' lang='lat' dir='ltr'><strong> </strong></span> 
     </span>
    </p>
   </div>
  </div>
 </body>
</html>
