3900 6128
563 348 873 419 mrsremeoei
895 348 1068 419 cnissis
1096 349 1120 419 ι.
1428 336 1432 343 ’
1545 300 1549 307 ’
1623 310 1705 423 riso

85 549 128 606 nis
142 549 294 606 inelinavit
311 550 436 622 jejuniis
452 552 590 621 (Estliar.
606 551 713 623 ιι,16).
729 534 1013 610 annetiennes
1030 554 1187 611 mulierem
1207 572 1277 615 caro
1296 557 1391 631 ejecta
1414 558 1451 614 de
1473 558 1624 630 paradise,
1650 574 1705 630 per

85 640 127 694 its
141 638 199 709 (66)
214 643 341 710 quatuor
356 655 451 695 annes
467 640 497 694 in
512 641 654 695 viduitate
671 658 725 695 sua
736 640 815 714 jeju·
870 643 1018 715 virginem
1029 643 1133 715 juncta
1148 648 1195 701 est
1209 646 1280 702 Dee.

94 726 356 785 obsecrationibus
371 729 401 783 in
416 729 524 801 temple
540 730 588 785 die
602 746 636 785 ae
652 734 813 786 noctcsor·
905 732 951 787 at.
972 731 1048 798 Quid
1068 734 1104 789 de
1124 734 1216 790 alteru
1236 736 1333 807 Moysi
1352 752 1459 792 serore
1479 737 1570 793 Maria
1589 739 1704 809 loquar,

100 816 254 873 Christum
278 818 400 890 agnovit
424 819 506 889 (Luc.
532 836 563 888 ιι,
584 818 629 890 Sl,
648 820 705 889 68),
727 835 815 892 quem
871 835 938 891 quae
953 820 1073 877 feminei
1088 822 1148 878 dux
1163 824 1301 897 agminis,
1318 826 1410 896 pedes
1426 827 1593 881 transmisit
1608 827 1705 899 pelagi

85 919 109 961 is
133 906 320 961 abstinentiae
347 907 494 979 magister
516 911 545 963 et
570 909 689 980 quidam
717 924 814 965 novus
871 910 947 965 freta
962 909 1070 979 (Exod.
1087 928 1136 982 xv,
1154 913 1302 985 ‘imaeue
1318 929 1440 970 munere
1456 919 1555 970 autem
1578 930 1706 971 venera-

85 1008 129 1051 rin
148 994 275 1067 angelus
298 995 481 1051 annuntiavit
504 997 624 1068 (Mattli.
649 1014 691 1067 ιιι,
715 997 742 1067 ι,
769 996 813 1067 ιι,
871 999 941 1054 bilis
956 999 1066 1055 Thecla
1080 1002 1166 1056 etiarn
1182 1002 1319 1058 leonibus
1328 1002 1383 1058 luit
1390 1021 1397 1069 ;
1410 1008 1441 1059 ut
1452 1004 1486 1058 nd
1498 1004 1590 1075 pedes
1608 995 1701 1059 1031

871 1088 983 1158 praedae
990 1103 1054 1144 sure
1065 1092 1168 1145 stratae
1176 1091 1424 1161 impastaebestiae
1431 1093 1709 1149 sacrumdeferront

85 1171 814 1248 tstriltumElisaeumquisilvestribusgrumisttll)
866 1175 1018 1249 jujunium
1039 1177 1116 1249 (66);
1142 1195 1197 1235 nec
1220 1182 1340 1250 procaci
1362 1182 1447 1238 oculo
1469 1183 1626 1255 virginem,
1652 1196 1707 1239 nec

85 1261 138 1317 rris
158 1263 302 1332 pascebat
321 1263 483 1334 propbetas
506 1264 533 1333 (Ι
540 1264 564 1319 V
583 1264 659 1337 Itep.
683 1281 724 1334 iv,
748 1261 813 1334 39)l
872 1281 972 1337 unguo
986 1266 1132 1323 violarent
1146 1285 1275 1340 aspere;
1297 1273 1436 1341 queniam
1455 1276 1483 1327 et
1501 1273 1566 1342 ipso
1586 1275 1709 1343 aspectu

85 1365 184 1408 norem
202 1350 426 1422 Scripturarum
446 1352 583 1422 Esdram,
604 1353 654 1425 qui
672 1352 816 1409 memoria
872 1354 1052 1426 virginitatis
1067 1356 1196 1413 violatur
1214 1361 1367 1415 sanctitas.

85 1454 154 1495 neos
172 1440 300 1495 reddidit
314 1441 357 1509 (II
372 1442 465 1497 Esdr.
483 1459 544 1512 vin,
560 1439 607 1511 s)l
628 1443 816 1512 insipientam
907 1442 953 1497 35.
969 1442 1101 1516 Denique
1121 1462 1180 1518 qua
1200 1450 1368 1504 reverantia
1388 1449 1569 1523 virginitatis
1590 1449 1708 1505 locutus

85 1542 117 1599 n,
134 1530 184 1600 qui
200 1528 347 1602 gloriatur
361 1530 391 1584 in
407 1529 532 1603 jejuniis
552 1531 596 1599 (ΙΙ
609 1530 677 1588 Ger.
694 1548 734 1600 xi,
749 1527 814 1599 ll),
873 1534 919 1586 est
934 1535 1057 1588 sanetus
1067 1534 1250 1603 Apostolus:
1270 1560 1281 1585 ι
1295 1537 1336 1593 De
1348 1538 1517 1611 virginibus
1528 1541 1709 1610 praeceptum

85 1616 386 1691 lpresuntjejunlal
874 1620 989 1676 Domini
1004 1638 1063 1677 nen
1083 1623 1188 1689 habeo,
1210 1627 1368 1680 eonsilium
1387 1631 1484 1682 autem
1504 1628 1552 1696 de,
1569 1631 1709 1700 tanquam

85 1704 137 1763 iod
151 1707 298 1779 quemodo
313 1723 371 1763 non
386 1712 522 1778 prosunt,
537 1709 648 1780 quibus
659 1708 730 1763 vitia
742 1723 815 1778 pur·
873 1709 1110 1765 misericordiam
1130 1717 1309 1768 consecutus
1330 1730 1347 1768 a
1367 1714 1539 1786 Domine(1
1562 1716 1630 1772 Ger.
1657 1732 1708 1786 vn,

85 1794 116 1851 ἰ
129 1794 200 1861 Quae
216 1796 243 1851 si
254 1796 374 1852 doleres
386 1812 453 1852 eum
464 1797 635 1869 humilitate,
649 1813 716 1852 cum
730 1796 817 1851 mise
873 1797 929 1868 25).
949 1798 1160 1870 »Praeceptum
1171 1816 1229 1855 nen
1245 1801 1341 1872 hahet,
1359 1803 1517 1858 eonsilium
1533 1804 1635 1871 babet;
1652 1818 1710 1859 non

85 1883 125 1957 ia,
141 1890 173 1940 ut
188 1884 282 1940 lsaias
297 1885 409 1955 Spiritu
424 1886 522 1941 divino
541 1887 658 1942 loeutus
673 1889 729 1957 est,
745 1900 817 1942 ossa
874 1887 951 1943 onim
966 1888 1140 1958 praecipitur
1154 1889 1231 1961 qued
1250 1905 1341 1961 supra
1357 1890 1455 1963 legem
1469 1895 1529 1948 eet:
1548 1892 1602 1948 sed
1612 1892 1711 1965 magis

85 1977 255 2047 ignescant,
273 1978 304 2029 et
321 1976 382 2030 eris
403 1976 480 2031 sieut
500 1975 606 2031 bertus
626 1976 730 2031 ebrius
745 1974 815 2043 (lea.
833 1956 860 2019 Β
874 1976 941 2032 (ιιιο
957 1976 1101 2032 suadetur
1116 1979 1252 2033 consilio.
1268 1978 1331 2035 Nee
1347 1981 1491 2036 autoritas
1507 1981 1711 2051 praesumitur,

85 2060 135 2133 Ιι).
149 2062 325 2135 Pinguescit
339 2064 432 2137 igilur
445 2066 542 2119 anima
556 2069 615 2134 tua,
632 2065 817 2136 virtutesque
875 2065 929 2121 sed
946 2065 1166 2123 demonstratur
1175 2067 1289 2138 gratia:
1306 2084 1361 2124 nec
1377 2083 1582 2142 aquoeunque
1592 2070 1712 2125 demen-

85 2150 191 2223 piritali
205 2151 290 2222 adipe
302 2151 420 2225 jejunii,
438 2158 467 2209 et
488 2154 605 2209 fruetus
620 2153 662 2209 tui
676 2153 817 2224 multipli-
875 2156 997 2227 stratur,
1005 2154 1060 2210 sed
1071 2155 1107 2210 ab
1119 2170 1153 2210 ee
1164 2155 1215 2226 qui
1223 2156 1460 2211 misericordiam
1470 2158 1585 2213 Domini
1591 2158 1708 2215 meruit.

85 2240 238 2297 ¹ubertate
253 2241 361 2297 mentis
377 2245 454 2308 tuoe3
472 2247 503 2298 ut
518 2243 597 2298 sitin
607 2246 636 2297 te
646 2242 818 2298 sobrietatis
874 2244 990 2298 Herum
1008 2258 1081 2315 argo
1095 2244 1220 2299 meliora
1234 2259 1323 2315 quani
1343 2245 1546 2315 apestolorum
1560 2245 1713 2303 consilini

85 2342 114 2385 is
132 2328 200 2401 (62),
222 2330 300 2386 sicut
319 2331 391 2386 illud
410 2336 457 2386 est
474 2332 623 2402 peculum,
645 2330 681 2386 de
701 2345 759 2402 quo
779 2329 819 2385 ait
875 2332 1039 2403 Apostolus
1053 2332 1141 2388 dicit:
1161 2355 1172 2380 a
1191 2332 1354 2388 Consilium
1371 2333 1428 2401 do;
1447 2356 1459 2383 ι
1477 2334 1713 2392 istidissuaden·

85 2420 152 2475 ota:
171 2439 183 2470 ι
196 2419 233 2474 Et
242 2420 382 2489 peculum
393 2423 475 2475 tuum
486 2419 636 2476 inebrians
647 2435 736 2492 quem
744 2434 819 2491 pree·
874 2421 944 2476 dum
954 2424 1057 2492 putant
1070 2420 1138 2491 (6ι),
1154 2437 1191 2477 ne
1206 2436 1265 2492 qua
1279 2421 1397 2478 student
1412 2422 1585 2495 virginitati.

85 2512 159 2563 iest
171 2507 266 2578 (Psal.
283 2525 353 2579 xxii,
368 2507 414 2579 5)l
435 2534 446 2559 i
909 2510 955 2567 36.
971 2510 1066 2583 Cujus
1081 2515 1220 2582 quantam
1234 2510 1351 2567 laudem
1369 2511 1456 2567 brevi
1471 2512 1623 2568 versiculo
1637 2528 1710 2584 pre·

85 2594 141 2653 aad
155 2612 214 2653 non
229 2598 279 2652 illa
295 2598 393 2653 selum
407 2598 575 2669 laudabilis,
587 2615 654 2671 quae
668 2613 759 2669 parea
772 2601 820 2655 ost
874 2599 962 2670 phata
977 2600 1173 2671 expresserit,
1189 2600 1236 2655 vol
1251 2600 1351 2669 potius
1365 2599 1505 2655 Christus
1516 2601 1545 2655 iu
1556 2601 1710 2674 propheta,

85 2698 121 2741 ini
135 2686 339 2758 temperantia,
356 2687 511 2743 sedetiam
526 2688 576 2743 illa
595 2703 663 2759 qum
678 2687 819 2758 concupi·
875 2688 1713 2762 debemuscegnesecre.aHortus,inquit,claususserer

85 2790 119 2831 n.
138 2774 271 2847 Denique
291 2778 435 2847 seriptum
455 2781 519 2833 est:
549 2799 560 2826 ι
581 2778 654 2834 Post
677 2776 819 2848 eoncupi-
875 2793 941 2833 mea
954 2778 1080 2849 Sponsa,
1097 2778 1203 2833 bertus
1219 2778 1353 2848 clausus,
1370 2776 1438 2833 lens
1454 2780 1592 2851 signatus
1611 2780 1710 2851 (Cant.

85 2868 329 2938 astunensem,
347 2865 818 2937 staveluptatetuavetareffitl).
875 2884 916 2939 iv,
937 2867 992 2937 la).
1010 2888 1022 2918 i
1042 2866 1180 2923 Christus
1200 2867 1257 2923 boc
1279 2867 1350 2922 dicit
1369 2867 1406 2923 nd
1430 2868 1603 2938 Ecclesiam,
1625 2884 1713 2940 quarn

85 2953 149 3009 eris
160 2954 265 3009 animae
278 2959 336 3011 tuae
348 2954 628 3027 concupiscentiam,
640 2955 748 3029 gaudio
758 2955 819 3011 eris
875 2958 938 3011 vult
952 2971 1023 3013 esse
1038 2956 1197 3029 virginem,
1214 2956 1279 3012 sine
1294 2957 1421 3027 macula,
1434 2957 1499 3013 sine
1510 2973 1597 3031 ruga.
1608 2958 1711 3013 ltenas

85 3042 191 3099 istuis
206 3042 313 3114 (Eceli.
330 3062 413 3117 xviri,
428 3045 473 3117 60,
488 3044 555 3117 61),
574 3069 585 3095 ι
602 3050 631 3102 et
641 3045 729 3103 inira.
748 3045 820 3099 «vi-
876 3046 981 3101 hortus
995 3044 1164 3117 virginitas,
1182 3061 1248 3116 quae
1264 3046 1408 3116 plurimes
1422 3046 1492 3101 beni
1503 3045 1580 3101 ierat
1594 3045 1713 3103 fructus

85 3134 102 3187 it
114 3132 257 3189 mulieres
272 3136 441 3203 apostatare
451 3136 562 3191 faciunt
572 3136 659 3192 etiam
669 3134 819 3206 sapientes
876 3135 988 3191 ederis.
1003 3157 1015 3184 ι
1027 3135 1139 3190 Hortus
1147 3135 1269 3190 clausus
1281 3149 1289 3205 ς
1304 3158 1315 3184 i
1328 3137 1397 3208 quia
1408 3134 1538 3207 undique
1548 3133 1656 3190 vallata
1666 3136 1715 3191 est

85 3261 94 3278 .
120 3238 182 3291 xix,
207 3221 245 3292 t).
269 3243 281 3273 i
304 3222 389 3279 Unde
408 3228 437 3279 et
455 3224 566 3281 Paulus
589 3225 677 3280 etiam
696 3225 725 3278 in
744 3223 820 3295 ipsis
839 3240 961 3315 cmuro
976 3224 1133 3280 eastitatis.
1150 3246 1162 3273 ι
1180 3222 1261 3279 Eous
1275 3224 1433 3297 signetus;
1453 3246 1465 3273 ι
1482 3223 1712 3297 eoquodvirgi·

85 3310 138 3385 giis
160 3313 385 3382 temperantiam
404 3313 490 3369 decet
505 3313 534 3381 (I
547 3314 615 3371 Cor.
631 3330 683 3383 vu,
698 3314 749 3383 5);
774 3316 821 3369 est
876 3314 954 3370 nitas
978 3313 1018 3369 sit
1042 3312 1111 3369 lens
1134 3317 1164 3370 et
1187 3313 1272 3386 erigo
1296 3312 1458 3393 pudicitiae,
1482 3328 1549 3385 quie
1573 3311 1714 3368 inviolata

85 3400 161 3457 volut
175 3401 295 3473 quidam
308 3402 423 3459 adulter
438 3403 625 3459 incontinens
635 3403 820 3459 inmatrimo·
877 3402 1025 3459 custodiat
1039 3402 1218 3475 integritatis
1233 3400 1408 3474 signacula:
1424 3402 1456 3456 in
1471 3416 1530 3473 quo
1545 3400 1626 3458 lenta
1642 3400 1714 3457 inia-

85 3490 114 3545 ui
127 3490 225 3563 legem
239 3492 432 3564 apostolicam
446 3493 672 3565 praevaricatur.
877 3507 916 3566 ge
937 3491 992 3547 Dei
1008 3492 1116 3563 luceat,
1135 3492 1206 3563 quie
1225 3506 1293 3547 curn
1313 3490 1456 3547 munditia
1479 3489 1616 3561 eorporis
1638 3506 1712 3547 eon-

90 3578 167 3645 Quid
191 3584 289 3636 autem
312 3581 418 3654 loquar
441 3586 550 3653 quanta
578 3584 617 3638 sit
640 3582 820 3655 virginitatis
877 3581 958 3653 gruit
972 3580 1060 3636 ctiam
1074 3580 1188 3652 puritas
1203 3579 1413 3650 simplicitatis.

102 3668 171 3741 (ol),
187 3686 255 3741 quae
274 3671 383 3726 meruit
402 3688 419 3726 a
438 3672 557 3728 Christe
576 3672 664 3745 elegi,
685 3677 716 3728 ut
739 3677 822 3728 esset
912 3668 957 3724 37.
974 3668 1037 3725 Nee
1051 3672 1149 3740 potest
1163 3668 1297 3724 dubilare
1312 3668 1560 3741 quisqunmquod
1576 3666 1713 3724 Ecclesia

90 3760 247 3830 corporale
263 3760 316 3815 Dei
331 3761 481 3832 templum,
498 3761 527 3816 in
542 3778 600 3833 qua
615 3762 819 3833 corporaliter,
879 3760 964 3833 virge
979 3760 1028 3830 sit,
1043 3758 1229 3831 quametiam
1244 3757 1274 3813 in
1287 3755 1449 3813 Corinthiis
1465 3757 1623 3828 despondit
1637 3773 1712 3828 apo·

85 3848 165 3904 imus
180 3848 306 3920 (Celess.
322 3866 353 3919 ιι,
369 3850 408 3921 9),
424 3850 566 3907 habitavit
579 3851 728 3922 plenitude
743 3851 820 3907 divi·
878 3849 974 3907 stolus
988 3848 1110 3919 Paulus,
1125 3846 1274 3920 virginem
1288 3848 1401 3902 castam
1415 3847 1575 3920 assignare
1591 3845 1711 3902 Christe

85 3938 116 3995 ιι
128 3938 224 4011 Virgo
239 3939 453 4011 genuitmundi
463 3940 598 4011 salutem,
609 3941 697 4013 virge
707 3942 821 4012 peperit
877 3938 922 4011 (11
934 3938 1003 3995 Ger.
1018 3955 1060 4009 xi,
1075 3937 1113 4009 t).
1125 3935 1158 3993 ln
1168 3936 1323 4009 superiore
1334 3935 1569 4008 igiturEpistola
1579 3936 1629 3990 dat
1640 3951 1713 3992 een-

91 4028 314 4085 universorum.
328 4029 398 4089 Sela
412 4045 485 4103 ergo
500 4047 557 4086 non
572 4030 659 4087 debet
673 4047 743 4087 esse
757 4030 821 4086 vir-
880 4028 991 4099 silium,
1007 4031 1037 4084 et
1050 4028 1200 4083 existimat
1211 4026 1322 4081 bonum
1332 4040 1403 4082 esso
1415 4040 1523 4081 munus
1533 4024 1714 4098 virginitatis

85 4132 111 4189 s,
131 4132 200 4191 quae
219 4119 358 4175 omnibus
377 4117 547 4187 inchriste
571 4120 706 4191 proluit?
729 4120 822 4193 Virgo
880 4119 910 4191 (Ι
921 4119 990 4175 Cer.
1005 4134 1056 4187 vu,
1071 4116 1127 4187 aa),
1143 4121 1175 4172 ut
1188 4115 1278 4172 nullis
1298 4114 1437 4171 instantis
1457 4115 1562 4171 saeculi
1580 4114 1716 4170 turbetur

85 4207 130 4279 ιιι,
151 4222 241 4280 quem
260 4208 389 4264 mundus
408 4208 465 4265 iste
489 4223 597 4280 capere
619 4226 654 4265 nc
673 4210 824 4265 sustinere
881 4203 1715 4277 necessitutibus,nullailluviecoinquinetur,nultisexa·

85 4300 176 4353 otest.
193 4296 248 4363 Qui
268 4313 336 4353 eum
356 4313 393 4355 ex
412 4299 515 4355 llarire
535 4301 711 4355 nasceretur
730 4300 823 4369 utero,
881 4294 1156 4369 giteturproeellis:
1170 4292 1715 4365 inpostcrieresponsorestChristo,

85 4384 130 4443 ilis
152 4390 250 4442 tamen
273 4387 329 4459 (66)
354 4391 471 4458 septum
494 4388 629 4460 pudoris,
649 4392 678 4445 et
700 4388 825 4443 interne·
839 4394 867 4457 D
881 4386 961 4458 qued
976 4384 1175 4457 virginitatem
1195 4382 1339 4438 Ecclesia
1353 4382 1384 4437 in
1400 4381 1482 4437 illius
1496 4380 1593 4453 plebis
1614 4378 1717 4435 consi·

85 4476 256 4551 rirginitatis
276 4478 466 4533 conservavit
485 4478 648 4551 signacula.
669 4476 772 4549 ltaque
796 4477 825 4531 in
882 4490 975 4549 gnnre
988 4474 1086 4547 possit
1099 4472 1277 4545 integritate.

85 4580 116 4621 ns
134 4564 276 4623 Christus
295 4567 415 4638 reperit,
432 4566 511 4639 quod
530 4583 617 4622 suum
637 4582 707 4623 esse
725 4566 824 4639 vellet,
916 4564 963 4621 68.
979 4563 1140 4636 Responde
1150 4560 1223 4617 mihi
1233 4575 1322 4630 nunc,
1336 4558 1435 4627 Paule,
1447 4573 1505 4631 qua
1521 4557 1635 4612 rationo
1649 4566 1718 4627 pro·

86 4654 146 4711 sibi
161 4655 292 4711 omnium
307 4656 451 4712 Dominus
466 4659 644 4712 assumeret.
656 4656 715 4712 Per
729 4655 827 4711 virum
882 4657 949 4728 pter
957 4654 1116 4710 instantem
1130 4649 1339 4708 necessitatem
1356 4647 1411 4703 des
1426 4646 1586 4703 eonsilium
1601 4643 1720 4717 (liidp

85 4796 201 4857 =Codex
221 4799 338 4872 Remig.
355 4802 385 4856 ct
403 4800 498 4873 Reg.,
518 4820 530 4851 ι
553 4798 702 4872 octoginta
722 4801 794 4855 tres.
814 4824 824 4848 ι
884 4798 966 4866 edit,
983 4818 995 4844 ι
1012 4793 1141 4869 genitale
1162 4796 1269 4861 tamen,
1286 4793 1364 4856 etc.;
1389 4789 1517 4872 »obiter
1536 4791 1634 4871 aulem
1652 4787 1718 4843 ani-

100 4870 164 4927 va.
181 4870 251 4927 edit.
269 4888 303 4926 ae
318 4888 393 4927 mss.
410 4871 553 4940 nonnulli,
573 4892 584 4923 ι
603 4871 653 4943 qui
673 4871 827 4941 sylvestri·
884 4868 1036 4923 madverte
1052 4880 1139 4937 quam
1154 4866 1256 4934 aperte
1274 4864 1446 4933 pronuntiet
1465 4860 1501 4916 dc
1525 4860 1628 4915 Marias
1651 4861 1721 4931 pest

85 4942 170 4998 nmis.
189 4966 201 4991 a
219 4944 306 4999 Rom.
323 4944 441 5013 odit.,...
458 4943 582 5016 plumis·
602 4944 710 5013 optime
726 4942 827 4996 caeteri
884 4944 1000 5011 partum
1014 4936 1183 5008 integritate
1198 4936 1285 4990 etiam
1301 4947 1456 5003 corperea,
1473 4935 1502 4987 et
1517 4931 1640 4988 consulo
1651 4946 1719 5015 quae

98 5036 110 5061 ι
126 5015 178 5085 qui
194 5014 396 5086 sylvestribus
415 5016 543 5086 grumis.
566 5038 577 5062 i
596 5016 671 5069 Nein
686 5012 828 5085 quidquid
885 5026 941 5066 nos
954 5009 991 5065 ad
1008 5009 1059 5064 lib.
1078 5024 1098 5062 ιι
1112 5006 1142 5061 in
1161 5007 1231 5089 Luc.
1251 5020 1333 5060 num.
1349 5003 1393 5072 57,
1411 5019 1467 5059 nce
1487 5018 1547 5059 non
1570 5004 1606 5058 ad
1631 5006 1718 5074 epist.

85 5090 199 5140 ,ernest
232 5086 828 5156 rumusdicitur,undeipsemetilmlire·
884 5080 1017 5153 ιι,ιι.ι,
1035 5080 1273 5159 observavimus.
1499 5145 1536 5158 ..
1583 5146 1589 5157 .

87 5154 127 5211 ib.
142 5156 188 5212 De
230 5157 271 5211 lia
287 5162 317 5213 et
331 5156 429 5212 Je'iin.
442 5173 506 5227 rap.
522 5157 549 5222 6,
565 5174 645 5212 nuni.
658 5157 701 5225 l8,
714 5157 743 5210 in
755 5172 830 5211 eain·
921 5152 978 5223 (66)
994 5152 1080 5207 item.
1097 5150 1181 5218 edit,
1200 5171 1212 5198 ι
1229 5162 1317 5203 sacro
1334 5147 1630 5228 deterrentpepun103
1649 5168 1660 5196 i
1678 5160 1721 5202 re·

85 5228 249 5283 tentantium
264 5228 321 5284 ait:
341 5174 440 5283 κιιιιι
450 5230 581 5301 agrestis
593 5228 739 5302 grumulis
753 5244 829 5282 inen-
885 5225 974 5295 liquae
984 5238 1019 5305 ae
1029 5237 1117 5291 mss,
1131 5243 1142 5267 ι
1154 5235 1274 5302 saei-um
1286 5218 1612 5300 deterrentjaguniumj
1630 5240 1641 5265 ι
1659 5216 1721 5289 qui·

85 5299 214 5355 rorabat.
233 5324 244 5348 n
886 5298 963 5363 dam,
980 5292 1134 5361 different,
1150 5306 1269 5347 minime
1284 5290 1371 5358 male,
1388 5306 1457 5345 euni
1477 5290 1554 5345 idem
1574 5289 1623 5345 liic
1637 5291 1721 5343 essct

100 5368 190 5440 Edit,
209 5391 221 5422 ι
239 5371 267 5425 in
281 5372 311 5425 te
326 5370 427 5426 sobria
443 5370 582 5427 ebrietas.
601 5396 612 5420 ιι
885 5384 920 5423 ac
937 5364 1146 5438 producerent.
1167 5361 1287 5417 Theclae
1304 5377 1394 5432 porro
1410 5361 1587 5441 exemplum,
1599 5358 1678 5415 sicut
1691 5360 1721 5411 et

105 5440 177 5499 Cod.
193 5442 280 5516 Laet,
295 5442 378 5499 Gom.
395 5446 424 5498 et
442 5443 551 5516 Big.,«
573 5460 590 5498 a
610 5442 759 5513 veluptate
779 5443 828 5495 tua
886 5437 1023 5521 subjecta
1046 5435 1198 5519 ratiocinia
1216 5449 1303 5505 quam
1319 5433 1379 5488 sint
1398 5433 1558 5488 Ambrosie
1577 5446 1608 5485 in
1627 5442 1719 5483 caiisa

85 5528 130 5571 are
886 5510 977 5565 simili
998 5507 1170 5577 familiaria,
1192 5519 1446 5576 supervacaneum
1461 5506 1597 5575 putamus
1617 5499 1721 5555 adme·

85 5608 88 5631 ι
132 5536 308 5657 desedit,
327 5607 339 5639 a
358 5586 536 5661 virginitatis
559 5583 673 5660 gloria;
697 5599 828 5640 »omnes
885 5596 969 5638 nere.
1237 5648 1243 5660 ‚
1334 5647 1368 5659 Η
1510 5644 1537 5655 ..
1585 5641 1591 5655 ¹
1628 5641 1635 5654 ‚
1681 5640 1688 5653 ,

101 5678 114 5707 ι
128 5657 311 5732 virginitatis
325 5660 431 5742 gretip.
450 5680 462 5709 ι
489 5730 494 5741 ‚
661 5728 666 5739 Ι
921 5652 979 5725 (61)
993 5650 1069 5709 tiss.
1085 5665 1144 5708 non
1158 5665 1254 5721 pauci,
1278 5670 1290 5697 ι
1311 5646 1401 5705 dicit:
1425 5644 1568 5719 Consilio,
1583 5642 1637 5697 isti
1660 5640 1722 5703 die«

85 5760 87 5773 ι
104 5726 148 5787 lta
161 5744 237 5787 mss.
253 5744 347 5804 prope
361 5746 514 5803 universi;
536 5728 668 5787 nonnulli
687 5728 785 5785 tamen
800 5728 829 5786 at
885 5724 1083 5785 suadendum.
1101 5746 1113 5774 ι
