3900 6128
559 258 868 333 urlsroucuutt
896 260 1065 332 GLASSIS
1078 264 1103 328 l.
1629 256 1709 327 lm

83 492 96 533 ·.
107 490 161 547 xa,
179 473 240 546 28):
259 472 311 546 qui
322 473 401 530 enim
418 470 670 541 adbuelaborant,
687 448 855 526 nondum!
871 464 1091 523 resurrectione
1101 461 1284 521 mortuorum
1294 455 1510 537 primogenitus
1520 477 1560 520 ex
1576 460 1702 518 mortuis

83 559 816 636 dicuntiaquibus2ioriasseodhucsititChristus,
871 554 981 610 dicitur
998 552 1124 625 (Coloss.
1145 564 1165 624 l,
1195 548 1250 623 la).
1280 546 1423 608 Eumdem
1448 551 1513 624 ipse
1542 549 1704 622 Apostolus

96 654 204 724 esurit,
220 653 375 724 inquibus
390 651 487 707 nudus
503 652 570 720 est,
594 665 630 704 eo
652 649 731 720 quod
758 663 817 703 non
871 642 1017 715 primitias
1033 640 1214 715 significavit
1233 640 1355 696 dicens:
1375 663 1386 692 ι
1408 641 1440 696 ln
1459 639 1578 695 Christo
1600 654 1704 695 omues

83 746 124 801 ult
141 742 267 798 verbum
291 742 355 811 Dei,
372 757 431 796 non
446 740 568 795 induant
589 738 750 807 Christum,
766 736 817 808 qui
871 732 1077 802 vivificantur,
1100 730 1307 803 unusquisque
1331 733 1429 785 autem
1448 729 1479 784 in
1498 744 1554 784 suo
1573 727 1702 784 ordine:
1770 760 1773 765 ·

83 832 248 891 iumentum
259 832 452 900 credentium,
464 830 591 885 amicius
606 827 747 883 fidelium.
759 826 818 882 Sed
871 821 1008 892 primitiae
1024 818 1173 890 Christus,
1196 817 1302 875 deinde
1326 820 1346 873 ri
1361 818 1410 891 qui
1427 821 1497 874 sunt
1519 814 1639 886 Christi,
1655 816 1707 889 qui

84 922 240 994 inquibus
264 936 347 993 oeger
371 922 427 989 est,
452 919 549 974 adhue
573 917 719 973 medicina
744 915 818 970 indi·
872 909 1031 965 adventum
1050 908 1118 982 ejus
1139 906 1376 978 crediderunt(1
1393 903 1462 962 Cor.
1483 923 1533 978 xv,
1553 906 1599 977 99,
1618 905 1674 978 99).
1691 929 1704 955 ι

90 1015 121 1069 et
133 1011 199 1067 ideo
215 1011 347 1066 nondum
362 1008 472 1064 subditi
485 1025 493 1077 3
510 1006 659 1079 subjectio
668 1005 747 1062 enim
761 1005 819 1059 ista
872 997 984 1052 Eadem
998 998 1029 1053 in
1042 997 1093 1063 illc
1108 996 1244 1069 corporis
1260 994 1380 1068 veritas,
1396 1013 1463 1068 quae
1485 996 1515 1051 in
1530 995 1636 1051 nobis:
1652 993 1707 1051 sed

86 1104 169 1169 sest,
186 1115 246 1155 non
269 1098 466 1153 infirmitatis:
492 1096 619 1167 danique
634 1096 665 1150 in
691 1094 819 1150 sortibus
871 1090 969 1142 temen
988 1088 1017 1142 et
1044 1086 1262 1160 primogenitus
1288 1102 1326 1142 ex
1355 1086 1479 1142 mortuis
1499 1085 1616 1156 dicitur,
1637 1083 1706 1157 quia

84 1189 214 1247 batibus
237 1187 406 1243 mandatnm
430 1185 495 1256 Dei,
520 1184 677 1257 subjectus
701 1186 748 1240 est
763 1182 816 1238 Dei
871 1176 986 1248 primus
1001 1177 1186 1232 resurrexit:
1203 1179 1232 1231 et
1247 1175 1404 1248 primitie,
1420 1175 1488 1247 quia
1503 1174 1634 1231 sanctior
1648 1188 1707 1229 om·

84 1277 303 1334 ‚Nuneautem
326 1276 423 1349 magis
447 1275 536 1330 iniis
558 1273 671 1329 laborat
693 1271 817 1344 quinon
873 1263 962 1319 nibus
981 1262 1139 1334 fructibus,
1160 1263 1209 1336 qni
1229 1265 1317 1319 etiam
1337 1264 1463 1319 caeteros
1494 1261 1638 1318 consortii
1656 1259 1705 1317 sui

84 1367 165 1425 „gunt
178 1366 393 1435 10b0„n,ibu„‚
405 1380 493 1436 quam
502 1364 532 1420 pn
546 1363 607 1418 111„
617 1363 668 1434 qui
684 1361 819 1432 gibipffl.
872 1350 988 1409 tructus
998 1352 1204 1408 sanctiileavit.
1226 1352 1294 1423 lpse
1304 1353 1392 1408 etiam
1409 1351 1525 1408 initium
1535 1366 1638 1408 eorum
1653 1349 1705 1421 qui

86 1455 252 1513 measti,
269 1454 341 1509 Haec
356 1455 403 1509 ος)
416 1453 463 1525 pia
488 1451 690 1523 interpretatio
706 1453 734 1506 οι
747 1464 818 1505 vem
873 1441 910 1496 ad
928 1441 1098 1516 imaginem,
1116 1441 1202 1514 quasi
1218 1442 1317 1516 imago
1333 1441 1495 1497 invisibilis
1511 1440 1562 1496 Dei
1578 1437 1705 1511 (Galeas.

84 1544 183 1603 uanis
197 1544 314 1600 Domini
328 1543 412 1613 lesu,
429 1542 479 1613 qui
495 1542 562 1597 ideo
577 1556 611 1597 se
624 1538 775 1612 subjiciet,
787 1541 819 1595 ut
871 1546 892 1601 1,
910 1530 964 1602 iii),
985 1531 1017 1587 in
1035 1547 1094 1604 quo
1114 1529 1279 1586 secundum
1298 1530 1481 1586 divinitatem
1500 1528 1574 1586 nihil
1598 1543 1707 1601 eorpo-

84 1648 120 1691 ῃ,
134 1633 232 1691 omnig
246 1632 276 1688 in
291 1631 440 1688 omnibus,
871 1633 966 1690 reum,
989 1619 1063 1674 nihil
1086 1619 1266 1690 temporale,
1291 1620 1361 1691 quia
1376 1618 1519 1691 splendor
1539 1619 1585 1674 est
1600 1615 1706 1690 gloria

84 1720 208 1781 Sensum
239 1720 444 1792 Apostolicum
477 1718 704 1789 percurrimus:
739 1731 819 1772 nunc
871 1709 1013 1779 paternae,
1034 1708 1180 1780 atiniago
1200 1707 1377 1764 substantiae
1401 1706 1469 1779 ejus
1493 1706 1601 1777 (Hebr.
1627 1723 1647 1778 r,
1666 1704 1706 1777 9).

84 1810 209 1871 lerenius
221 1811 272 1882 qui
282 1812 352 1865 sunt
362 1809 508 1880 primitias
523 1808 652 1879 Spiritus
672 1805 817 1863 hebentes
833 1796 1073 1889 Bl'roduximus
1083 1811 1253 1852 sermonem
1268 1795 1471 1868 epistolarum,
1489 1794 1707 1852 dumvolumus

87 1915 152 1970 ποι,
161 1900 218 1971 99).
230 1898 266 1954 Et
274 1899 342 1954 ideo
350 1898 448 1969 legem
462 1898 683 1969 interrogemus
699 1894 825 1968 quidsit
872 1885 943 1956 quid
953 1885 1014 1940 Sint
1028 1885 1165 1957 primiiiae
1181 1884 1363 1958 fignificat&

84 1988 277 2063 „imapum
300 1987 348 2043 ιθ]
372 1986 447 2041 inpii
471 1986 589 2041 nomine
610 1983 816 2040 declaraverit,
908 1971 952 2029 ia.
963 1972 1103 2030 Primitiae
1114 1989 1186 2046 ergo
1209 1976 1320 2030 nostre
1338 1972 1475 2046 apostoli,
1493 1972 1579 2029 electi
1593 1987 1633 2029 ax
1647 1987 1709 2029 om·

84 2092 128 2151 g,
139 2077 246 2150 inquii,
267 2091 369 2132 ,m
386 2075 509 2130 eugeus
530 2075 571 2130 aui
588 2089 648 2131 „011
665 2072 818 2128 fraudabis
872 2062 1130 2137 nibusproeseniis
1149 2062 1208 2133 (98)
1228 2062 1344 2117 seilicet
1358 2066 1427 2118 tunc
1446 2061 1589 2132 temporis
1604 2060 1708 2118 irueti·

86 2206 96 2223 .
115 2182 189 2237 xxu,
207 2165 272 2237 29)ss
292 2189 304 2212 ι
329 2168 357 2220 et
373 2162 467 2219 intra:
494 2186 505 2211 ι
527 2163 610 2218 Initia
624 2162 819 2234 primitiarum
871 2149 939 2206 bus.
955 2150 1066 2223 quibus
1085 2150 1197 2206 dictum
1217 2154 1283 2206 est:
1307 2149 1372 2205 «Et
1390 2149 1505 2223 maiora
1524 2147 1572 2205 his
1591 2146 1707 2206 iacietis

84 2254 230 2311 „inseres
252 2255 282 2308 ιη
304 2254 421 2309 dmum
447 2252 565 2308 omnini
580 2250 634 2307 nei
651 2251 694 2306 tui
709 2249 819 2321 (Εχοα,
871 2238 966 2309 (ioan.
983 2255 1044 2312 xiv,
1061 2237 1127 2309 la):
1146 2260 1156 2287 ι
1176 2238 1251 2293 indit
1270 2238 1398 2295 enimse
1417 2239 1515 2294 ineos
1531 2238 1626 2313 gratia
1641 2236 1706 2295 Dei.

84 2368 88 2391 ,
110 2324 168 2397 26).
196 2346 208 2376 ι
233 2325 306 2380 Aliae
331 2327 401 2380 sunt
423 2323 570 2396 primitie,
593 2322 659 2378 alim
675 2320 818 2378 decimae:
872 2328 934 2399 Isti,
950 2328 1080 2401 inquam,
1096 2327 1344 2400 ingemiscebant,
1361 2329 1570 2399 exspectantes
1593 2326 1709 2383 redem-

85 2411 256 2487 somniaris
267 2414 382 2486 gratim,
394 2411 638 2467 sanctificationis
656 2411 820 2467 observan-
872 2417 1104 2489 ptionemtotiue
1115 2415 1626 2489 corporis,etedhucingemiscunt,
1637 2417 1708 2489 quia

85 2519 123 2562 ο.
136 2503 216 2575 ⁴Ideo
242 2503 351 2575 placuit
374 2502 460 2572 Abel,
485 2502 554 2573 qnia
578 2516 638 2557 non
662 2502 709 2557 est
732 2514 820 2555 suum
872 2506 1031 2562 multorum
1040 2509 1088 2562 est
1097 2506 1191 2575 labor,
1203 2504 1254 2576 qui
1271 2504 1368 2561 adhuc
1388 2505 1538 2562 iluctuent.
1555 2505 1593 2560 Ut
1608 2506 1636 2561 si
1650 2506 1706 2560 ali-

85 2596 252 2663 tmoratuS,
278 2592 329 2664 qui
353 2591 388 2645 de
411 2589 571 2663 primitivis
594 2590 694 2645 ovium
716 2587 821 2644 Obtulit
872 2596 941 2666 quis
953 2594 1153 2668 adeuperiore
1166 2609 1200 2650 se
1218 2593 1482 2650 littorisaubsiatat
1499 2593 1557 2668 (99)
1575 2594 1707 2651 atadbue

89 2698 131 2755 rr,
145 2682 185 2753 t).
197 2682 281 2737 Licet
294 2677 385 2753 aliqui
398 2679 569 2735 distantiam
585 2678 676 2734 velint
691 2692 761 2734 esse
776 2677 820 2732 in·
872 2685 970 2741 medio
999 2699 1124 2757 corpore
1144 2683 1276 2740 cedatur
1302 2682 1459 2754 fluctibus,
1481 2683 1651 2757 ingemiscit
1677 2686 1707 2741 et

85 2770 200 2827 initias
222 2773 250 2825 et
273 2769 481 2841 primogenite,
506 2768 537 2823 id
561 2770 617 2838 est,
640 2783 707 2840 quae
722 2767 819 2838 primo
873 2774 1075 2845 comparturit,
1096 2774 1192 2829 donee
1212 2774 1291 2828 totus
1311 2772 1425 2829 evadat.
1456 2772 1628 2846 ingemiscit
1646 2771 1706 2829 uti·

85 2863 169 2918 ntur:
186 2876 221 2916 eo
236 2859 316 2932 quod
331 2859 465 2915 collectis
487 2857 663 2927 seminibus,
681 2857 768 2929 quasi
782 2871 819 2912 ex
872 2878 940 2936 que,
961 2863 1013 2936 qui
1030 2861 1128 2919 adhuc
1148 2860 1236 2919 nobis
1256 2861 1343 2918 dicit:
1366 2860 1467 2928 «Quis
1486 2862 1661 2936 infirmatur,
1677 2863 1706 2920 et

85 2964 127 3007 ius
152 2949 236 3004 initia
257 2946 419 3004 offerantur
436 2962 532 3003 areae:
555 2950 654 3002 tamen
669 2945 705 3001 de
720 2960 821 3002 mesae
872 2967 930 3025 ⁰80
946 2952 1154 3010 noninilrmcr
1168 2947 1420 3024 (1100r.xr,29)?
1437 2972 1449 3002 ι

89 3038 218 3112 primum
241 3038 368 3109 tollitur,
394 3032 424 3091 id
450 3035 572 3092 offertur
587 3026 660 3092 927
677 3035 820 3106 Domino;
908 3038 952 3097 la.
964 3040 1031 3100 Nou
1042 3057 1115 3114 ergo
1126 3057 1182 3099 nos
1198 3043 1323 3112 moveat,
1340 3040 1420 3113 quod
1434 3041 1473 3095 ita
1489 3040 1633 3113 seriptum
1644 3044 1715 3098 estc·

85 3142 94 3185 a
116 3127 174 3185 hoe
194 3127 268 3183 alias
291 3127 359 3199 (97).
384 3125 568 3182 Sauetiticari
592 3127 690 3181 auiam
704 3123 821 3180 videtur
875 3153 886 3179 ι
907 3130 963 3197 Qui
980 3130 1126 3202 primitias
1145 3129 1274 3201 Spiritus
1294 3129 1455 3202 hebentes,
1477 3130 1536 3202 ipsi
1554 3131 1629 3187 intre
1649 3147 1706 3187 nos

85 3214 181 3273 iarum
207 3232 328 3272 munere
352 3219 412 3272 tota
434 3231 512 3272 areae
530 3215 652 3287 messis,
674 3214 729 3270 sed
744 3213 819 3286 ipsae
872 3220 1110 3295 ingemiscimus,
1130 3218 1319 3290 adoptionem
1337 3217 1466 3275 illiorum
1485 3222 1704 3292 exspectantes,

85 3320 153 3365 eres
168 3307 305 3379 primitiae
321 3308 399 3361 sunt.
872 3308 1104 3379 redemptionem
1127 3307 1262 3381 corporis
1286 3307 1380 3363 nostri
1404 3306 1498 3379 (liam.
1515 3323 1577 3381 aru,
1602 3306 1668 3380 99);
1690 3328 1703 3360 ι

88 3392 231 3453 Similiter
249 3397 345 3451 sancti
360 3394 497 3467 primitiae
512 3396 582 3450 sunt
596 3394 723 3466 Domini,
739 3409 819 3465 proe·
872 3399 1069 3456 sensusenim
1081 3401 1203 3469 apertus
1218 3398 1318 3469 est,eo
1329 3396 1408 3470 quod
1422 3396 1567 3468 primitias
1578 3397 1706 3469 Spiritus

94 3483 242 3559 apostoli3
267 3484 394 3557 primum
417 3485 494 3541 anim
510 3485 590 3542 Deus
606 3486 706 3556 posuit
720 3487 750 3541 in
765 3486 821 3542 Ee·
873 3486 1017 3545 babentes
1028 3486 1238 3562 ingemiscunt,
1250 3486 1438 3558 adoptionem
1455 3485 1583 3542 illiorum
1599 3502 1706 3558 exspe·

99 3574 255 3648 apostolos
274 3574 303 3644 (Ι
318 3573 386 3630 Gor.
403 3589 454 3645 ιιιι,
470 3572 527 3647 98),
552 3577 604 3648 qui
624 3578 654 3632 et
676 3575 818 3649 pleraque
874 3580 1080 3649 euntemque
1088 3575 1206 3648 adoptio
1217 3574 1355 3647 illiorum,
1366 3572 1528 3647 redemptio
1539 3574 1628 3631 totius
1640 3590 1706 3633 cor·

85 3668 208 3737 aurunt,
230 3665 259 3719 et
270 3665 511 3738 evangelizarunt
530 3664 687 3722 Dominum
697 3665 819 3737 lesum3
870 3667 953 3740 poris
968 3669 1024 3738 est,
1039 3665 1158 3738 quando
1173 3661 1248 3720 iacis
1262 3664 1300 3719 ad
1315 3660 1421 3719 faciem
1443 3659 1530 3736 quasi
1545 3660 1598 3720 Dei
1621 3664 1702 3722 illius

85 3753 157 3811 ainai
170 3757 348 3825 receperunt
367 3769 445 3810 eum.
467 3754 591 3825 Recepit
609 3770 677 3811 eum
699 3754 820 3813 Simeon
871 3771 926 3828 per
939 3753 1126 3828 adoptionem
1142 3751 1254 3811 videbit
1269 3752 1342 3809 illud
1363 3752 1497 3809 divinum
1511 3756 1541 3809 et
1564 3756 1707 3810 aeternum

85 3846 129 3901 ete
141 3842 225 3914 (Luc.
240 3860 271 3910 ιι,
287 3842 343 3915 28),
363 3843 523 3900 boherias
537 3844 681 3917 propbeta
696 3845 779 3915 (Luc.
794 3863 815 3919 ι,
871 3835 999 3913 1ιῦῐῇἶὲιῖ
1010 3836 1057 3901 οε)
1067 3835 1275 3916 enini'adoptio
1295 3842 1424 3899 illiorum
1434 3843 1465 3898 in
1482 3842 1618 3900 Ecclesia
1632 3835 1707 3903 928

86 3933 105 4007 i,
127 3931 262 3990 ioannes
284 3933 364 3988 illius
387 3933 455 4006 ejus
479 3933 573 4005 (ioan.
597 3951 640 4006 nr,
655 3932 694 4007 9),
710 3935 820 3992 Natha·
872 3932 1001 4007 Domini,
1028 3933 1146 4008 quando
1175 3932 1281 3989 elamat
1308 3931 1447 4004 Spiritus,
1479 3933 1597 3989 «Abba
1622 3937 1706 4006 peter

86 4037 178 4095 nque
193 4021 280 4077 dolus
290 4023 423 4077 nouerat
434 4020 529 4092 (ioca.
541 4039 561 4095 r,
576 4022 631 4094 ti),
646 4026 675 4079 et
684 4025 752 4082 ideo
763 4026 821 4081 sub
873 4023 951 4097 (Gal.
962 4024 1059 4097 rv,e);
1077 4047 1088 4073 ι
1106 4024 1185 4080 sieut
1202 4022 1298 4078 habes
1312 4021 1349 4077 ad
1371 4020 1501 4079 Galatas.
1513 4021 1571 4079 Sed
1586 4022 1637 4078 illa
1651 4025 1707 4080 errt

86 4111 293 4185 eqnieseebat:
319 4110 443 4183 loseph,
459 4112 510 4183 qui
531 4111 684 4168 dicebatur
704 4114 818 4188 justus,
873 4114 1015 4188 perlecta,
1027 4110 1145 4187 quando
1154 4110 1464 4185 resurgentomnesin
1473 4112 1705 4186 incorruptione,

86 4201 192 4275 polivit
207 4216 275 4256 eum
289 4201 370 4270 (Luc.
393 4217 477 4271 xxur,
493 4201 550 4271 53).
568 4201 621 4257 lsti
635 4207 704 4259 sunt
720 4205 820 4277 primi·
873 4202 998 4275 honore,
1013 4201 1120 4277 glorie,
1138 4201 1190 4275 qui
1203 4203 1372 4258 mereantur
1386 4199 1440 4257 Dei
1464 4197 1570 4256 faciem
1583 4201 1705 4273 videre,

86 4290 121 4348 tei
134 4292 267 4361 nostrae,
284 4290 337 4346 sed
353 4293 451 4345 tamen
466 4290 569 4347 eadem
584 4298 759 4351 caeterorum
769 4313 820 4353 na·
874 4296 944 4350 tune
959 4292 1039 4349 enim
1061 4307 1132 4348 vere
1155 4291 1337 4363 redemptam
1352 4305 1386 4346 se
1410 4289 1538 4345 humana
1560 4288 1707 4362 iudicabit

86 4380 225 4452 ominum,
240 4395 306 4452 quaa
321 4379 526 4451 primitiarum,
542 4381 611 4437 licat
625 4383 655 4437 in
670 4384 820 4457 aliquibus
875 4380 1015 4441 conditio.
1032 4381 1117 4438 Unde
1132 4379 1294 4451 Apostolus
1309 4377 1454 4451 gloriatur
1467 4377 1587 4434 dicens:
1606 4399 1617 4427 ι
1632 4376 1708 4443 Quia

97 4471 210 4545 gratia:
239 4470 379 4525 «Potens
403 4470 543 4526 estenim
567 4471 647 4528 Deus
662 4489 699 4529 ex
714 4474 820 4546 lapidi·
875 4489 929 4546 spe
957 4471 1033 4529 salvi
1058 4470 1127 4526 iacti
1156 4483 1261 4525 sumus
1289 4467 1384 4539 (Horu.
1404 4482 1465 4533 aur,
1494 4466 1549 4539 al).
1572 4488 1583 4514 ι
1605 4465 1706 4521 Salaat

86 4557 140 4615 iios
154 4557 283 4615 Abrahae
299 4559 429 4613 excitare
444 4559 563 4629 (iliattlr.
581 4578 623 4632 ru,
637 4562 677 4632 9).
695 4583 707 4612 ι
836 4552 955 4621 Derim
969 4576 1052 4634 spes,
1068 4559 1146 4616 sicut
1161 4560 1190 4614 et
1204 4558 1290 4628 tides,
1313 4555 1350 4610 de
1365 4571 1423 4627 qua
1445 4553 1570 4611 dicitur:
1588 4575 1602 4605 ιι
1617 4552 1707 4611 Fides

89 4647 135 4705 Far
147 4647 202 4704 tibi
221 4648 388 4719 exemplum
405 4647 441 4703 dc
460 4647 527 4720 ipso
549 4649 674 4707 Domino
689 4652 773 4709 iesu.
788 4654 821 4710 ln
876 4656 925 4709 tua
939 4654 969 4708 te
983 4650 1099 4707 salvum
1114 4647 1184 4704 iecit
1197 4647 1279 4717 (Luc.
1289 4660 1371 4715 xvur,
1382 4643 1463 4714 ae).-

101 4791 135 4848 ln
156 4792 291 4864 margine
315 4792 401 4848 Rom.
426 4792 495 4848 edit.
517 4794 711 4851 adnotabatur
734 4797 786 4853 lib.
801 4814 822 4853 ιι
875 4796 958 4853 initia
971 4795 1068 4851 accat.
1091 4790 1155 4846 Hoc
1179 4802 1296 4862 quoque
1311 4786 1402 4859 adjici
1424 4787 1531 4858 potest,
1549 4786 1707 4845 initiatum

86 4863 119 4919 r'n
129 4867 159 4920 at
180 4862 267 4933 Abel,
278 4879 342 4945 cap.
356 4864 368 4918 i
382 4867 410 4919 et
427 4880 531 4921 revera
555 4866 597 4921 ibi
621 4883 701 4923 num.
717 4868 735 4923 9
750 4872 779 4924 et
793 4870 819 4939 a,
875 4863 1114 4940 proprievocari,
1126 4861 1195 4933 quia
1207 4860 1267 4915 Deo
1276 4859 1387 4913 initiata
1397 4859 1458 4913 sint
1472 4861 1501 4914 et
1515 4863 1704 4932 consecrata3

86 4934 132 4991 dle
147 4934 184 4991 de
199 4935 337 5007 primitiis
361 4938 389 4990 ai
412 4951 448 4991 ua
463 4936 556 4991 initiis
577 4939 702 5009 mystica
717 4939 821 5010 dispu-
877 4941 922 4994 sic
958 4936 1082 4991 rimitias
1106 4947 1175 4990 esse
1197 4931 1227 4986 in
1242 4929 1444 5001 concipiendis
1468 4930 1557 5002 votis,
1578 4931 1660 4987 initia
1675 4933 1706 4989 in

86 5030 97 5063 ’.
112 5005 208 5089 Nobis
225 5010 320 5061 tamen
335 4952 507 5063 creciibilius
521 5011 567 5064 est
583 5009 738 5066 Doctorem
752 5027 822 5066 nos·
876 4954 1046 5067 rediendis.
1063 5005 1135 5062 ilaec
1148 5003 1208 5086 ille.

86 5076 265 5134 ilorontrano
281 5078 328 5133 bic
344 5077 479 5149 polliceri
493 5095 527 5135 se
542 5079 640 5136 insius
664 5081 702 5136 nli
726 5083 822 5138 uandc
911 5081 969 5152 (98)
989 5079 1074 5136 Rom.
1091 5076 1160 5133 edit.
1176 5075 1246 5130 lunc
1261 5073 1410 5129 exemerat
1423 5087 1527 5129 aecem
1546 5095 1557 5121 ι
1574 5089 1708 5146 praesen·

86 5164 147 5205 ere
161 5149 198 5204 ad
213 5165 281 5204 eum
295 5150 545 5222 conscripturum,
562 5167 650 5223 quam
669 5098 774 5210 eoiiam
788 5154 822 5210 il·
876 5154 925 5223 tis,
945 5175 957 5200 ι
973 5166 1041 5223 quae
1051 5149 1120 5205 etin
1130 5145 1257 5215 caeteris,
1269 5148 1356 5226 atque
1366 5145 1397 5198 in
1407 5159 1482 5215 ress,
1502 5147 1640 5202 omnibus
1658 5162 1709 5203 oce

86 5220 225 5277 emittere.
248 5220 428 5276 Sententiam
453 5238 540 5292 porro
561 5223 652 5296 liujus
675 5224 734 5280 leci
748 5228 821 5280 Am·
876 5215 1708 5294 currit,necsensuiomninoardeturinutilis.Dietiooem

86 5292 125 5348 ui
142 5291 278 5347 Nunnius
296 5296 413 5347 enarrat
435 5292 466 5349 in
480 5308 559 5349 nunc
583 5296 711 5351 modum.
737 5295 821 5353 Hane
875 5310 968 5351 veroa
980 5292 1117 5349 scilicet·
1131 5287 1316 5370 eproecipuis
1332 5287 1398 5343 eod.
1417 5285 1487 5343 huic
1502 5287 1708 5361 adiunximus.

87 5363 186 5420 iniiam
200 5363 232 5418 S.
256 5363 435 5419 Ambrosius
461 5365 530 5420 iacit
543 5365 620 5421 inter
634 5368 779 5438 primitias
794 5370 823 5425 et
910 5366 967 5437 (99)
988 5364 1098 5420 uadem
1114 5362 1200 5419 Rom.
1215 5360 1298 5429 edit,
1316 5382 1327 5408 ι
1346 5358 1423 5415 Etsi
1437 5359 1597 5430 aliquised
1618 5374 1707 5429 supe·

96 5435 180 5507 qnod
193 5434 332 5516 primitia
357 5437 418 5490 sint
439 5450 477 5491 ex
491 5451 601 5508 messe,
618 5437 699 5494 initia
720 5454 757 5494 ex
768 5440 822 5495 tm·-
875 5437 954 5493 riora
974 5451 1009 5492 ae
1027 5434 1174 5506 subrigat,
1197 5431 1292 5487 aeliae
1311 5446 1346 5486 ac
1366 5447 1440 5486 mss.
1463 5430 1527 5484 uEt
1541 5431 1584 5500 si,
1601 5452 1612 5479 ι
1629 5443 1705 5486 mss.

88 5506 228 5579 primitiae
240 5521 307 5561 eum
323 5505 424 5562 aristis
442 5508 512 5577 sint,
523 5507 605 5563 initia
619 5525 693 5580 puro
709 5511 823 5567 semiue
875 5524 935 5566 non
950 5506 1037 5581 pauci
1049 5505 1167 5562 melius.
1185 5503 1247 5558 «Ut
1260 5502 1288 5558 ai
1302 5502 1445 5575 aliquis...
1461 5500 1640 5570 subsistat»
1657 5497 1709 5554 Al·

87 5578 147 5635 int:
163 5577 244 5651 quod
265 5577 393 5650 primum
417 5579 545 5648 metitur,
564 5580 722 5651 primitia:
743 5581 824 5666 quod
875 5581 937 5638 bin.
964 5578 1032 5637 cod.
1057 5599 1070 5627 ι
1087 5574 1235 5646 sustollet,
1254 5595 1265 5624 ι
1291 5574 1319 5630 si
1340 5573 1389 5632 vel
1404 5588 1463 5630 uno
1478 5571 1537 5629 elio
1551 5570 1708 5637 iulciretur

88 5664 120 5711 re
137 5663 270 5711 excusso
297 5647 444 5711 frumento
472 5667 512 5711 ex
530 5650 633 5717 tritura
661 5652 822 5733 colligitur,
872 5651 944 5733 iure
957 5648 1076 5715 ceorla
1089 5646 1306 5729 proterendos.
